3850 5917
404 701 444 760 82
779 700 958 780 Reqistrum
985 701 1051 763 Ado
1077 701 1115 764 dc
1144 703 1269 764 Orletcrr

233 935 290 974 Μ).
306 934 360 974 ¹³¹⁸·
403 924 510 985 debito
538 926 743 1003 procedentes
774 926 892 986 clerum
924 933 956 987 et
984 927 1136 1006 populum
1166 934 1271 988 nostre
1300 927 1436 988 diocesis
1464 929 1646 1007 supradicte

403 1053 504 1110 nuper
525 1033 767 1105 visitaverimus,
793 1033 833 1092 sd
857 1033 1104 1104 relormendum,
1130 1034 1360 1114 corrigendum,
1392 1043 1424 1094 et
1449 1036 1644 1114 puniendum

404 1137 601 1199 subditorum
622 1146 799 1200 nostrornm
821 1159 979 1211 excessus,
1001 1139 1144 1210 crimine,
1168 1149 1201 1200 et
1230 1140 1384 1212 delectus,
1404 1141 1437 1200 in
1460 1141 1645 1202 visitacione

403 1256 514 1303 nostra
541 1250 690 1323 repertos,
716 1264 839 1305 necnon
865 1246 904 1305 ad
929 1256 1036 1306 cetera
1063 1245 1171 1306 omnia
1199 1251 1231 1306 st
1258 1247 1383 1324 singule
1411 1245 1556 1307 iacienda
1584 1267 1646 1327 que

404 1350 513 1409 linium
532 1350 738 1411 correccionis
757 1361 942 1430 exposcunt,
964 1350 1052 1411 vobis
1071 1350 1300 1411 committimus
1320 1351 1404 1412 vices
1427 1360 1563 1422 nostras,
1582 1361 1633 1412 etc

404 1458 525 1517 Datum
557 1456 641 1535 apud
674 1459 814 1535 Sugwes,
848 1457 905 1535 xij⁰
931 1457 982 1517 die
1012 1457 1131 1517 mensis
1164 1455 1362 1530 Novembris,
1396 1477 1481 1518 anno
1515 1457 1644 1517 Domini

404 1562 571 1622 millesimo
599 1562 788 1642 cccuviije
812 1573 873 1623 etc.

403 1787 651 1878 Noo.12.ss-The
672 1816 791 1896 Bishop
811 1816 885 1876 cites
907 1816 956 1877 the
975 1815 1066 1877 Vicar
1079 1817 1115 1896 os
1130 1815 1260 1895 Lydney
1274 1817 1338 1877 aud
1359 1817 1458 1879 others
1475 1825 1504 1880 to
1520 1818 1638 1899 juetisy

527 1897 607 1958 their
632 1897 783 1958 retention
809 1898 844 1977 of
870 1897 990 1958 certain
1019 1896 1174 1968 churclrcs,
1202 1896 1358 1977 peruium,
1389 1899 1453 1960 arrd
1483 1899 1575 1960 tillus
1603 1901 1641 1960 irc

527 1979 575 2039 the
603 1979 710 2040 Forcst
738 1978 889 2056 Dccnery.

487 2133 668 2194 Gommrssro
689 2151 732 2192 sn
752 2150 922 2194 urrunnun
946 2151 1100 2202 Qnssnsu
1121 2151 1284 2194 ressonis
1316 2152 1493 2196 occssmnrc
1526 2154 1644 2197 vrsrrn-

404 2259 511 2301 o1orus
542 2240 811 2311 suoru-Adam,
843 2249 914 2310 etc,
956 2239 1084 2300 domino
1116 2240 1256 2318 Hugoni,
1286 2241 1402 2303 vicerio
1435 2243 1566 2303 ecclesie
1604 2243 1644 2302 rie

404 2349 583 2428 Lydeneye,
609 2348 731 2408 deceno
755 2346 795 2407 de
820 2347 961 2417 Foreste,
989 2347 1137 2418 salutem,
1162 2356 1222 2407 etc.
1277 2348 1358 2408 <lum
1381 2367 1440 2408 nos
1468 2348 1587 2408 clerum
1611 2359 1645 2407 et

404 2455 554 2534 populum
576 2453 747 2514 decanatus
772 2451 810 2511 de
835 2451 967 2512 Foresta
991 2462 1098 2512 nostre
1119 2452 1253 2512 diocesis
1277 2472 1377 2533 nuper
1400 2452 1644 2524 visitaverimus,

404 2581 442 2622 ex
475 2560 568 2620 officii
606 2559 706 2619 nostri
742 2557 848 2618 debito
883 2557 1101 2636 procedentes,
1141 2568 1173 2619 et
1212 2559 1358 2620 dominos
1393 2558 1575 2620 Johannem
1605 2561 1645 2620 de

405 2667 574 2746 Lynwode,
594 2667 761 2726 Rectorem
782 2664 912 2724 ecclesie
933 2664 972 2723 de
992 2665 1200 2736 Nevvenhem
1227 2665 1416 2726 Nicboleum
1440 2667 1480 2726 de
1504 2667 1644 2745 Thyber·

404 2781 488 2844 tone,
505 2773 655 2834 vicarium
672 2771 803 2832 ecclesie
822 2772 861 2830 de
885 2771 1084 2849 Longehope,
1102 2771 1296 2832 Willelmnm
1319 2772 1458 2844 Golcire,
1474 2773 1641 2834 Rectorem

404 2879 534 2940 ecclesie
569 2877 608 2938 de
647 2878 739 2947 Aure,
776 2877 978 2948 Nicholuum,
1016 2877 1168 2937 vicarium
1203 2877 1334 2937 ecclesie
1369 2879 1408 2938 de
1442 2879 1641 2948 Tudenheur,

405 2985 588 3054 Robertum,
611 2983 776 3042 Rectorem
799 2981 929 3042 ecclesie
950 2983 989 3042 de
1004 2980 1167 3053 Lancsnd,
1191 2983 1361 3060 Georgium
1383 2983 1542 3063 Crycetot,
1566 2985 1643 3044 Rec-

405 3101 505 3154 torem
534 3091 663 3151 ecclesie
692 3089 732 3150 ds
770 3087 1021 3159 Bromsberuvve,
1053 3100 1085 3148 et
1124 3109 1190 3159 vos,
1219 3089 1372 3148 vicarium
1401 3089 1440 3149 de
1469 3090 1641 3171 Lideneye,

405 3199 627 3276 religiososque
654 3195 737 3255 viros
767 3193 922 3254 Abbetem
951 3202 984 3254 et
1009 3194 1208 3255 conventum
1235 3192 1274 3253 de
1295 3194 1469 3266 cormeliis,
1492 3197 1644 3256 ecclesias

405 3305 444 3365 de
466 3304 611 3374 Nevvent,
636 3300 825 3380 Dymmolre,
848 3306 880 3359 et
903 3298 1097 3376 Peunteleye
1121 3299 1155 3357 in
1182 3299 1324 3377 proprios
1352 3318 1429 3359 usus
1450 3299 1642 3372 obtinentes,

404 3411 587 3489 pensionem
616 3425 753 3468 annuum
784 3420 857 3466 octo
893 3403 1065 3465 solidorum
1099 3405 1139 3465 de
1170 3404 1316 3464 Prioretu
1348 3404 1387 3464 de
1420 3405 1642 3476 Munemuthn,

315 3543 323 3564 ·
404 3527 437 3575 et
461 3513 645 3592 pensionem
674 3511 807 3571 duorum
835 3509 1007 3570 solidorum
1035 3509 1075 3569 de
1107 3509 1241 3569 ecclesie
1270 3510 1309 3568 de
1337 3509 1502 3588 Tsyntone
1531 3523 1643 3571 contra

404 3621 455 3699 jus
483 3637 650 3679 commune
677 3616 896 3695 percipientes,
926 3615 1080 3675 Abbatem
1109 3625 1141 3675 et
1171 3615 1369 3675 Conventum
1399 3615 1438 3676 de
1470 3617 1642 3695 Tynterne,

405 3725 554 3785 ecclesias
579 3723 618 3784 de
644 3722 827 3782 Wolustoue
852 3729 884 3780 et
910 3721 1098 3800 Alvvyntone
1123 3722 1155 3778 in
1184 3721 1327 3799 proprios
1350 3739 1429 3780 usus
1449 3723 1642 3799 optinentes,

405 3831 545 3889 Priorem
574 3837 606 3890 et
634 3829 833 3889 Conventum
858 3826 990 3906 Majoris
1020 3826 1194 3887 Malvernie
1218 3825 1357 3887 decimes
1381 3828 1536 3906 parcieles
1560 3828 1644 3889 inira

405 3935 588 4015 parochiam
603 3933 642 3993 de
660 3933 895 3993 Bremesberwe
912 3938 1023 3992 contre
1041 3932 1093 4011 jus
1107 3951 1275 3992 commune
1292 3933 1512 4010 percipientes,
1529 3937 1642 4014 magis-

406 4053 490 4100 trum
521 4039 697 4117 Hospitalis
719 4037 757 4097 de
779 4038 945 4116 Ledebury
970 4038 1136 4098 ecclesiam
1157 4037 1197 4097 de
1226 4037 1419 4117 Kempeleye
1443 4039 1476 4098 in
1501 4041 1644 4119 proprios

406 4167 484 4206 usus
508 4147 716 4225 optinentem,
745 4145 882 4203 Priorem
905 4152 936 4204 et
959 4143 1158 4205 Conventum
1184 4145 1222 4204 de
1249 4145 1478 4223 Chappestowe
1503 4147 1644 4207 decimes

405 4253 558 4333 perciales
586 4251 667 4310 inire.
691 4251 872 4329 parochiam
903 4251 1033 4310 ecclesie
1054 4251 1093 4310 de
1120 4249 1309 4318 Tndenhem
1338 4256 1450 4310 contra
1477 4250 1529 4328 jus
1557 4272 1641 4313 com-

406 4379 500 4418 mune
525 4359 732 4436 percipientes
753 4357 976 4428 invenerimus,
1002 4355 1161 4437 nichilque
1187 4375 1243 4434 pro
1262 4357 1331 4435 jure
1352 4376 1411 4417 suo
1434 4357 1467 4417 in
1489 4360 1641 4429 ecclesiis,

404 4463 618 4544 pensionibus,
647 4474 679 4523 et
708 4462 837 4523 decimis
866 4464 1055 4542 supradictis
1082 4464 1115 4522 in
1140 4463 1324 4523 visitacioue
1351 4469 1460 4523 nostru
1482 4465 1641 4526 exhibuis-

407 4579 488 4642 sent,
512 4590 568 4630 nec
591 4589 645 4629 vos
666 4589 723 4649 pro
743 4569 812 4646 jure
827 4577 931 4630 vestro
946 4569 1181 4640 exhibuissetis,
1205 4579 1314 4630 tenore
1334 4568 1531 4647 presencium
1553 4573 1643 4632 vobis

405 4677 643 4746 committimus,
673 4681 705 4734 et
734 4674 931 4746 mundemus,
956 4675 988 4734 in
1015 4676 1133 4734 virtute
1164 4673 1344 4735 obediencie
1375 4673 1508 4736 firmiter
1539 4677 1643 4754 injun-

405 4795 524 4860 gentes,
558 4780 706 4858 quatinus
738 4779 842 4839 citetis
872 4799 928 4839 seu
959 4779 1050 4839 citari
1082 4779 1205 4839 iacietis
1233 4779 1444 4857 peremptorie
1472 4799 1582 4843 omnes
1610 4793 1644 4842 et

405 4887 545 4964 singulos
573 4885 781 4963 supradictos,
819 4885 904 4964 quod
939 4895 1146 4964 compareant
1174 4904 1231 4964 per
1265 4903 1300 4945 se
1338 4885 1388 4944 vel
1424 4894 1642 4963 procuratores

406 4993 595 5053 sufficienter
613 4992 783 5052 instructos
805 5011 909 5052 corum
932 4993 1024 5053 nobis
1041 4993 1089 5053 vel
1106 4991 1323 5052 commissario
1338 4998 1448 5052 nostro
1470 4992 1503 5052 in
1522 4996 1641 5072 muj0re

404 5099 538 5160 ecclesie
574 5097 799 5156 Herciordensi
843 5097 892 5157 die
934 5097 1047 5157 Martis
1088 5097 1233 5177 proxima
1274 5103 1347 5175 post
1382 5094 1499 5157 festum
1540 5101 1642 5160 sancti
