3850 5917
687 699 837 779 Episcopi
864 699 1107 780 Hcrcsordcnsis.
1476 699 1518 759 85

135 954 179 994 tn·
192 955 239 994 ¹³¹⁸·
277 948 354 1009 Noc.
380 948 615 1010 16.-Riohord
639 949 676 1010 do
702 949 876 1020 Sidecbolc,
904 949 1111 1028 Commissum
1138 951 1279 1020 (iamai,
1310 949 1439 1028 certifico
1466 950 1516 1010 tbc

99 1069 100 1076 ,
399 1029 610 1191 ssbsspopetlffl
627 1030 739 1172 dictim
753 1031 827 1108 duty
841 1031 922 1091 cited
943 1031 1102 1102 Nicbolua,
1120 1031 1293 1110 portionist
1307 1032 1342 1109 os
1359 1031 1515 1109 Lcdborp,

359 1264 663 1326 Gsamrrosroruou
685 1283 790 1326 surra
810 1283 982 1326 orraomuu
1005 1268 1170 1328 Nrouotar
1191 1269 1517 1330 conmorantium-

276 1370 594 1431 nonr.—Venerabili
622 1371 658 1430 in'
677 1371 803 1432 Ohristo
837 1372 919 1450 patri
955 1392 992 1432 ac
1019 1373 1148 1434 domino
1174 1394 1241 1444 suo,
1279 1375 1407 1435 domino
1440 1375 1517 1446 Ade,

277 1485 346 1548 eto,
367 1478 521 1538 Ricardus
542 1478 580 1537 (16
603 1477 789 1556 Sydenbale,
809 1479 951 1558 ejusdem
972 1480 1072 1558 patris
1089 1481 1123 1539 in
1143 1481 1191 1540 sui
1213 1481 1355 1542 officialis
1370 1481 1517 1542 absencia

277 1583 512 1644 commissarius
530 1582 692 1662 generalis,
707 1583 930 1654 obedienciam,
946 1589 1005 1645 616.
1041 1585 1229 1645 Mandatum
1245 1592 1386 1647 vestrum
1404 1587 1518 1666 recepi,

277 1695 420 1751 tenorem
450 1689 615 1750 continens
643 1689 887 1770 infrascriptum.
954 1692 1064 1762 Adam,
1100 1698 1170 1764 etc,
1199 1693 1349 1772 magistro
1380 1693 1516 1755 Ricardo

277 1796 316 1856 (16
352 1794 540 1874 Sydenhale,
569 1795 784 1855 commissario
825 1800 933 1857 nostro
975 1797 1009 1855 in
1050 1797 1151 1858 nostri
1187 1797 1329 1858 officialis
1368 1797 1516 1858 absencia

276 1902 423 1982 generali,
453 1901 596 1971 salutem,
635 1905 694 1960 etc.
737 1900 817 1961 (lum
855 1920 923 1972 nos,
959 1902 1108 1962 diocesim
1140 1908 1281 1963 nostram
1320 1923 1421 1982 nuper
1448 1903 1518 1981 jure

276 2008 425 2070 ordinarii
459 2007 631 2077 visitantes,
657 2007 695 2067 (16
728 2011 815 2067 61616
844 2007 990 2068 Nicholai
1018 2009 1057 2069 de
1087 2009 1163 2080 Aka,
1196 2010 1250 2089 qui
1285 2030 1319 2070 se
1350 2010 1431 2088 gerit
1458 2031 1518 2089 pro

276 2114 474 2196 porcionario
497 2114 530 2171 in
555 2112 686 2173 ecclesia
709 2113 748 2173 (16
773 2113 935 2192 Ledebery
955 2115 1061 2194 aliqua
1081 2116 1294 2176 invenerimus
1325 2136 1386 2195 que
1407 2116 1516 2176 liniam

277 2219 483 2281 correctionis
510 2224 692 2298 exposcunt,
714 2239 809 2298 super
835 2221 949 2299 quibus
977 2241 1050 2281 oum
1071 2237 1111 2282 6σ
1136 2222 1282 2282 volumus
1312 2221 1437 2301 plenius
1466 2221 1514 2280 in-

277 2325 414 2394 formari,
446 2324 535 2384 vobis
562 2324 595 2382 in
632 2324 749 2384 virtute
777 2324 957 2386 obediencie
992 2325 1220 2387 committimus
1259 2331 1292 2386 et
1327 2326 1514 2386 mandamus

277 2437 434 2511 quatenus
462 2429 566 2490 citetis
596 2430 806 2508 peremptorie
844 2430 965 2490 dictum
993 2431 1182 2492 Nicholaum
1214 2431 1296 2511 quod
1332 2437 1514 2510 compareat

276 2535 484 2616 personaliter
518 2555 622 2596 coram
658 2535 748 2596 nobis
785 2536 835 2596 val
869 2542 978 2597 nostro
1015 2537 1241 2609 commissario,
1283 2537 1425 2617 proximo
1464 2538 1516 2598 (116

275 2642 409 2722 juridico
444 2647 516 2720 post
536 2642 659 2702 instans
680 2641 796 2702 festum
818 2642 919 2702 sancti
941 2643 1103 2703 Edmundi
1124 2643 1220 2723 Regis
1251 2649 1283 2704 61
1311 2643 1459 2723 martyris
1481 2644 1515 2704 in

277 2747 409 2808 ecclesia
429 2746 600 2826 parochiali
621 2747 660 2808 (16
681 2747 851 2826 Bosebery,
885 2747 1013 2808 titulum
1035 2750 1221 2810 canonicum
1249 2750 1276 2810 si
1305 2769 1399 2828 quem
1419 2749 1516 2809 habet

276 2873 372 2933 super
405 2851 606 2912 assecucione
640 2857 673 2911 et
714 2851 893 2913 retentione
926 2853 1085 2931 porcionis
1122 2854 1262 2932 predicte
1303 2853 1509 2925 exhibiturus,

277 2965 472 3028 ostensurus,
508 2963 539 3018 et
573 2977 668 3036 super
695 2958 889 3037 requirendis
917 2957 956 3018 ab
987 2979 1025 3019 eo
1055 2978 1093 3019 ex
1124 2958 1225 3019 officio
1256 2964 1364 3019 nostro
1392 2964 1514 3018 statum

277 3087 380 3137 suum,
402 3065 540 3135 titulum,
562 3070 594 3125 61
614 3065 848 3126 assecucionem
873 3065 956 3125 diota
977 3065 1135 3144 porcionis
1159 3064 1360 3144 tangentibus
1382 3083 1511 3144 person·

277 3172 368 3232 aliter
390 3172 562 3250 juraturus,
592 3175 624 3230 61
653 3169 803 3240 dicturus,
838 3190 933 3249 quam
964 3170 1086 3230 noverit
1122 3170 1296 3231 veritatem.
1361 3169 1405 3228 Et
1439 3169 1516 3248 quid

276 3277 423 3346 feceritis,
445 3280 504 3336 616.
560 3275 679 3335 Datum
710 3275 793 3354 apud
826 3275 990 3353 Bosabury
1023 3275 1207 3354 predictam,
1235 3285 1287 3336 xv⁰
1316 3275 1367 3336 (116
1396 3275 1516 3336 mensis

276 3386 474 3456 Novembris,
503 3405 587 3445 anno
614 3385 743 3445 Domini
765 3384 1000 3464 M0000⁰xviij⁰‚
1019 3390 1079 3445 etc.
1121 3384 1229 3461 Hujus
1251 3384 1347 3464 igitur
1378 3384 1512 3444 auotori-

276 3497 342 3552 tate
364 3490 505 3550 mandati
526 3491 622 3551 vestri
646 3489 778 3568 predicti
799 3490 919 3550 dictum
944 3489 1134 3550 Nioholaum
1156 3490 1191 3548 in
1215 3509 1326 3550 manso
1353 3490 1512 3568 porcionis

275 3600 416 3679 predicte
443 3599 650 3679 personaliter
677 3599 841 3660 inventum
862 3599 944 3679 quod
962 3619 1068 3660 coram
1093 3599 1182 3660 vobis
1208 3604 1403 3679 compareret
1425 3599 1517 3677 juxta

276 3707 350 3778 vim,
372 3705 516 3776 formam,
545 3711 577 3766 61
597 3706 746 3767 effectum
767 3706 799 3765 in
827 3706 897 3785 ipso
925 3706 1075 3766 mandato
1102 3705 1347 3785 comprehensos
1374 3705 1514 3783 legitime

276 3812 371 3872 citavi
393 3817 427 3872 et
441 3812 487 3872 sic
501 3812 683 3872 mandatum
699 3817 839 3872 vestrum
853 3817 1032 3873 reverenter
1048 3831 1119 3872 sum
1136 3811 1170 3870 in
1191 3811 1337 3871 omnibus
1351 3816 1511 3871 executus.

277 3915 397 3976 Datum
419 3917 503 3996 apud
523 3916 684 3995 Bosebery
710 3916 968 3996 6611616666]ιο
991 3917 1041 3977 die
1063 3916 1182 3977 mensis
1203 3915 1400 3987 Novembris,
1429 3904 1515 3977 anno

277 4020 408 4082 Domini
430 4021 619 4099 supradicto.

279 4299 341 4359 Tho
361 4299 481 4378 Biabop
494 4298 596 4360 writes
612 4307 641 4360 to
664 4300 713 4360 tho
727 4300 824 4361 Abbot
838 4300 901 4360 arrd
918 4300 1052 4361 Conveni
1066 4300 1101 4380 of
1121 4300 1271 4378 Wipmorc
1287 4299 1364 4370 thot,
1387 4300 1515 4379 bearing

399 4381 435 4459 os
453 4379 533 4440 their
553 4381 785 4459 irregularitas,
809 4381 844 4441 lte
860 4400 1004 4461 proposes
1027 4389 1057 4442 to
1077 4381 1154 4441 visit
1177 4381 1258 4441 thom
1279 4400 1319 4441 oc
1338 4381 1411 4442 Deo.
1437 4386 1462 4441 7.

360 4563 507 4622 Limnai
527 4581 623 4624 mssa
644 4563 768 4624 Asnam
789 4563 1101 4625 6606666666166
1117 4564 1398 4624 Wroonuoaa.—.
1430 4609 1437 4623 .
1468 4609 1476 4624 .
1507 4609 1516 4624 .

279 4668 392 4730 Abbati
416 4673 449 4729 61
471 4669 647 4730 conventui
671 4670 710 4730 de
739 4669 973 4749 wyggemorra‚
995 4669 1139 4740 salutem,
1162 4674 1222 4730 616.
1267 4668 1413 4747 Vulgaris
1432 4668 1518 4729 fama

278 4775 436 4855 frequenti
460 4774 596 4835 elamore
617 4775 656 4834 ad
680 4781 824 4836 nostrum
851 4775 997 4854 perduxit
1017 4774 1162 4834 auditum
1182 4773 1267 4853 quod
1289 4775 1516 4834 monasterium

279 4887 429 4951 vestrum,
452 4880 502 4940 661
533 4880 608 4940 olim
638 4881 794 4942 Dominus
823 4881 856 4939 in
884 4900 953 4942 rore
983 4881 1095 4941 661161
1124 4880 1158 4939 16
1185 4879 1405 4959 pinguitudine
1433 4886 1517 4942 terre

280 4985 448 5057 benedixit,
469 4986 632 5065 discipline
651 4988 801 5066 regularis
822 4988 1025 5049 observancia
1048 4987 1185 5067 relegata
1206 5006 1263 5065 per
1288 4985 1513 5065 negligenciam

279 5097 313 5152 61
332 5091 490 5152 maliciam
519 5093 703 5172 degencium
730 5094 764 5154 in
794 5094 905 5155 eodem
925 5093 958 5152 in
991 5093 1216 5172 temporalibus
1245 5098 1278 5152 61
1299 5091 1517 5171 spiritualibus
