3850 5917
711 689 862 770 Episcopi
889 690 1161 776 Hercsordensis..
1479 693 1539 752 221

123 923 181 962 M'·
198 924 258 962 ΙΜ-
301 914 458 979 lobannis
485 914 735 977 Jerusolimitani
762 915 795 974 in
824 913 937 994 Anglia
957 934 995 974 ex
1026 919 1116 994 parte
1147 935 1219 985 una,
1244 919 1277 975 ct
1297 915 1452 976 venellam
1480 934 1541 994 quo
1663 941 1664 944 ¹
1698 935 1703 944 Δ

301 1026 432 1080 vocatur
459 1019 655 1100 Vroggelone
684 1039 722 1080 ex
751 1019 858 1091 altera,
894 1025 926 1080 et
954 1019 1128 1082 extendunt
1166 1040 1201 1081 se
1237 1020 1270 1079 in
1298 1020 1494 1100 longitudine
1522 1040 1543 1080 a

302 1126 372 1186 vico
403 1126 457 1206 qui
485 1131 616 1187 vocatur
644 1126 914 1205 Wydemarstrete
942 1145 1041 1205 usque
1070 1126 1110 1186 ad
1146 1127 1330 1207 burgagium
1362 1127 1445 1206 quod
1481 1127 1542 1188 fuit

303 1230 462 1311 quondam
484 1230 629 1291 Nicholai
651 1231 789 1309 Yweyn:
822 1249 881 1290 nos
909 1229 1053 1292 nolentes
1075 1230 1108 1290 in
1140 1230 1245 1310 aliquo
1266 1236 1376 1292 contra
1396 1232 1428 1292 id
1456 1233 1541 1312 quod

302 1336 509 1400 inhonorem
538 1336 598 1397 Dei
626 1341 659 1396 et
687 1341 796 1396 sancte
823 1335 954 1397 ecclesie
983 1341 1089 1397 actum
1117 1341 1166 1396 est
1194 1356 1250 1417 per
1277 1337 1440 1397 dominum
1468 1357 1541 1398 nos·

302 1447 396 1512 trum,
435 1441 590 1502 illustrem
629 1460 735 1520 regem
770 1441 880 1520 Anglie
918 1440 1085 1521 prefatum,
1127 1441 1282 1513 resistere,
1326 1442 1470 1504 volumus
1508 1447 1542 1504 et

302 1548 512 1618 concedimus,
546 1553 578 1609 et
614 1567 671 1628 pro
703 1547 793 1608 nobis
820 1553 853 1607 et
881 1546 1115 1608 successoribus
1153 1546 1271 1609 nostris
1307 1548 1541 1627 imperpetuum

149 1689 190 1726 20,
236 1718 242 1726 ,
303 1654 444 1734 quietum
468 1653 640 1714 clamamus
659 1652 808 1713 fratribus
830 1652 949 1713 ordinis
966 1651 1107 1731 predicti,
1129 1672 1239 1714 omnes
1260 1657 1360 1714 lsrras
1381 1659 1412 1714 et
1434 1654 1543 1714 omnia

303 1764 484 1821 tenemento
506 1759 647 1839 predicta
668 1779 741 1818 cum
763 1757 975 1837 pertinenciis,
995 1758 1139 1819 habenda
1163 1764 1196 1820 et
1216 1759 1353 1820 tenenda
1380 1760 1418 1820 de
1440 1759 1541 1832 nobis,

303 1865 443 1935 ecclesia,
472 1871 505 1926 et
525 1864 758 1926 successoribus
783 1865 900 1925 nostris
927 1864 1046 1924 eisdem
1074 1863 1223 1924 iratribus
1247 1869 1279 1924 et
1307 1864 1542 1932 successoribus

303 1971 370 2032 suis
391 1971 481 2050 juxta
502 1970 634 2030 iorrnam
657 1969 839 2030 donacionis
867 1969 1015 2048 predicte,
1045 1969 1140 2030 salvis
1168 1975 1274 2030 tamen
1302 1970 1393 2032 nobis
1417 1975 1450 2032 et
1471 1991 1540 2032 suo-

304 2076 480 2138 cessoribus
507 2075 625 2136 nostris
647 2096 683 2135 ac
708 2074 838 2135 ecclesie
860 2080 968 2135 nostre
990 2075 1215 2136 Heraiordensi
1238 2076 1376 2154 predicte
1401 2077 1542 2138 serviciis

305 2183 377 2243 inde
405 2181 518 2241 debitis
546 2186 579 2241 et
605 2181 774 2242 consuetis.
817 2181 857 2239 ln
885 2180 977 2258 cujus
1004 2181 1058 2252 rei,
1087 2186 1146 2241 etc.
1200 2182 1319 2241 Datum
1345 2181 1541 2254 Hereiordie,

304 2289 354 2349 die
385 2289 497 2348 Martis
526 2288 558 2347 in
589 2287 670 2348 festo
702 2293 811 2349 sancte
840 2287 1005 2366 Milburge,
1028 2307 1111 2348 anno
1144 2288 1232 2366 regni
1271 2288 1352 2368 regis
1382 2288 1540 2360 Edwardi,

304 2394 361 2453 filii
382 2393 477 2472 Regis
498 2392 654 2465 Edwardi,
676 2402 736 2453 xv⁰.
1409 2389 1411 2394 ’

305 2649 376 2709 Feb.
391 2647 567 2708 23.-Jolm
581 2647 618 2707 dc
639 2646 766 2716 Bristol,
788 2645 971 2706 Provinciol
992 2644 1086 2704 Prior
1099 2646 1135 2723 os
1153 2645 1202 2705 tha
1223 2645 1396 2724 Proochirrq
1418 2646 1540 2717 Friors,

428 2729 517 2788 birds
547 2728 596 2788 tho
626 2727 722 2788 Order
750 2735 779 2787 lo
804 2746 868 2806 pay
898 2734 927 2786 to
956 2725 1005 2786 the
1037 2725 1156 2806 Bishop
1185 2726 1266 2786 three
1293 2725 1437 2805 stilliaqs
1466 2727 1541 2788 coela

426 2830 500 2888 year
524 2808 690 2868 istratum
707 2808 762 2888 for
787 2807 836 2868 the
860 2807 952 2868 above
976 2813 1077 2885 procl.

387 2982 556 3052 Saourrua
573 2997 746 3040 osnroscro
766 2997 919 3039 sansacu
941 2997 985 3038 on
1006 2979 1326 3039 asomum-Tenere
1342 2980 1541 3059 presencium

304 3090 412 3166 pateat
447 3085 603 3146 universis
638 3084 722 3164 quod
761 3103 819 3144 nos
854 3083 951 3143 irater
987 3083 1150 3144 Johannes
1178 3083 1217 3143 de
1252 3082 1422 3154 Bristollio,
1451 3083 1543 3145 Prior

304 3189 504 3271 provincialis
532 3188 650 3249 ordinis
678 3188 811 3248 fratrum
831 3188 1063 3267 predicatorum
1088 3187 1121 3246 in
1144 3186 1264 3266 Anglia,
1287 3187 1399 3249 fratres
1421 3189 1541 3268 Symon

304 3297 343 3356 dc
363 3296 549 3365 Borastone,
577 3295 720 3374 ejusdem
754 3293 873 3354 ordinis
900 3293 1078 3372 predicator
1104 3291 1267 3372 generalis,
1298 3293 1474 3355 Willelmus
1502 3295 1542 3356 de

304 3400 524 3470 Wasseborne,
554 3399 649 3478 Hugo
677 3400 716 3460 de
744 3399 908 3469 Laiccone,
944 3403 976 3460 et
1014 3398 1177 3458 lohannes
1216 3397 1254 3458 de
1286 3397 1486 3478 Glamorgan,
1509 3404 1541 3462 et

303 3505 357 3566 alii
384 3504 496 3565 iratres
524 3504 667 3582 ejusdem
695 3503 814 3564 ordinis
843 3503 1028 3564 Hereiordie
1056 3503 1236 3574 existentes,
1265 3503 1442 3582 procebis,
1472 3525 1540 3566 suc-

305 3609 480 3672 cessoribus
514 3617 547 3670 et
574 3609 683 3669 ordine
710 3613 828 3677 nostro,
857 3607 1059 3668 concedimus
1092 3607 1191 3668 teneri
1228 3612 1259 3668 et
1295 3627 1351 3686 por
1378 3615 1542 3687 presentes

303 3715 433 3795 obligari
460 3713 631 3776 venerabili
652 3714 684 3773 in
713 3713 839 3774 Christo
860 3713 989 3774 domino
1013 3713 1089 3783 Ado,
1111 3713 1171 3774 Dei
1192 3713 1296 3792 gracia
1317 3714 1542 3777 Heraiordensi

304 3821 472 3900 Episcopo,
501 3824 534 3880 et
571 3819 640 3898 ejus
668 3817 901 3879 successoribus
939 3818 973 3877 in
1011 3817 1111 3878 tribus
1140 3817 1248 3878 solidis
1276 3817 1372 3877 annui
1400 3819 1541 3881 redditus

303 3925 513 4005 percipiendis
540 3924 574 3983 in
602 3923 693 3984 terris
721 3928 754 3983 ot
781 3923 971 3984 tenementis
999 3943 1060 4002 que
1089 3921 1265 3983 Willelmus
1304 3922 1342 3983 de
1380 3921 1410 3982 la
1438 3923 1542 3984 Verne
1651 3965 1656 3974 ·

304 4037 336 4092 et
363 4049 560 4092 successores
588 4029 638 4090 sui
666 4029 705 4090 de
732 4029 817 4090 dicto
845 4029 1005 4108 Episcopo
1033 4033 1065 4088 et
1092 4027 1363 4106 predecessoribus
1391 4027 1457 4088 suis
1484 4049 1542 4108 pro

304 4141 394 4197 tanto
416 4155 522 4196 annuo
544 4134 668 4195 redditu
691 4138 860 4195 tenuerunt
888 4155 907 4194 a
934 4139 1076 4214 tempore
1101 4132 1191 4212 cujus
1219 4131 1367 4192 contrarii
1391 4133 1543 4194 memoria

303 4261 368 4302 non
395 4240 512 4311 existit,
545 4239 578 4298 in
609 4238 699 4300 lestis
729 4238 836 4299 Sancti
865 4238 1031 4300 Michaelis
1059 4242 1091 4299 et
1130 4237 1396 4298 Annunciacionis
1426 4237 1542 4300 Sancte

305 4346 405 4407 Maris
436 4365 493 4425 pro
524 4343 687 4424 equalibus
718 4343 934 4424 portionibus:
967 4363 1027 4423 que
1058 4348 1141 4403 tcrre
1168 4346 1201 4402 et
1228 4345 1410 4402 tenemento,
1435 4343 1542 4422 jacent

304 4453 337 4512 in
365 4452 514 4514 suburbio
542 4451 729 4512 Herelordie
766 4450 849 4511 inter
882 4455 1066 4511 tenementa
1093 4448 1210 4509 Prioris
1243 4447 1351 4508 Sancti
1385 4448 1542 4511 Johannis

304 4557 552 4621 ierosolimitani
590 4557 622 4615 in
650 4555 763 4636 Anglia
794 4576 831 4618 ex
859 4576 923 4615 una
950 4561 1049 4636 parts,
1081 4559 1114 4616 et
1142 4553 1294 4614 venellam
1323 4572 1384 4632 que
1411 4560 1543 4616 vocatur
1605 4572 1609 4584 ¹

304 4667 500 4747 Vroggelone
527 4685 565 4726 ex
592 4665 699 4736 altera,
728 4670 761 4726 et
792 4665 965 4726 extendunt
994 4683 1027 4724 ss
1056 4663 1088 4722 in
1122 4661 1317 4741 longitudine
1345 4680 1363 4720 a
1391 4661 1460 4722 vico
1487 4663 1542 4742 qui

304 4777 435 4834 vocatur
471 4770 729 4832 Widemarstrete
763 4789 863 4850 usque
899 4769 939 4829 ad
967 4767 1147 4848 borgagium
1183 4765 1267 4845 quod
1302 4764 1362 4826 fuit
1396 4765 1542 4828 Nicholai

305 4880 440 4959 Ywayn:
463 4897 541 4958 quas
563 4882 663 4937 terras
683 4881 716 4937 et
733 4882 915 4938 tenemento
935 4876 1075 4955 prefatus
1093 4873 1270 4952 Episcopus
1295 4871 1335 4931 ad
1352 4872 1542 4934 instanciam

305 4991 338 5047 et
367 4989 511 5064 rogatum
544 4982 663 5044 domini
693 4983 802 5054 nostri,
831 4981 950 5042 domini
986 4978 1143 5050 Edwardi‚
1180 4977 1235 5037 filii
1268 4976 1362 5056 Regis
1384 4977 1541 5049 Edwardi,

307 5091 438 5153 illustris
463 5089 545 5169 regis
574 5087 693 5168 Anglie,
722 5088 813 5149 nobis
842 5088 882 5148 ad
910 5086 1152 5148 inhabitandum
1178 5081 1343 5143 concessit.
1395 5082 1544 5146 Preterea
