3850 5917
407 684 465 743 roe
616 649 619 656 ’
781 685 1117 762 saecularitate
1146 685 1270 745 occa

230 915 289 954 M)-
306 914 361 953 ¹³¹⁹1
404 914 507 968 vestre
534 908 676 980 diocesis,
706 929 743 970 ex
772 930 867 971 causa
888 909 1028 988 legitima
1059 915 1091 970 et
1123 911 1299 971 necessaria
1319 911 1360 970 ad
1387 917 1514 990 tempus
1542 933 1645 973 mora-

403 1019 506 1073 turam
528 1035 585 1094 pro
606 1015 785 1094 penitencia
813 1015 943 1076 salutari
964 1017 1142 1096 peragenda
1173 1036 1244 1076 cum
1283 1017 1350 1078 suis
1378 1016 1492 1078 litteris
1520 1018 1647 1079 duxerit

403 1119 693 1192 transmittendum,
709 1121 798 1199 juxta
817 1119 950 1181 formam
971 1127 1003 1181 et
1024 1121 1173 1181 effectum
1188 1121 1428 1182 constitucionis
1443 1122 1647 1201 provincialis

403 1227 487 1286 edite
508 1226 540 1284 ln
563 1227 622 1286 hac
642 1232 741 1305 parte,
763 1226 887 1286 admitti
913 1227 1058 1288 faceretis
1078 1246 1135 1306 per
1150 1226 1303 1287 Abbatem
1331 1233 1363 1288 et
1385 1227 1585 1288 Conventum
1606 1229 1646 1288 de

404 1331 607 1410 Keynesham
629 1332 817 1411 supradicta,
832 1352 888 1393 vos
902 1337 1019 1403 tamen,
1034 1332 1294 1412 requisicionibus
1317 1333 1499 1411 hujusmodi
1515 1353 1646 1412 prorsus

402 1437 559 1498 obauditis
594 1437 712 1518 absque
744 1458 839 1499 causa
869 1438 1061 1509 racionabili,
1094 1439 1125 1498 id
1153 1438 1255 1499 iacere
1286 1438 1441 1500 hactenus
1465 1440 1644 1509 distulistis,

402 1549 531 1623 propter
562 1544 645 1624 quod
677 1543 780 1604 dictus
813 1544 917 1612 irater,
954 1544 994 1604 ad
1029 1565 1088 1605 nos
1116 1550 1333 1623 competenter
1360 1545 1522 1614 accedens,
1553 1544 1646 1605 nobis

402 1649 564 1710 humiliter
584 1649 773 1728 supplicavit
797 1654 833 1709 ut
858 1649 917 1710 sibi
940 1649 973 1708 in
993 1650 1053 1709 hac
1075 1655 1165 1728 parte
1183 1650 1222 1710 de
1243 1648 1361 1709 salubri
1381 1648 1519 1710 remedio
1542 1651 1645 1728 provi-

403 1756 475 1816 dere
497 1775 696 1820 curaremus:
733 1755 801 1816 Nos
836 1756 939 1835 igitur,
972 1756 1116 1816 nolentes
1137 1755 1197 1816 sibi
1223 1756 1255 1814 in
1281 1776 1338 1816 sua
1369 1756 1478 1817 deesse
1507 1756 1644 1835 justicia,

402 1861 496 1921 sicuti
514 1881 572 1921 neo
589 1861 748 1931 debemus,
764 1861 928 1940 potissime
947 1881 987 1922 ne
1004 1867 1113 1921 mutue
1128 1860 1355 1922 vicissitudinis
1369 1861 1545 1922 subsidium
1560 1862 1645 1941 quod

402 1967 540 2046 prelatos
562 1967 594 2025 in
616 1966 746 2027 ecclesie
767 1967 890 2027 unitate
911 1967 1075 2046 conjungit
1105 1967 1187 2027 inter
1208 1967 1335 2027 eosdem
1366 1972 1474 2046 pereat
1496 1966 1528 2026 in
1550 1968 1644 2028 detri-

404 2078 546 2134 mentum
581 2073 792 2134 ecclesiastice
828 2073 1002 2152 discipline,
1038 2078 1176 2134 vastram
1218 2073 1448 2133 fraternitatem
1478 2093 1644 2133 monemus

403 2184 434 2240 et
469 2180 633 2239 hortamur
668 2179 700 2237 in
730 2178 866 2249 Christe,
897 2178 985 2239 vobis
1015 2179 1239 2239 nichilominus
1274 2179 1406 2238 firmiter
1432 2178 1644 2258 injungentes,

402 2287 551 2366 quatinus
590 2285 746 2364 prelatum
782 2285 911 2345 fratrem
952 2284 1106 2345 Thomam
1145 2284 1185 2345 ad
1218 2285 1394 2363 injunctam
1432 2284 1644 2363 penitenciam
1755 2317 1759 2323 ,

402 2393 611 2473 peragendam
640 2392 672 2450 in
701 2391 842 2471 predicta
866 2392 998 2454 ecclesia
1029 2391 1229 2452 conventuali
1254 2391 1293 2452 de
1321 2391 1534 2470 Keynesham,
1555 2391 1646 2469 juxta

403 2499 535 2560 formam
558 2498 797 2559 constitucionis
826 2498 1026 2578 provincialis
1051 2518 1146 2577 super
1166 2498 1226 2558 hoc
1251 2497 1343 2567 edite,
1365 2516 1422 2575 per
1436 2496 1591 2557 Abbatem
1612 2503 1646 2556 et

403 2603 601 2664 Conventum
622 2603 828 2682 supradictos,
848 2603 930 2663 infra
951 2613 1002 2662 xx⁰
1019 2603 1085 2664 dies
1106 2623 1125 2663 a
1146 2608 1288 2681 tempore
1308 2602 1501 2681 recepcionis
1517 2622 1645 2681 presen-

403 2709 486 2770 cium
518 2709 737 2778 numerandos,
769 2708 891 2768 faciatis
917 2707 1053 2768 admitti.
1110 2707 1249 2781 Quodsi
1273 2706 1377 2768 Abbas
1399 2712 1431 2768 et
1461 2707 1645 2768 Conventus

403 2813 535 2894 predicti
556 2813 713 2892 prelatum
735 2814 863 2874 fratrem
885 2815 918 2872 in
939 2812 1040 2873 lorma
1056 2813 1198 2892 predicta
1218 2812 1300 2872 inira
1320 2818 1447 2892 tempus
1465 2813 1644 2892 predictam

403 2919 569 2980 admittere
604 2919 826 2989 recusaverint,
862 2919 951 2979 citari
987 2918 1109 2978 faciatis
1143 2918 1271 2979 eosdem
1305 2917 1524 2997 peremptorie,
1560 2919 1645 2998 quod

404 3025 595 3087 sufficienter
629 3030 832 3103 compareant
863 3045 969 3085 coram
1001 3023 1092 3084 nobis
1123 3033 1155 3082 x⁰
1175 3023 1226 3084 die
1256 3023 1389 3103 juridico
1417 3013 1499 3103 post
1517 3023 1643 3103 lapsum

403 3132 479 3193 dicti
501 3131 661 3210 temporis,
684 3130 862 3211 ubicunque
882 3131 916 3189 in
946 3130 1084 3200 civitate,
1116 3130 1242 3201 diocesi,
1262 3149 1319 3190 seu
1346 3130 1508 3209 provincia
1535 3135 1646 3190 nostra

396 3245 477 3312 ¹tunc
499 3237 660 3308 fuerimus,
682 3238 873 3317 proposituri
895 3238 1094 3311 racionabile,
1118 3239 1144 3301 si
1174 3238 1258 3318 quod
1283 3237 1410 3308 habent,
1432 3257 1529 3316 quare
1550 3238 1590 3296 ad
1612 3237 1644 3297 id

402 3345 579 3406 faciendum
609 3364 665 3424 per
696 3363 754 3404 nos
782 3345 926 3424 compelli
953 3365 1017 3406 non
1046 3345 1214 3415 debebunt,
1246 3344 1420 3405 secundum
1449 3343 1643 3422 exigenciam

401 3451 641 3512 constitucionis
663 3450 851 3529 supradicte.
909 3450 952 3510 Et
974 3450 1049 3530 quid
1077 3451 1116 3510 de
1144 3450 1204 3510 hoc
1226 3448 1386 3518 duxeritis,
1412 3455 1471 3509 etc.
1522 3449 1643 3509 Datum

401 3557 484 3636 apud
508 3557 693 3626 Lamhethe,
722 3556 799 3634 xiiij⁰
821 3555 891 3617 Kal.
914 3556 1032 3627 Martii,
1055 3576 1139 3616 anno
1160 3555 1289 3615 Domini
1311 3554 1547 3632 M⁰coc⁰xviij⁰.

401 3823 474 3884 Fcb.
497 3822 653 3883 15.-Tte
675 3823 794 3902 Birbop
816 3823 852 3901 of
873 3823 1025 3902 Hcrcford
1049 3822 1121 3883 aske
1147 3823 1196 3884 tlrc
1220 3822 1339 3902 Birbop
1362 3823 1397 3901 of
1422 3823 1587 3883 Worccstcr
1612 3831 1643 3884 to

524 3904 665 3964 sanction
689 3903 830 3964 Richard
854 3903 891 3964 dc
916 3904 1058 3964 Verrrca’s
1080 3911 1167 3982 entry
1187 3905 1253 3964 into
1275 3903 1324 3965 the
1348 3903 1487 3964 Prctcad
1507 3905 1543 3982 os
1567 3905 1641 3964 Inle-

526 3985 645 4056 berrow,
671 3983 706 4044 in
732 3985 780 4044 tta
805 3983 931 4045 Dioccsc
955 3985 991 4064 ο]
1019 3985 1191 4045 Worccster.

484 4141 647 4201 Errscoro
676 4141 907 4201 Wroonumnsr
942 4159 1003 4200 rao
1027 4159 1189 4201 monceau
1217 4158 1438 4201 rossussronrs
1465 4157 1642 4202 raasaunrr

403 4263 446 4305 na
469 4245 910 4306 rasennam-Venerabili
938 4247 972 4305 in
1000 4246 1127 4308 Christo
1154 4245 1245 4324 patri,
1281 4245 1409 4307 domino
1429 4245 1559 4317 Thema,
1582 4246 1644 4307 Dei

402 4353 507 4432 gracia
522 4351 732 4431 Wigorniensi
747 4352 915 4431 Episcopo,
931 4351 1042 4424 Adam,
1057 4352 1198 4431 ejusdem
1213 4353 1273 4414 Dei
1287 4352 1494 4431 permissione
1510 4353 1642 4414 ecclesie

403 4459 645 4520 Herelordensis
673 4459 826 4529 minister,
848 4460 993 4529 salutem,
1015 4465 1074 4520 etc.
1117 4458 1198 4520 Cum
1219 4458 1352 4520 ecclesie
1373 4458 1412 4519 de
1429 4457 1641 4537 Inkeburglre,

403 4571 506 4626 vestre
535 4565 676 4634 diocesis,
698 4563 828 4625 ecclesie
857 4570 964 4626 nostre
989 4564 1231 4626 Herelordensis
1252 4564 1295 4624 sit
1321 4563 1481 4644 prebenda
1501 4563 1541 4622 ad
1568 4583 1643 4625 nos-

402 4677 484 4731 tram
500 4675 646 4749 spectans
660 4669 872 4740 collacionem,
888 4690 983 4749 quam
997 4671 1124 4749 quidem
1138 4669 1339 4749 prebendam,
1355 4688 1426 4729 cum
1445 4668 1642 4747 plenitudine

401 4776 480 4855 juris
502 4774 643 4835 canonici
663 4773 696 4832 ln
717 4779 826 4834 nostra
843 4773 974 4834 ecclesia
995 4780 1177 4844 memorata,
1197 4773 1231 4832 in
1253 4773 1379 4834 Christo
1400 4771 1474 4843 filio,
1490 4773 1642 4852 magistro

402 4882 440 4941 R.
470 4881 509 4941 de
538 4880 696 4950 Vernoun,
728 4879 924 4940 decretorum
953 4879 1083 4949 doctori,
1115 4878 1307 4939 contulimus
1342 4877 1460 4938 intuitu
1488 4877 1640 4947 caritatis,

401 4987 625 5068 paternitatem
658 4991 796 5047 vestram
831 5005 978 5065 rogamus
1010 4985 1160 5064 quatinus
1197 4985 1299 5044 eidem
1334 4983 1485 5062 magistro
1520 4983 1558 5041 R.
1591 4983 1640 5044 vel

402 5093 596 5174 procuratori
618 5091 716 5172 ipsius
746 5091 978 5171 possessionem
1009 5091 1150 5170 ejusdem
1181 5089 1339 5169 prebende
1368 5089 1489 5168 ingredi
1511 5087 1640 5160 volenti,
