3850 5917
697 668 849 748 Episcopi
875 666 1120 748 Hercsordcasis.
1469 671 1528 732 153
1561 751 1564 758 Ι

134 904 181 943 Μ).
195 906 247 945 ¹³²⁰.
288 892 328 953 de
348 893 443 963 Dore,
466 913 555 954 sacre
575 893 688 973 pagine
710 893 846 964 doctore,
869 899 901 955 et
922 893 993 954 aliis
1014 893 1123 973 peritis
1145 893 1237 955 nobis
1265 894 1475 956 assidentibus
1497 899 1530 956 et

288 998 321 1057 in
342 997 429 1058 dicta
449 999 657 1079 inquisicione
681 999 831 1060 continue
850 999 1060 1079 presentibus,
1083 999 1186 1079 ipsum
1205 999 1377 1061 Fulconem
1394 1000 1529 1080 priorem

290 1104 433 1165 dativum
467 1125 487 1166 a
520 1105 672 1185 regimine
707 1105 783 1165 dicti
814 1105 972 1184 prioratus
999 1104 1146 1166 duximus
1181 1106 1433 1166 ammovendum.
1486 1106 1531 1166 Et

288 1210 362 1289 quia
397 1209 564 1271 facultates
599 1210 699 1289 ipsius
733 1208 891 1290 prioratus
921 1215 1046 1289 praeter
1067 1209 1137 1270 illas
1170 1230 1248 1290 quas
1278 1210 1382 1271 dictus
1416 1210 1531 1272 nobilis

291 1316 330 1376 de
351 1315 443 1376 bonis
464 1316 530 1376 suis
551 1315 654 1376 eidem
681 1315 842 1395 prioratui,
864 1320 900 1375 ut
922 1315 1125 1395 premittitur,
1148 1315 1287 1395 erogavit
1311 1317 1351 1376 ad
1373 1321 1529 1376 sustenta-

292 1419 417 1481 cionem
443 1421 486 1499 xij
512 1420 739 1482 monachorum
768 1426 801 1482 et
824 1420 942 1481 Prioris
971 1421 1141 1481 eorundem
1170 1421 1311 1482 sufficere
1335 1426 1529 1501 reputamus

290 1527 448 1606 prefatum
471 1547 639 1588 numerum
661 1527 888 1588 monachorum
909 1531 941 1586 et
962 1527 1113 1598 Priorem,
1136 1527 1190 1607 qui
1208 1527 1241 1587 in
1261 1527 1476 1608 spiritualibus
1498 1533 1530 1589 et

293 1633 518 1713 temporalibus
545 1633 645 1713 presit
680 1632 808 1704 eisdem,
845 1632 904 1693 sub
937 1632 1037 1712 ipsius
1068 1633 1186 1694 Prioris
1224 1633 1405 1694 obediencia
1441 1633 1531 1713 juxta

295 1738 429 1798 formam
468 1739 610 1799 mandati
644 1737 809 1818 apostolici
844 1738 1013 1799 moraturis
1055 1743 1087 1799 et
1128 1738 1299 1800 servaturis
1340 1737 1455 1799 ibidem
1491 1739 1531 1799 ad

293 1842 418 1902 laudern
441 1842 539 1901 divini
567 1840 705 1903 nominis
733 1841 969 1903 observanciam
991 1841 1174 1921 regularem,
1204 1843 1236 1902 in
1258 1843 1368 1903 eodem
1389 1844 1530 1923 prioratu

292 1948 490 2010 instituimus
512 1954 544 2010 et
569 1951 669 2011 eciam
694 1951 885 2011 ordinamus.
927 1950 1079 2012 Veientes
1102 1951 1231 2031 insuper
1251 1951 1354 2012 eidem
1377 1952 1530 2033 prioratui

291 2055 416 2116 vacanti
444 2057 483 2116 de
515 2057 638 2135 ydonea
672 2076 806 2136 persona
834 2055 976 2117 celeriter
1000 2056 1173 2136 providere,
1208 2057 1388 2138 religiosum
1416 2057 1529 2131 virum,

292 2160 421 2222 tratrem
456 2161 628 2223 Ricardum
662 2162 701 2222 de
736 2162 923 2233 Bromwico,
959 2159 1077 2223 ordinis
1110 2163 1212 2223 sancti
1243 2163 1417 2235 Benedicti,
1443 2184 1530 2224 sacre

289 2267 404 2346 pagine
425 2268 595 2340 doctorem,
616 2269 719 2330 virum
741 2269 850 2347 utique
867 2268 1033 2347 providum
1053 2272 1085 2328 et
1104 2269 1274 2329 discretum
1295 2289 1331 2329 ac
1351 2269 1383 2328 in
1403 2269 1528 2350 spiritu-

288 2373 390 2435 alibus
418 2379 450 2435 et
471 2374 697 2455 temporalibus
721 2374 892 2454 plurimum
921 2374 1185 2454 circumspectum
1211 2375 1320 2435 eadem
1342 2375 1529 2436 auctoritate

284 2480 321 2564 in
352 2481 494 2541 Priorem
525 2481 601 2541 dicti
632 2481 790 2561 prioratus
821 2479 881 2539 hac
916 2479 985 2540 vice
1022 2479 1212 2559 preficimus,
1247 2480 1454 2552 instituimus,
1492 2501 1528 2541 ac

287 2586 387 2648 eciam
415 2587 607 2658 ordinamus,
627 2605 734 2646 curam
755 2590 787 2646 et
811 2585 1121 2646 administracionem
1144 2585 1220 2646 dicti
1244 2586 1402 2666 prioratus
1426 2585 1528 2647 eidem

290 2691 431 2773 plenarie
455 2692 701 2763 committentes,
727 2691 813 2753 salva
839 2691 971 2771 prelatis
990 2690 1104 2751 Abbati
1132 2697 1164 2752 et
1194 2692 1358 2754 monachis
1379 2693 1530 2754 continua

285 2799 439 2878 pensione
477 2803 605 2859 centum
644 2803 676 2858 et
715 2803 837 2877 septem
881 2797 1052 2858 solidorum
1089 2817 1184 2876 quam
1226 2818 1282 2878 per
1323 2797 1529 2878 probaciones

289 2905 446 2985 legitimas
474 2904 653 2965 invenimus
681 2908 865 2964 consuetam
887 2908 920 2964 et
940 2903 1060 2963 eisdem
1082 2902 1221 2963 debitam
1244 2902 1283 2964 ab
1306 2904 1445 2983 antiquo.
1487 2905 1528 2964 In

285 3029 421 3089 quorum
444 3009 588 3070 omnium
617 3009 845 3080 testimonium,
867 3015 927 3069 etc.
991 3009 1111 3069 Datum
1146 3009 1230 3088 apud
1264 3009 1458 3090 Bergeveny,
1486 3013 1529 3071 v²⁰

286 3115 356 3176 Kal.
390 3115 546 3186 Octobris,
568 3135 652 3176 anno
673 3115 803 3175 Domini
825 3114 1024 3186 M⁰GOO⁰xx⁰,
1047 3119 1105 3175 etc.

368 3269 414 3329 nt
434 3288 492 3348 ego
515 3268 669 3330 Ricardus
690 3270 729 3330 de
759 3269 924 3338 Estenore,
953 3267 1085 3329 clericus
1117 3267 1360 3329 Herelordensis
1384 3268 1527 3341 diocesis,

284 3376 431 3456 publicus
446 3375 619 3456 apostolica
639 3376 827 3436 auctoritate
844 3374 997 3445 notarius,
1011 3373 1175 3454 premissis
1189 3374 1336 3436 omnibus
1350 3380 1382 3436 et
1396 3375 1528 3455 singulis

286 3485 362 3544 dum
384 3483 439 3555 sic,
462 3489 500 3544 nt
519 3484 723 3564 premittitur,
749 3483 921 3563 agebantur
948 3503 1085 3544 unacum
1121 3482 1351 3544 venerabilibus
1385 3484 1527 3563 patribus

285 3589 424 3650 dominis
446 3590 606 3670 Episcopo
627 3588 827 3650 Landavensi
853 3593 886 3649 et
908 3587 1031 3649 Abbate
1050 3587 1209 3667 predictis,
1231 3607 1268 3647 ao
1290 3587 1434 3649 discretis
1452 3589 1527 3651 viris

287 3694 449 3775 magistris
467 3694 589 3756 Thema
611 3696 650 3756 de
669 3694 849 3766 Chaundos,
867 3694 1106 3766 Archidiacono,
1121 3700 1153 3754 et
1172 3693 1313 3755 Henrico
1334 3694 1372 3754 de
1396 3694 1526 3766 Shorne,

284 3800 390 3881 legum
412 3800 550 3873 doctore,
571 3801 724 3862 canonico
746 3801 779 3860 in
811 3800 943 3862 ecclesia
975 3799 1210 3871 Hereiordensi,
1232 3819 1356 3860 necnon
1390 3801 1527 3862 dominis

283 3905 408 3967 Thema
429 3906 573 3978 Thalbot,
594 3907 729 3968 Rectore
751 3906 882 3975 ecclesie
909 3907 949 3968 de
977 3905 1135 3977 Laxeield,
1158 3905 1379 3977 Norwicensis,
1403 3912 1435 3967 et
1460 3906 1526 3967 Ade

285 4012 325 4073 de
339 4012 520 4091 Ailyneton,
540 4013 674 4074 Rectore
693 4013 824 4074 ecclesie
845 4014 884 4073 de
908 4012 1099 4082 Mordeford,
1122 4011 1364 4073 Herefordensis
1383 4013 1524 4083 diocesis,

283 4137 321 4177 ac
345 4118 506 4198 magistris
527 4119 663 4180 Ricardo
684 4120 722 4180 de
743 4119 774 4178 la
794 4118 881 4189 Feld,
903 4123 936 4178 et
967 4117 1113 4179 Johanne
1135 4119 1226 4188 Rees,
1248 4118 1378 4188 clericis,
1399 4124 1431 4179 et
1456 4119 1526 4180 aliis

287 4226 424 4286 testibus
445 4225 485 4286 ad
505 4225 660 4305 premissa
680 4225 801 4287 vocatis
822 4230 854 4286 et
882 4225 1009 4303 rogatis,
1030 4245 1160 4303 presens
1182 4223 1320 4295 interfui,
1351 4245 1450 4305 saque
1481 4225 1526 4286 sic

286 4329 351 4389 vidi
371 4329 440 4390 fieri
461 4335 494 4390 et
515 4330 629 4402 audivi,
655 4351 692 4390 ac
722 4330 932 4391 demandato
963 4329 1150 4391 venerabilis
1181 4329 1280 4410 patris
1302 4330 1420 4391 domini
1450 4330 1524 4402 Ade,

283 4441 354 4507 eto,
389 4435 512 4514 scripsi,
541 4435 708 4515 publicavi,
730 4436 882 4516 signoque
905 4455 975 4496 meo
1003 4440 1155 4496 consueto
1187 4437 1316 4515 signavi,
1349 4435 1407 4496 sub
1442 4456 1526 4498 anno

286 4543 420 4604 Domini
441 4542 641 4615 M⁰GOO⁰xx⁰,
663 4543 839 4604 indiccione
860 4543 938 4622 iiijr,
966 4541 1170 4622 pontificatus
1198 4541 1317 4602 domini
1346 4543 1432 4621 Papa
1456 4563 1524 4622 pre·

283 4649 361 4710 dicti
389 4669 475 4710 anno
497 4649 617 4730 quinto,
648 4649 707 4721 die,
730 4669 838 4710 mense
859 4654 892 4710 et
919 4649 988 4710 loco
1016 4648 1214 4727 supradictis.
1266 4695 1271 4704 .
