3850 5917
700 707 851 788 Episcopi
878 709 1121 789 Hcrcfordenais.
1468 715 1529 776 191

128 936 179 974 AD*
193 937 249 976 ¹³²⁰·
292 930 428 1009 priorem
465 931 541 992 dicti
571 931 728 1011 prioratus
756 932 897 992 dativum
926 955 946 994 a
974 934 1058 996 dicto
1087 935 1208 1018 Abbate
1245 956 1280 998 se
1307 937 1431 998 dicente
1458 959 1526 1018 pre·

292 1038 421 1110 iactum,
441 1039 573 1118 predicti
588 1038 719 1100 Abbatis
735 1045 979 1118 procuratorem,
1002 1045 1068 1102 tem
1090 1061 1147 1102 suo
1168 1061 1263 1122 quarn
1284 1042 1383 1121 ipsius
1398 1043 1529 1104 Abbatis

293 1145 431 1216 nomine,
455 1164 492 1204 ac
515 1144 585 1205 aliis
607 1144 771 1205 monachis
794 1144 870 1205 dicti
898 1146 1055 1225 prioratus
1077 1146 1109 1205 in
1131 1147 1240 1208 eodem
1269 1153 1345 1208 tunc
1366 1148 1529 1210 residenti-

294 1250 362 1321 bus,
401 1251 491 1330 juxta
532 1250 800 1330 premunicionern
843 1271 881 1311 ac
914 1252 1115 1312 venacionem
1157 1253 1212 1324 eis,
1254 1259 1291 1314 ut
1327 1253 1526 1334 inquisicioni

293 1356 433 1435 predicte
460 1355 610 1427 faciende,
642 1359 679 1414 ut
712 1355 915 1434 premittitur,
956 1357 1051 1418 certis
1085 1357 1135 1418 die
1163 1363 1195 1418 et
1226 1357 1294 1418 loco
1329 1359 1527 1430 interessent,

294 1463 406 1523 facturi
431 1467 463 1522 et
491 1461 647 1541 recepturi
675 1462 760 1541 quod
787 1462 907 1522 dictum
935 1463 1121 1523 mandatum
1149 1463 1355 1543 apostolicum
1384 1466 1529 1545 erigebat

293 1576 326 1630 et
366 1569 552 1649 requirebat,
593 1568 780 1628 auctoritate
821 1574 930 1629 nostra
978 1569 1087 1640 factas,
1129 1570 1337 1651 perlectisque
1377 1572 1529 1634 mandato

292 1675 466 1755 apostolico
493 1674 673 1753 supradicto
701 1694 738 1734 ac
766 1672 872 1734 littera
907 1673 1127 1736 certificatoria
1162 1695 1257 1755 super
1291 1677 1528 1755 premunicione

293 1788 325 1842 et
339 1781 506 1842 vocacione
527 1779 685 1859 predictis,
708 1780 909 1859 ipsorumque
933 1779 1024 1859 copia
1045 1779 1191 1840 omnibus
1212 1799 1344 1861 quorum
1374 1779 1525 1854 interfuit,

293 1908 330 1948 ac
360 1886 447 1947 omni
479 1885 659 1946 defensione
687 1885 827 1964 legitima
854 1885 887 1947 iu
915 1905 953 1946 ea
980 1890 1069 1964 parte
1097 1886 1223 1947 decreta
1249 1886 1367 1966 pariter
1393 1892 1426 1948 st
1453 1908 1526 1948 con·

292 1994 390 2055 cessis
416 1993 544 2062 eisdem,
566 1991 805 2071 inquisicionem
831 2011 925 2071 super
946 1991 1105 2052 contentis
1130 1992 1163 2051 in
1184 1993 1333 2055 mandato
1354 1994 1528 2072 apostolico

292 2099 473 2179 supradicto
496 2098 585 2175 juxta
615 2097 748 2158 formam
769 2097 911 2175 ejusdem
939 2102 1006 2157 tam
1034 2117 1090 2176 per
1117 2098 1177 2158 loci
1205 2098 1407 2159 diocesanum
1431 2119 1526 2178 quam

292 2224 349 2284 per
369 2205 511 2284 ejusdem
531 2203 592 2263 loci
617 2203 797 2273 monachos,
824 2223 860 2263 ac
881 2203 981 2263 eciam
1002 2222 1059 2282 per
1079 2209 1224 2274 rectores,
1247 2205 1388 2275 vicarios,
1425 2206 1526 2284 capel-

292 2311 391 2380 lanos,
412 2309 550 2380 clericos,
573 2314 605 2369 et
626 2308 861 2369 multitudinem
883 2309 1043 2388 copiosam
1064 2309 1103 2370 de
1124 2309 1208 2370 dicta
1225 2309 1341 2370 diocesi
1355 2315 1387 2370 et
1403 2310 1525 2382 vicinis,

292 2418 346 2497 qui
367 2415 592 2495 premissorum
619 2434 676 2494 per
697 2414 815 2474 dictum
843 2414 990 2485 nobilem,
1019 2420 1056 2475 ut
1076 2415 1278 2494 premittitur,
1307 2422 1524 2496 suggestorum

290 2521 503 2583 verisimiliter
543 2520 655 2581 melius
691 2520 771 2581 scire
811 2525 958 2600 poterant
997 2521 1171 2592 veritatem,
1206 2521 1355 2600 predictis
1382 2523 1526 2601 personis

291 2628 437 2689 omnibus
462 2631 494 2686 et
531 2624 663 2705 singulis
689 2644 746 2705 per
780 2646 858 2706 quaa
886 2625 1121 2706 inquirebamus
1149 2647 1243 2706 super
1280 2627 1342 2688 hiis
1376 2627 1464 2707 prius
1492 2629 1524 2689 iu

291 2735 393 2794 forma
422 2733 501 2812 juris
528 2733 650 2811 juratis,
686 2737 718 2792 et
753 2737 861 2793 nostra
895 2732 1083 2793 auctoritate
1116 2731 1298 2811 singillatim
1327 2733 1524 2806 examinatis,

290 2840 423 2900 lecimus
443 2839 633 2918 diligentem,
659 2858 715 2917 per
732 2857 826 2917 quarn
843 2837 1004 2899 evidenter
1027 2838 1237 2917 comperimus
1266 2837 1348 2899 bona
1369 2839 1526 2918 prioratus

292 2946 425 3026 predicti
445 2944 557 3014 valere,
579 2949 612 3005 et
633 2965 651 3004 a
672 2944 725 3004 diu
751 2949 808 3015 est,
830 2943 976 3004 videlicet
997 2963 1015 3004 a
1036 2944 1242 3024 quadraginta
1273 2946 1364 3007 annis
1386 2946 1465 3008 citra
1491 2953 1525 3008 et

292 3052 436 3132 amplius,
465 3050 601 3111 valuisse
623 3050 774 3110 ducentas
803 3054 836 3110 et
863 3050 1070 3129 quadraginta
1102 3069 1223 3111 marcas
1250 3051 1471 3132 sterlingomm
1492 3059 1526 3115 et

293 3159 428 3238 amplius
455 3156 629 3226 annuatim,
658 3176 695 3217 ex
723 3156 836 3235 quibus
864 3155 955 3216 bonis
990 3155 1156 3216 tresdecim
1185 3157 1330 3217 monachi
1358 3163 1391 3218 et
1418 3158 1525 3238 plures

292 3266 380 3344 juxta
408 3282 526 3324 morem
558 3261 747 3341 regularium
781 3267 814 3322 et
847 3263 948 3342 patrie
984 3245 1243 3323 consuetudinem
1274 3269 1404 3342 possent
1440 3285 1523 3324 com-

293 3369 384 3429 mode
422 3343 593 3428 sustentari
627 3371 660 3426 et
697 3385 793 3427 onera
830 3367 876 3427 eis
918 3387 954 3427 ec
992 3367 1076 3426 dicto
1116 3366 1267 3446 prioratui
1308 3369 1527 3431 incumbsncia

292 3479 486 3554 supportare.
529 3472 681 3552 Idemque
706 3472 819 3534 nobilis
840 3473 880 3532 ad
901 3473 999 3534 divini
1021 3473 1124 3534 cultus
1146 3479 1350 3553 augmentum
1365 3481 1397 3536 et
1414 3477 1523 3556 ampli·

293 3601 378 3642 orem
407 3599 573 3640 numerum
598 3579 824 3639 monachorum
856 3579 995 3638 indicto
1026 3579 1166 3658 prioratu
1195 3579 1309 3642 futuris
1331 3583 1525 3662 temporibus

293 3687 535 3748 sustentandum
563 3685 641 3746 duas
669 3690 833 3745 carucutas
861 3689 943 3746 terre
975 3685 1064 3763 juxta
1092 3685 1239 3746 Castrum
1270 3687 1308 3747 de
1339 3687 1526 3772 Bergeveny

292 3813 365 3853 oum
395 3793 503 3873 pratis,
538 3791 673 3871 pascuis,
703 3791 808 3862 moris,
840 3797 872 3852 et
906 3792 976 3852 aliis
1004 3792 1206 3871 pertinenciis
1234 3793 1274 3852 ad
1302 3799 1417 3854 terram
1455 3815 1524 3875 pre-

293 3900 408 3960 dictam
444 3897 684 3978 pertinentibus,
722 3903 755 3957 et
789 3897 900 3976 viginti
934 3896 1029 3957 libras
1071 3897 1291 3976 sterlingomm
1329 3918 1450 3961 annuas
1486 3901 1524 3962 de

291 4005 401 4066 eodem
422 4005 535 4066 Gastro
556 4002 688 4082 singulis
720 4003 811 4064 annis
842 4003 875 4062 in
903 4003 993 4064 lestis
1022 4003 1114 4064 Beati
1143 4003 1307 4065 Michaelis
1336 4004 1524 4086 Archangeli

292 4117 324 4172 et
355 4109 620 4170 Annunciacionis
648 4108 814 4169 Dominice
849 4128 906 4187 pro
944 4107 1107 4187 equalibus
1134 4109 1335 4188 porcionibus
1375 4111 1407 4169 in
1440 4110 1524 4172 dicto

292 4217 403 4278 Castro
425 4213 650 4294 percipiendas,
674 4233 815 4292 quosque
838 4213 957 4274 eisdem
976 4212 1139 4274 monachis
1158 4219 1191 4274 et
1207 4213 1347 4292 predicto
1371 4215 1522 4294 prioratui

291 4323 330 4383 de
364 4321 434 4382 aliis
467 4319 641 4380 redditibus
679 4325 712 4379 et
746 4319 950 4398 proventibus
984 4338 1085 4398 usque
1123 4319 1162 4378 ad
1197 4317 1334 4378 valorem
1368 4319 1523 4381 dictarum
1582 4397 1586 4406 1

291 4426 402 4507 viginti
437 4424 587 4485 libramm
622 4443 679 4503 per
712 4423 847 4484 eundem
884 4423 1021 4484 nobilem
1060 4443 1116 4484 seu
1154 4441 1228 4483 suos
1263 4423 1393 4485 heredes
1429 4425 1524 4486 fuerit

291 4533 461 4613 provisum,
482 4535 515 4592 et
535 4529 673 4609 plenarie
704 4528 911 4599 satisfactum,
931 4549 989 4608 pro
1014 4549 1048 4589 se
1072 4534 1105 4589 et
1132 4528 1299 4589 heredibus
1327 4529 1392 4590 suis
1420 4531 1522 4592 eidem

166 4685 178 4712 ο
292 4635 442 4716 prioratui
478 4634 574 4706 dedit,
610 4634 774 4704 concessit,
803 4639 835 4693 et
865 4652 938 4692 curn
973 4631 1089 4693 effectu
1123 4652 1160 4692 ac
1197 4631 1322 4693 realiter
1342 4633 1523 4712 assignavit.

293 4742 510 4822 Comperimus
545 4739 644 4800 eciam
672 4759 728 4819 per
763 4738 1003 4818 inquisicionem
1038 4738 1211 4817 predictam
1248 4738 1419 4799 monachos
1447 4741 1523 4801 dicti

291 4849 447 4928 prioratus
480 4846 513 4904 in
541 4844 651 4904 eodem
688 4843 861 4904 residentes
896 4849 1025 4922 propter
1052 4843 1183 4902 nimiam
1225 4842 1355 4903 Abbatis
1389 4845 1522 4922 predicti

291 4953 478 5014 distanciam
505 4950 545 5011 ab
572 4951 682 5011 eodem
710 4949 831 5010 Abbate
854 4969 911 5009 seu
938 4949 1038 5027 ipsius
1060 4947 1247 5009 auctoritate
1271 4968 1290 5008 a
1317 4949 1523 5030 quadraginta

290 5059 383 5120 annis
401 5058 481 5118 citra
502 5055 632 5116 minime
651 5055 805 5116 visitatos.
841 5053 1026 5115 Invenimus
1050 5054 1179 5133 insuper
1198 5072 1309 5114 omnes
1329 5059 1361 5114 et
1380 5054 1521 5136 singulos
