3850 5917
669 713 820 793 Episcopi
848 713 1093 792 Hercsordcnsis.
1460 718 1499 777 81

117 945 162 986 tv·
174 947 220 988 ¹³¹&
259 940 299 999 de
319 939 529 1010 Middlstone,
548 938 671 1010 clerico,
691 937 764 998 licet
783 938 917 1010 absenti,
941 958 1013 998 cum
1037 939 1233 1018 plenitudine
1254 940 1334 1018 juris
1357 940 1500 1001 canonici

259 1045 455 1106 contulimus
479 1043 598 1104 intuitu
628 1043 781 1115 caritatis,
807 1048 839 1104 et
861 1043 920 1104 sibi
952 1044 1146 1122 providimus
1166 1045 1206 1104 de
1231 1044 1359 1105 eisdem.
1416 1045 1499 1120 Quo·

258 1151 343 1211 circe
390 1149 480 1211 vobis
525 1149 657 1210 firmiter
703 1149 897 1228 injungendo
945 1149 1135 1210 mandemus
1182 1150 1332 1230 quatinus
1380 1149 1502 1211 dictum

259 1257 449 1336 magistrum
485 1255 690 1328 willelmum,
729 1256 831 1318 modis
862 1255 977 1336 quibus
1005 1257 1160 1334 poteritis,
1188 1265 1282 1336 prout
1310 1257 1343 1317 in
1370 1257 1505 1318 ecclesie

257 1371 371 1424 nostre
402 1362 546 1440 predicte
581 1362 673 1440 juxte
709 1381 829 1422 morem
859 1362 1002 1441 preteriti
1038 1362 1191 1442 temporis
1224 1363 1292 1424 fieri
1328 1363 1501 1434 consuevit,

258 1469 365 1529 citetis
397 1488 454 1530 seu
485 1469 575 1529 citeri
605 1467 728 1528 iacietis
756 1468 973 1547 peremptorie,
1007 1469 1091 1547 quod
1119 1469 1262 1547 proximo
1286 1469 1337 1530 die
1367 1468 1503 1548 juridico

259 1582 332 1655 post
361 1576 478 1637 festum
502 1576 605 1637 suncti
634 1576 765 1636 Martini
793 1576 934 1636 Yemclis
959 1595 1066 1637 coram
1091 1575 1182 1636 nobis
1209 1577 1260 1636 vel
1286 1578 1502 1638 commissario

261 1688 370 1744 nostro
396 1682 575 1763 ubicunque
603 1690 680 1742 tunc
709 1682 862 1742 fuerimus
889 1688 962 1753 stc,
997 1682 1189 1742 sufficienter
1216 1691 1409 1761 compareat,
1438 1683 1502 1743 dic·

259 1795 360 1859 turus,
388 1788 615 1867 propositurus,
642 1806 680 1848 so
709 1787 808 1848 eciem
837 1807 894 1866 pro
916 1787 1052 1847 termino
1080 1787 1291 1866 peremptorio
1315 1794 1504 1849 ostensurus

259 1895 460 1965 senonicum,
490 1893 516 1954 si
544 1894 629 1973 quod
652 1893 777 1965 habeut,
800 1912 896 1973 quere
926 1894 1164 1972 epossessione
1190 1893 1345 1953 dictorum
1374 1894 1502 1954 cononi-

259 2005 350 2060 catus
367 2007 400 2061 et
419 1999 585 2078 prebende,
603 1999 679 2080 quin
697 1999 801 2059 verius
819 1999 1051 2070 detentecione,
1071 1999 1202 2059 minime
1220 1999 1333 2061 debent
1352 2002 1500 2072 amoveri,

259 2105 426 2186 dictusque
446 2105 595 2184 magister
617 2103 778 2166 Gilbertus
793 2107 985 2165 auctoritate
1004 2112 1113 2165 nostra
1129 2106 1235 2166 induci
1255 2106 1289 2166 in
1302 2107 1502 2185 possessione

259 2213 451 2284 eorundem;
493 2230 615 2272 necnon
647 2211 679 2270 in
712 2210 868 2270 fructibus
899 2211 1080 2282 eorundem,
1113 2219 1150 2271 ut
1181 2210 1362 2290 predicitur,
1392 2212 1502 2274 illicite

259 2319 427 2399 perceptis,
466 2324 559 2397 prout
600 2319 652 2396 jus
695 2317 802 2394 exigit,
844 2316 1079 2395 condempnari,
1121 2317 1263 2376 lecturus
1299 2318 1431 2378 ulterius
1469 2325 1503 2378 et

257 2433 443 2506 recepturus
465 2423 549 2504 quod
570 2428 619 2484 est
641 2422 783 2501 justum:
810 2422 1039 2482 denunciantes
1061 2421 1172 2493 eidem,
1196 2422 1222 2482 si
1245 2441 1374 2501 presens
1396 2422 1500 2495 fuerit,

260 2539 315 2594 sut
350 2531 546 2612 procuratori
579 2549 647 2600 suo,
688 2531 714 2590 si
754 2548 847 2608 quem
877 2527 994 2588 ibidem
1030 2528 1194 2599 dimiserit,
1233 2528 1283 2588 vel
1317 2527 1501 2607 hujusmodi

258 2639 424 2699 citecionis
447 2637 548 2696 forms
570 2637 602 2695 in
623 2634 717 2696 stello
741 2654 808 2704 suo,
828 2640 922 2712 prout
946 2634 1042 2694 moris
1070 2643 1129 2705 est,
1153 2633 1294 2705 dimisse,
1317 2635 1411 2715 quod,
1435 2637 1502 2696 sive

260 2745 299 2804 nd
332 2743 454 2803 dictum
484 2741 565 2802 diem
596 2741 716 2802 venerit
745 2741 809 2800 sive
838 2759 912 2812 non,
942 2748 1060 2799 extunc
1083 2740 1125 2800 nd
1153 2741 1307 2819 premisse
1334 2760 1390 2819 per
1416 2743 1500 2802 vium

259 2849 415 2911 notorium
433 2847 601 2927 procedere
618 2846 813 2907 intendimus
835 2855 946 2906 contre
968 2865 1051 2918 eum,
1069 2853 1163 2925 prout
1185 2846 1224 2906 de
1244 2846 1313 2925 jure
1328 2847 1501 2924 poterimus

260 2956 435 3017 secundum
465 2955 632 3014 canonicos
654 2953 845 3013 sancciones.
902 2952 950 3012 De
978 2952 1029 3012 die
1057 2971 1130 3013 vero
1160 2951 1352 3031 recepcionis
1374 2971 1500 3030 presen-

259 3062 353 3134 cium,
384 3069 417 3121 st
448 3060 523 3141 quid
551 3059 584 3118 in
615 3058 787 3137 premissis,
816 3066 876 3118 etc.
935 3059 1056 3118 Datum
1086 3057 1263 3137 Bedynges,
1293 3057 1336 3116 xi⁰
1365 3057 1499 3117 Kalend.

261 3166 461 3236 Novembris,
491 3184 576 3225 enno
601 3165 732 3225 Domini
759 3163 996 3242 M0ccouvitj0.

262 3399 325 3458 Oct.
357 3395 545 3465 ios-John,
574 3394 672 3454 called
699 3394 736 3454 dc
757 3394 845 3473 fonto
875 3393 913 3453 dc
946 3393 1077 3462 Orleton,
1103 3399 1240 3471 presente
1268 3392 1371 3470 Popol
1400 3392 1500 3453 letters

219 3467 225 3486 ‘
381 3476 551 3558 providinp
574 3475 638 3534 olm
658 3475 735 3534 cottis
755 3495 774 3534 a
797 3475 921 3552 benefico
942 3474 978 3533 irc
999 3473 1048 3533 ihc
1067 3473 1127 3554 pifr
1147 3473 1183 3552 of
1200 3472 1249 3532 tho
1270 3473 1397 3552 Bishop.

341 3632 498 3692 Psovrsro
530 3629 694 3690 Jonsrrurs
729 3645 817 3691 mcor
852 3647 895 3687 nn
931 3646 1036 3688 norrun
1058 3647 1102 3688 on
1135 3629 1314 3690 Onnnronn
1342 3646 1502 3690 eruemus

260 3734 686 3798 onumen-Memorandum
725 3732 807 3813 quod
844 3753 863 3792 x
901 3733 974 3793 Kel.
1014 3733 1212 3805 Novembris,
1250 3751 1335 3794 enno
1371 3733 1499 3794 Domini

261 3843 469 3920 tl⁰ccc⁰viij⁰
490 3841 574 3921 cpud
590 3841 778 3919 Wnntyngc,
801 3839 966 3901 Johennes
988 3840 1091 3901 dictus
1110 3841 1256 3901 delente
1276 3841 1316 3900 de
1338 3841 1499 3912 Orletons,

259 3951 392 4010 clericus
422 3945 665 4007 Herelordsnsis
700 3944 843 4016 diocesis,
884 3948 1077 4024 presentavit
1115 3947 1243 4007 domino
1270 3947 1394 4024 copiem
1429 3967 1499 4025 pro-

258 4076 366 4118 cessus
389 4054 465 4114 fecti
486 4071 580 4132 super
601 4052 708 4130 grecie
730 4052 770 4112 eb
792 4053 965 4131 apostolice
987 4053 1061 4113 sede
1089 4052 1148 4112 sibi
1174 4052 1259 4112 iectu
1288 4053 1327 4112 de
1348 4053 1500 4114 beneficio

259 4159 474 4223 ecclesiastico
499 4158 568 4219 sinc
590 4177 667 4218 cure
693 4159 868 4218 tcxccionis
891 4158 965 4236 xviij
989 4177 1176 4228 marcarum,
1202 4159 1253 4218 vel
1281 4159 1320 4218 ds
1348 4159 1500 4220 beneficio

260 4267 475 4330 ecclesiastico
498 4284 570 4326 cum
598 4284 675 4326 curn
699 4265 873 4344 tcxccicnis
897 4283 958 4323 xxv
980 4283 1157 4324 marcorum
1180 4273 1345 4342 spectante
1370 4265 1410 4324 ed
1438 4265 1500 4325 col·

261 4375 417 4436 lesionem
446 4371 564 4431 domini
594 4369 837 4430 Herelordsnsis
863 4369 1022 4448 Episcopi.

264 4601 514 4666 Nov.12.-Thc
535 4599 662 4680 Bistop
680 4599 793 4677 tonino
809 4599 973 4678 completor]
995 4599 1044 4658 hic
1064 4599 1278 4679 visitationes
1295 4600 1344 4658 tho
1365 4599 1499 4668 Dioccse,

385 4681 596 4826 pippppppespssos
618 4680 760 4741 Riclmrd
782 4680 819 4741 dc
840 4680 1007 4740 Srdcoholc
1023 4687 1051 4740 to
1066 4688 1178 4740 correct
1193 4680 1242 4740 tlw
1255 4680 1362 4740 obices
1385 4680 1502 4740 tlreroin

345 4910 530 4971 Goumssro
559 4922 660 4966 mom
692 4921 856 4965 rrumsrno
887 4903 1034 4965 R1osnoo
1065 4922 1109 4963 on
1142 4903 1500 4976 sneisane-Adam,

264 5021 334 5088 etc,
369 5013 522 5092 magistro
547 5009 681 5072 Bicerdo
715 5010 754 5070 de
788 5010 968 5082 Sidenhnle,
998 5009 1124 5070 Rectori
1152 5010 1283 5070 ecclesie
1318 5009 1358 5068 dc
1393 5008 1498 5087 Hope-

266 5121 420 5194 meloisel,
443 5125 551 5180 nostre
575 5117 719 5188 diocesis,
745 5116 892 5187 salutem,
919 5123 979 5176 etc.
1024 5115 1104 5176 Cum
1132 5133 1190 5175 nos
1217 5133 1256 5174 ex
1280 5114 1371 5174 officii
1399 5113 1500 5173 nostri
