3850 5917
403 670 463 751 302
777 666 957 761 Belcae
983 664 1048 745 ddi
1075 664 1113 743 ds
1142 664 1266 747 ‚0er

230 928 361 971 A·⁰·¹'5²⁴·
403 924 485 988 June
508 920 665 985 16.-T}u
691 920 811 999 Bisbop
835 919 937 983 writes
962 927 993 981 tc
1017 918 1115 997 Haud
1138 918 1176 981 de
1204 918 1395 997 Bucolicum,
1420 918 1550 997 sanim
1574 921 1647 981 320

524 1002 560 1089 of
584 1002 634 1082 the
658 1021 780 1065 errecrs
805 1000 840 1089 of
863 1000 979 1080 Peter's
1000 1020 1103 1084 peuce)
1132 1000 1196 1060 ced
1220 999 1347 1081 beccinp
1372 999 1440 1061 thet
1464 1020 1546 1061 crore
1571 999 1645 1081 bruc

524 1103 596 1163 crouy
625 1082 659 1143 bc
686 1080 814 1142 allowed
834 1081 890 1164 scr
917 1077 1075 1170 collecticio
1104 1074 1153 1143 the
1181 1080 1311 1141 residere.

483 1239 788 1302 Gnsumrcnuosruu
807 1254 955 1299 uernam
975 1253 1038 1297 uso
1058 1254 1214 1297 unumne
1233 1254 1333 1297 eusrr
1354 1237 1459 1297 Pursr
1480 1255 1645 1299 cessurus

402 1362 553 1416 muneri,
575 1364 619 1425 uu
641 1343 974 1407 sum—venarabili
995 1348 1028 1404 et
1047 1342 1218 1423 approbate
1235 1344 1404 1423 prudencie
1419 1344 1495 1414 viro,
1515 1344 1645 1407 domino

406 1450 535 1531 Hugcni
557 1451 597 1511 de
611 1449 805 1528 Engolisme,
834 1448 965 1509 sacriste
993 1447 1214 1518 Narboniensi,
1236 1448 1356 1509 domini
1376 1449 1478 1509 nostri
1499 1450 1585 1528 Papo
1612 1454 1646 1511 et

406 1556 497 1619 Sedis
525 1554 706 1635 Apostolice
733 1554 768 1615 iu
797 1554 920 1633 Anglia,
950 1554 1066 1625 Sectis,
1097 1553 1221 1625 Wellie,
1256 1560 1289 1615 et
1329 1554 1485 1615 Hibernia
1519 1556 1645 1628 nuncio,

405 1661 516 1733 Adam,
559 1666 629 1732 etc,
667 1660 818 1741 quicquid
855 1665 961 1739 potest
989 1659 1167 1721 reverencie
1194 1665 1227 1722 et
1261 1660 1399 1723 honoris.
1456 1662 1644 1721 Mandatum

404 1774 545 1848 vestrum
566 1776 641 1852 ω’
654 1766 705 1827 die
725 1764 844 1827 mensis
862 1764 941 1825 Maii
961 1764 1138 1844 recepimus
1155 1765 1322 1827 continens
1342 1766 1428 1827 bunc
1442 1772 1645 1828 teucrum:—

405 1873 588 1935 Reverendo
609 1872 642 1933 iu
664 1871 791 1934 Ohristc
812 1870 904 1950 patri,
926 1876 997 1941 etc,
1019 1875 1055 1931 ut
1076 1876 1160 1931 retro
1180 1870 1213 1929 in
1234 1872 1377 1950 proximo
1396 1870 1480 1932 lolio.
1523 1872 1643 1951 Hujus-

404 1977 490 2039 modi
533 1977 630 2057 igitur
669 1976 858 2039 auctoritate
905 1976 1048 2038 mandati
1089 1974 1334 2039 Archidieccnoe
1377 1977 1644 2041 Hereiordensem

404 2087 437 2146 et
472 2082 639 2162 Salcpsirs,
673 2081 856 2147 collectores
890 2080 1046 2152 dictorum
1085 2080 1284 2142 dmeriorum
1323 2082 1356 2141 in
1385 2088 1493 2144 nostra
1527 2084 1644 2146 diocesi

406 2190 527 2251 moneri
551 2188 696 2261 fecimus,
735 2186 795 2257 sub
821 2188 913 2268 penis
949 2187 1097 2267 gravibus
1132 2192 1165 2248 et
1202 2187 1353 2260 censuris,
1388 2194 1425 2249 ut
1462 2189 1645 2267 hujusmodi

405 2298 550 2360 mnenon
575 2297 614 2359 ab
639 2296 721 2376 ipsis
758 2295 908 2373 collectos
942 2294 1035 2357 nobie
1063 2295 1229 2366 solverent,
1268 2300 1305 2356 ut
1332 2301 1490 2368 tenentur,
1519 2297 1573 2376 qui
1603 2296 1646 2359 ob

406 2406 626 2482 paupertatem
652 2401 794 2463 locorum
822 2404 855 2461 et
875 2419 1080 2479 pesonarum
1110 2400 1144 2459 in
1171 2400 1284 2480 quibus
1312 2406 1345 2462 et
1371 2422 1391 2463 a
1418 2402 1532 2482 quibus
1563 2403 1645 2483 erigi

406 2507 510 2572 solent
530 2505 650 2570 denarii
673 2504 850 2580 memorati,
873 2510 942 2565 tum
966 2525 1023 2586 per
1037 2504 1227 2567 errimalium
1248 2506 1474 2585 pestilenciam‚
1499 2514 1568 2569 tum
1589 2530 1646 2589 per

406 2611 666 2692 depredacionem
705 2610 858 2673 bonorum
896 2630 993 2689 quam
1031 2610 1154 2689 notorie
1191 2612 1277 2690 pessi
1316 2617 1392 2674 sunt
1430 2615 1648 2695 multipliciter

405 2718 566 2781 modernis
587 2716 782 2796 temporibus
801 2713 1008 2786 accidentem,
1022 2714 1161 2794 preietoe
1175 2715 1320 2777 denarios
1341 2718 1481 2778 nondum
1506 2719 1646 2798 plenarie

406 2823 589 2903 contingere
605 2826 777 2903 potuerunt
787 2840 796 2892 ;
817 2820 928 2900 viginti
953 2824 1061 2883 temen
1080 2819 1176 2883 libras
1195 2820 1234 2884 ab
1254 2821 1300 2881 sis
1318 2827 1461 2901 receptes
1476 2822 1509 2882 in
1523 2830 1646 2903 partem

407 2928 578 2992 solucionis
606 2927 763 2991 mittimus
791 2926 968 2991 secundum
997 2930 1138 2987 tenorem
1174 2925 1250 2987 dicti
1289 2926 1385 2989 vestri
1422 2928 1563 2990 mandati
1591 2950 1648 3010 per

407 3036 540 3099 latorem
564 3034 764 3114 presencium
799 3032 891 3095 vobis
919 3032 1094 3095 bondonis
1121 3032 1354 3111 persolvendas,
1394 3034 1557 3097 humiliter
1587 3036 1644 3096 im-

407 3142 568 3221 plorantes
587 3138 736 3220 quatinus
755 3137 918 3217 premissis
938 3137 1074 3217 benigna
1094 3137 1347 3200 consideracione
1374 3140 1525 3219 pensatis,
1547 3142 1646 3203 statui

408 3251 518 3311 nostro
544 3244 639 3311 variis
666 3241 875 3307 incommodis
902 3242 1129 3323 temporalibus
1156 3243 1221 3322 jam
1250 3244 1407 3323 depresso,
1440 3246 1493 3325 pio
1520 3266 1645 3328 compe-

408 3352 528 3419 cientes
555 3350 681 3421 affectu,
703 3348 858 3430 prefatam
880 3348 1041 3412 interdicti
1063 3349 1257 3411 sentenciam
1277 3350 1311 3409 in
1330 3370 1389 3412 nos
1408 3350 1504 3413 latam
1527 3353 1645 3415 miseri·

408 3458 544 3521 corditer
563 3453 702 3521 relaxare
728 3460 761 3517 et
781 3455 822 3517 ed
840 3454 1029 3517 solvendum
1055 3454 1215 3517 residuum
1237 3455 1313 3516 dicti
1342 3454 1438 3517 debiti
1466 3457 1647 3520 ulteriorem

408 3563 595 3627 cuononem
630 3562 801 3630 concedere
830 3560 1004 3640 dignemini
1025 3560 1064 3622 de
1085 3562 1190 3640 grecia
1214 3560 1350 3641 speciali.
1406 3562 1526 3623 Datum
1562 3564 1647 3645 apud

410 3666 634 3745 Wormeslsye,
656 3664 721 3745 xvj⁰
740 3664 791 3726 die
812 3665 931 3728 mensis
959 3664 1056 3737 iunii,
1079 3685 1162 3727 anno
1190 3665 1319 3727 Domini
1340 3668 1529 3746 supradicto.

411 3899 493 3961 June
513 3896 670 3958 re-Tte
690 3894 810 3976 Bisbop
830 3896 1039 3957 mesum
1062 3896 1195 3976 Stephon
1208 3896 1245 3958 dc
1263 3898 1408 3977 Lcdtary
1422 3900 1485 3960 ced
1506 3900 1648 3963 Rr'clrerd

532 3978 570 4042 de
599 3978 719 4045 Vmwc
753 3984 783 4040 to
814 3975 941 4055 inquire
968 3976 1035 4039 icto
1059 3976 1112 4039 the
1141 3978 1266 4057 cherqcs
1296 3980 1421 4057 accinet
1456 3982 1590 4061 Stcptec
1615 3982 1653 4063 cf

538 4058 739 4142 Witticotoc
769 4057 957 4139 resecet
985 4056 1021 4130 ic
1049 4057 1098 4135 tu
1126 4058 1270 4141 Biahoc'e
1293 4058 1413 4141 crece·

488 4216 674 4276 Gouurssro
688 4230 751 4273 suo
772 4229 991 4273 umumcroriu
1009 4212 1175 4273 Suessam
1189 4232 1233 4273 nn
1245 4214 1490 4289 Wrrsurrcuu,
1506 4236 1648 4307 ensium,

412 4340 445 4383 ru
478 4337 625 4382 creusae
657 4318 938 4389 neurus—Adam,
971 4323 1041 4391 etc,
1073 4318 1301 4381 venerabilibus
1332 4321 1416 4394 viris,
1448 4321 1583 4403 filiisque
1614 4326 1648 4385 in

413 4428 540 4491 Obristo
562 4425 694 4497 dilectis,
716 4424 875 4504 magistris
897 4423 1059 4503 Stephano
1078 4424 1118 4485 de
1132 4423 1306 4505 Ledcbury,
1327 4426 1454 4501 decano,
1467 4434 1499 4490 et
1513 4430 1649 4493 Ricardo

412 4536 451 4597 de
471 4534 631 4603 vernoun,
663 4530 814 4591 canonico
842 4535 950 4590 nostre
983 4529 1113 4591 ecclesie
1143 4530 1392 4605 Hereicrdeneis‚
1415 4534 1558 4607 salutem,
1587 4542 1647 4599 etc.

414 4642 463 4701 Ex
497 4644 587 4719 parte
616 4636 779 4716 Stephani,
814 4634 871 4694 filii
909 4636 1036 4697 Ricardi
1075 4636 1113 4697 dc
1152 4637 1372 4718 Wythyntcne
1408 4640 1447 4702 de
1484 4642 1649 4717 Hereicrd‚

413 4746 527 4818 clerici,
548 4744 602 4825 qui
623 4762 724 4823 nuper
747 4762 842 4822 snper
865 4741 1054 4822 quibusdam
1075 4742 1257 4804 criminibus
1279 4743 1347 4816 sibi,
1372 4748 1408 4805 ut
1432 4746 1555 4819 dicitur,
1570 4748 1651 4811 falso

314 4876 318 4884 ·
415 4850 572 4933 impositis
600 4869 705 4910 coram
742 4847 847 4928 judice
884 4847 1017 4909 seculari
1055 4849 1095 4909 de
1132 4848 1215 4910 lactc
1243 4849 1415 4923 convictus,
1450 4852 1490 4913 ob
1524 4853 1584 4915 hoc
1615 4855 1648 4915 in

414 4963 523 5020 nostre
550 4953 697 5017 carcerali
724 4953 867 5015 custodia
893 4952 1061 5025 detinetur,
1096 4953 1186 5015 nobie
1213 4952 1274 5014 iuit
1300 4954 1462 5018 humiliter
1493 4959 1647 5039 supplica·

415 5073 484 5127 tum
515 5061 607 5143 quod,
640 5079 713 5121 cum
741 5059 809 5139 ipse
840 5057 971 5120 minime
1006 5058 1198 5120 commiserit
1225 5059 1358 5121 crimina
1388 5064 1576 5143 supradicta,
1607 5067 1648 5128 ad
