3850 5917
679 703 831 784 Episcopi
858 704 1102 784 Harcsordcnsie.
1450 708 1510 767 113

123 936 167 974 AD·
181 937 230 975 ¹⁸¹⁹·
270 927 515 990 Herelordensis
542 929 682 1000 ecclesie,
704 927 820 989 vicario
844 933 953 989 nostro
978 929 1011 988 in
1032 935 1142 990 nostra
1162 929 1308 990 absencia
1327 930 1360 989 in
1383 930 1509 1010 spiritu·

270 1032 371 1093 alibus
414 1033 561 1112 generali,
603 1033 748 1103 salutem,
794 1039 853 1094 etc.
918 1033 1000 1108 Quia
1037 1053 1096 1094 nos
1133 1033 1167 1093 in
1209 1034 1339 1094 remotis
1380 1040 1511 1114 agentes

271 1139 458 1199 mandatum
480 1139 688 1218 apostolicum
709 1159 766 1220 pro
794 1139 940 1200 iohanne
962 1139 1046 1199 dicto
1078 1139 1293 1219 Carpentario,
1318 1139 1512 1201 subdiacono

273 1244 509 1314 Herefordensi,
532 1265 550 1306 a
571 1244 653 1306 bone
674 1245 824 1306 memorie
846 1245 975 1306 domino
995 1244 1131 1305 Ricardo
1153 1246 1312 1325 quondam
1340 1245 1510 1306 Hereford·

271 1351 340 1411 ensi
373 1350 543 1432 Episcopo,
578 1356 688 1413 nostro
722 1351 864 1432 proximo
899 1351 1128 1430 predecessore,
1163 1352 1203 1412 ad
1237 1351 1509 1431 presentacionem

270 1456 487 1536 religiosorum
513 1456 660 1528 virorum,
684 1457 803 1517 Prioris
830 1463 863 1517 et
888 1456 1071 1518 Conventus
1095 1457 1281 1528 Brechonie‚
1307 1457 1509 1518 Menevensis

272 1561 415 1632 diocesis,
458 1563 491 1621 in
520 1562 747 1623 subdiaconum
781 1562 935 1632 ordinato,
971 1562 1062 1623 nobis
1101 1562 1254 1624 directum
1296 1564 1408 1643 exequi
1444 1584 1507 1624 non

270 1667 420 1736 valemus,
467 1668 506 1728 de
554 1667 745 1729 discrecione
794 1673 899 1729 vestra
943 1668 1069 1747 plenem
1112 1668 1146 1726 in
1188 1668 1325 1729 Domino
1361 1669 1509 1729 fiduciam

270 1772 461 1852 optinentes,
483 1773 571 1834 vobis
588 1777 697 1834 tenore
716 1773 914 1852 presencium
932 1774 971 1834 ad
991 1775 1074 1834 idem
1092 1774 1278 1834 mandatum
1300 1775 1509 1853 apostolicum

269 1879 352 1958 quod
374 1879 554 1939 dimisimus
574 1899 671 1958 penes
693 1879 796 1957 ipsum
819 1879 852 1938 in
874 1879 1022 1951 omnibus
1043 1880 1109 1940 suis
1131 1879 1271 1940 articulis
1292 1881 1509 1960 exequendum

268 1983 499 2044 committimus
528 1985 612 2045 vices
648 1991 781 2052 nostras,
810 2005 882 2044 cum
918 1984 1120 2046 coercicionis
1155 1985 1305 2046 canonice
1340 1991 1508 2065 potestate,

268 2090 369 2150 donec
402 2108 456 2150 eas
487 2073 668 2150 duxerimus
708 2090 909 2151 revocandas.
972 2091 1025 2162 Et,
1061 2091 1088 2150 si
1127 2110 1256 2152 necesse
1291 2091 1394 2161 fuerit,
1433 2093 1509 2171 quid

268 2195 407 2270 feceritis
424 2201 456 2256 et
472 2195 654 2258 inveneritis
672 2196 703 2254 in
719 2197 882 2275 premissis
897 2196 988 2257 nobis
1002 2217 1059 2276 per
1072 2203 1194 2258 vestras
1207 2198 1329 2258 litteras
1344 2199 1509 2260 intimetis.

268 2302 389 2362 Datum
415 2300 447 2360 in
469 2300 609 2379 prioratu
631 2302 732 2362 sancti
758 2301 830 2360 Rufi
855 2301 944 2382 juxta
969 2301 1186 2381 Avynyonem,
1211 2303 1324 2363 ultima
1348 2305 1399 2364 die
1420 2305 1509 2374 Meii,

268 2427 352 2467 anno
374 2406 505 2468 Domini
527 2407 741 2478 meconio,
762 2413 820 2469 etc.

269 2620 345 2698 Moy
369 2619 541 2697 6.-R09cr
560 2619 598 2680 de
619 2621 769 2680 Brcictoc
790 2619 880 2679 binde
896 2619 1023 2700 dictaeis
1040 2627 1070 2680 to
1086 2640 1151 2700 puy
1166 2628 1196 2681 to
1218 2621 1302 2681 John
1322 2621 1359 2682 dc
1378 2623 1510 2683 chdlow

387 2701 475 2780 sorty
496 2699 641 2778 chillinps
661 2700 777 2778 yearly.

352 2849 535 2908 Onnrorcro
577 2865 695 2907 nomm
736 2848 867 2908 Roonar
908 2866 952 2908 nn
995 2848 1198 2909 Banruroun
1241 2867 1341 2908 raom
1383 2868 1511 2910 noumo

269 2955 416 3014 Jonsuur
451 2971 495 3012 nr.
531 2954 719 3013 Lonnnown
755 2972 799 3013 nn
834 2971 876 3012 xn
908 2972 934 3014 s.
967 2954 1187 3014 curura—In
1211 2955 1339 3016 nomine
1370 2956 1509 3027 Domini,

269 3061 381 3121 Amen.
425 3060 517 3120 Anno
531 3059 671 3138 ejusdem
688 3059 854 3120 millesimo
869 3060 1090 3121 trecentesimo
1104 3061 1320 3132 decimonono,
1335 3061 1511 3123 indiccione

271 3166 420 3236 secunda,
441 3164 650 3227 Pontificatus
674 3165 794 3224 domini
815 3165 844 3225 J.
867 3166 953 3244 Papo
977 3164 1118 3226 vicesimi
1143 3165 1272 3226 secundi
1294 3185 1377 3226 anno
1402 3166 1508 3237 tercio,

270 3272 391 3332 mensis
416 3271 494 3331 Maii
519 3271 569 3331 die
594 3275 693 3340 sexta,
718 3269 882 3341 Avinione‚
904 3270 935 3329 in
958 3270 1100 3349 hospicio
1124 3270 1208 3349 quod
1231 3254 1419 3331 inhabitavit
1433 3277 1511 3332 tunc

270 3377 424 3456 temporis
452 3377 641 3438 reverendus
669 3381 767 3455 pater,
797 3376 943 3436 dominus
973 3376 1083 3446 Adam,
1112 3376 1172 3436 Dei
1200 3376 1304 3456 gracia
1332 3377 1511 3456 Episcopus

271 3481 526 3553 Herelordensis,
562 3481 594 3540 in
630 3481 692 3542 mei
728 3481 842 3542 notarii
870 3481 987 3560 publici
1025 3486 1057 3542 et
1095 3482 1225 3542 testium
1260 3481 1509 3560 subscriptorum

269 3589 435 3668 presencia
456 3587 663 3667 personaliter
687 3587 889 3658 constitutus,
915 3587 1063 3648 dominus
1087 3587 1229 3666 Rogerus
1249 3588 1299 3648 ds.
1316 3588 1508 3667 Breyntone,

269 3695 388 3757 Rector
413 3694 544 3756 ecclesie
568 3697 607 3755 de
632 3693 709 3764 Aka,
735 3693 978 3754 Herelordensis
1002 3693 1145 3763 diocesis,
1169 3693 1327 3754 fatebatur
1350 3713 1385 3756 se
1409 3695 1509 3755 teneri

272 3809 304 3862 et
324 3801 500 3880 obligatum
529 3821 598 3862 esse
623 3820 661 3861 ex
682 3820 777 3860 causa
797 3799 892 3860 libere
923 3800 1107 3860 donacionis
1134 3799 1262 3860 domino
1282 3799 1312 3859 J.
1341 3800 1379 3860 de
1408 3799 1507 3861 Lode·

268 3907 358 3976 lowe,
390 3907 475 3966 dicto
494 3907 546 3978 de
578 3905 797 3975 Leominstrie,
827 3903 1021 3984 presbytero,
1050 3905 1178 3965 nomine
1205 3925 1310 3965 annue
1337 3906 1509 3984 pensionis,

269 4013 375 4093 quoad
400 4012 521 4082 vixerit,
546 4011 579 4070 in
603 4011 634 4070 xl
645 4031 670 4072 s.
696 4010 916 4090 sterlingorum
943 4011 1102 4071 solvendis
1124 4010 1226 4072 eidem
1250 4011 1343 4072 annis
1367 4010 1509 4090 singulis,

270 4119 418 4179 videlicet
439 4137 514 4178 xxs.
539 4117 573 4177 in
597 4117 679 4180 festo
702 4118 803 4180 sancti
825 4117 1000 4187 Michaelis,
1022 4121 1055 4176 et
1076 4136 1151 4176 xxs.
1173 4117 1207 4175 in
1227 4116 1308 4176 festo
1330 4117 1508 4176 Annuncia-

268 4224 370 4285 cionis
392 4221 531 4300 Virginis
552 4222 685 4302 gloriose
697 4242 705 4293 ;
733 4228 765 4284 et
788 4223 827 4283 ed
851 4222 933 4282 hanc
958 4221 1151 4282 solucionem
1175 4221 1309 4282 fideliter
1332 4220 1507 4282 faciendam

271 4329 424 4408 obligavit
446 4348 488 4398 se,
519 4327 682 4389 ecclesiam
713 4348 802 4389 suam
831 4328 1014 4406 predictam,
1046 4333 1079 4388 et
1107 4327 1214 4387 omnie
1244 4327 1328 4387 bona
1351 4347 1409 4388 sua
1439 4348 1507 4406 pre·

269 4436 377 4498 aeneia
414 4439 447 4496 et
485 4434 600 4494 lutura.
659 4433 698 4493 In
735 4453 869 4513 quorum
907 4433 1125 4494 testimonium
1160 4432 1264 4493 dictus
1299 4432 1337 4492 R.
1371 4432 1508 4513 sigillum

268 4540 458 4604 venerabilis
489 4540 588 4618 patris
619 4539 752 4619 predicti
780 4540 895 4618 apponi
923 4539 1103 4619 procuravit
1130 4539 1342 4599 instrumento
1369 4540 1507 4617 presenti

270 4665 409 4707 unacum
431 4643 532 4724 sigillo
557 4644 676 4704 domini
701 4645 815 4724 Rogeri
829 4644 971 4724 predicti.
1024 4643 1103 4703 Acta
1127 4648 1202 4703 sunt
1226 4642 1285 4702 hec
1309 4643 1508 4722 presentibus

271 4751 418 4813 discretis
450 4750 534 4821 viris,
566 4750 725 4830 magistris
754 4751 867 4831 Egidio
903 4751 988 4811 dicto
1016 4751 1055 4810 de
1087 4749 1288 4828 Baggeshore
1323 4749 1361 4808 de
1389 4750 1510 4810 Astone

270 4856 462 4926 Cantelowe,
491 4861 524 4916 et
551 4856 698 4917 Johanne
730 4856 813 4918 Rees
841 4857 879 4917 de
909 4856 1062 4926 Sharleld,
1091 4855 1292 4916 ecclesiarum
1321 4854 1507 4915 Rectoribus

271 4961 502 5042 wigorniensis
529 4960 672 5023 diocesis¹
700 4963 740 5022 ad
764 4963 918 5041 premissa
942 4961 1062 5023 vocatis
1087 4959 1221 5021 testibus
1248 4965 1280 5020 et
1308 4959 1433 5038 rogatis.

333 5079 428 5121 l-'l'his
441 5079 498 5120 does
511 5083 553 5120 not
566 5087 635 5127 agree
648 5080 707 5124 with
720 5081 762 5122 the
775 5080 918 5128 description
933 5080 956 5120 in
974 5080 1016 5121 the
1034 5083 1091 5120 next
1107 5083 1185 5126 entry.
1224 5077 1334 5125 Possibly
1355 5077 1465 5120 Sharfeld
1488 5079 1509 5120 is

265 5141 364 5185 written
377 5141 416 5184 for
430 5140 576 5184 Sarnaleld.
629 5155 630 5162 ¹
