3850 5917
709 703 860 783 Episcopi
888 702 1130 783 Herejordcasis.
1498 705 1536 763 11

119 933 181 975 l-D·
197 933 254 975 ¹³¹⁷·
297 928 400 1009 Regni
423 928 535 1011 Anglie
556 950 593 990 ao
620 928 774 992 Hibernia
804 933 836 990 et
867 927 982 990 Wallie
1005 927 1147 1007 parcium
1171 927 1392 1007 predictarum,
1413 947 1535 987 necnon

297 1034 548 1096 contradictores
568 1054 625 1115 per
654 1054 820 1096 censuram
842 1032 1089 1094 ecclesiasticam
1118 1030 1333 1111 appellacione
1360 1031 1540 1111 postposita

296 1140 519 1220 compescendi
540 1140 666 1221 plenam
694 1139 784 1201 vobis
815 1144 848 1200 et
878 1137 1048 1219 unicuique
1078 1142 1220 1199 vestrum
1241 1138 1455 1198 concessimus
1481 1157 1540 1217 per

297 1245 376 1307 alias
397 1251 524 1307 nostras
545 1246 667 1307 litterae
688 1244 893 1316 facultatem
925 1264 1036 1306 verum
1059 1243 1262 1304 intendentes
1295 1248 1332 1303 ut
1355 1243 1539 1323 hujusmodi

298 1352 463 1413 concessio
484 1372 578 1413 suum
597 1351 723 1432 plenius
744 1352 898 1412 sorciatur
918 1350 1077 1421 effectum,
1099 1348 1255 1428 quoslibet
1274 1349 1413 1429 prelatos
1434 1350 1537 1429 cujus·

297 1476 423 1538 cunque
450 1458 682 1538 preeminencie
711 1458 762 1518 vel
793 1458 956 1537 dignitatis
984 1456 1156 1528 extiterint,
1183 1476 1308 1517 necnon
1335 1461 1473 1517 rectores
1500 1476 1539 1517 ao

297 1564 457 1643 regulares
483 1564 718 1636 (iisteroienees,
745 1562 978 1635 cluniacenses,
1003 1563 1324 1634 Premonstratenses,
1348 1567 1381 1622 et
1405 1562 1539 1622 aliorum

298 1670 456 1743 ordinum,
485 1670 656 1751 Magistros
681 1689 815 1750 quoque,
840 1668 975 1740 Priores,
1003 1668 1217 1748 Preoeptores‚
1241 1672 1275 1728 et
1298 1666 1412 1728 fratres
1436 1666 1539 1728 sancti

299 1775 457 1837 Jobennis
478 1775 736 1847 Jerusolimitani,
759 1781 791 1837 et
812 1775 944 1837 aliorum
966 1793 1224 1855 quorumcunque
1246 1773 1451 1853 hospitalium
1471 1774 1539 1835 sive

300 1881 476 1954 domorum,
502 1886 534 1942 et
558 1881 636 1943 alias
659 1900 811 1962 personas
836 1879 1065 1943 ecclesiasticas
1090 1878 1325 1941 Gathedralium
1349 1884 1383 1940 et
1405 1879 1537 1939 abarum

299 1993 504 2055 ecclesiarum
535 2013 592 2054 seu
621 1992 885 2054 monasteriorum
917 1996 1134 2070 exemptorum
1165 1994 1198 2051 et
1224 2009 1290 2049 uon
1321 1993 1540 2068 exemptorum

299 2100 401 2180 Regni
427 2099 537 2179 Anglie
565 2119 601 2160 ac
630 2098 783 2159 Hibernis
811 2103 844 2159 et
873 2096 988 2159 Wallie
1014 2096 1153 2176 partium
1179 2095 1401 2175 predictarum,
1427 2096 1537 2156 eadem

299 2210 406 2269 vestra
437 2205 593 2266 dictorum
623 2204 825 2285 negociorum
855 2202 1080 2284 proseouoione
1110 2202 1254 2273 durante,
1284 2221 1342 2281 per
1371 2221 1539 2262 censuram

299 2310 547 2375 ecclesiasticam
563 2309 778 2391 appellacione
792 2309 971 2389 postposita
990 2308 1198 2389 compellendi
1214 2307 1254 2368 ad
1274 2308 1539 2371 contribuendum

300 2418 334 2479 in
367 2416 646 2497 procuracionibus
676 2416 765 2477 vobis
800 2414 924 2487 debitis,
959 2434 1025 2476 non
1059 2414 1260 2475 obstantibus
1297 2414 1537 2495 quibuscunque

298 2521 471 2605 privilegiis
492 2527 525 2583 et
545 2521 659 2583 litteris
680 2520 862 2601 apostolicis
882 2540 939 2600 per
959 2539 1021 2601 que
1041 2520 1075 2579 in
1101 2520 1162 2581 hac
1192 2526 1283 2599 parte
1302 2527 1435 2600 possent
1461 2540 1537 2601 quo·

298 2627 470 2690 modolibet
502 2648 537 2689 se
565 2628 656 2700 tueri,
688 2632 720 2688 et
749 2627 789 2688 de
817 2626 932 2706 quibus
961 2645 1157 2706 quorumque
1191 2626 1269 2688 totis
1302 2626 1465 2688 tenoribus
1499 2628 1538 2690 de

296 2734 393 2798 verbo
421 2734 461 2793 ad
491 2733 622 2795 verbum
650 2733 743 2795 debet
774 2733 841 2794 fieri
872 2732 905 2792 in
933 2731 1052 2793 nostris
1083 2731 1198 2793 litteris
1227 2732 1352 2793 mencio
1382 2733 1538 2812 specialis,

296 2840 425 2922 plenam
453 2838 542 2901 vobis
562 2844 596 2901 et
616 2840 785 2920 unicuique
805 2844 947 2901 vestrum
975 2837 1178 2899 concedimus
1198 2843 1308 2900 tenore
1337 2838 1538 2918 presencium

297 2944 491 3007 facultatem.
544 2946 664 3006 Datum
689 2944 852 3017 Avinione,
877 2944 928 3024 xvj
955 2943 1026 3005 Kal.
1051 2942 1178 3023 Aprilis,
1203 2942 1412 3005 Pontificatus
1435 2944 1537 3005 nostri

298 3070 382 3113 anno
399 3050 512 3131 primo.
554 3050 636 3112 Oum
652 3050 759 3131 itaque
777 3050 908 3130 grandia
926 3070 1023 3111 onera
1039 3068 1247 3129 expensarum
1263 3049 1297 3108 in
1313 3050 1538 3128 prosecucioue

298 3157 502 3237 negociorum
521 3156 614 3218 nobis
634 3175 691 3236 per
711 3156 819 3217 sedem
839 3155 1045 3235 apostolicam
1073 3154 1289 3234 injunctorum
1309 3153 1484 3233 oportuerit
1503 3158 1537 3215 et

299 3266 445 3343 oportent
475 3281 535 3323 nos
565 3262 679 3334 subire,
711 3266 744 3323 et
774 3260 815 3323 ob
849 3261 910 3322 hoo
940 3260 975 3320 in
1008 3259 1128 3340 Reguis
1158 3259 1269 3341 Anglie
1299 3265 1332 3321 et
1364 3260 1469 3321 Scotie
1500 3279 1537 3320 ao

299 3368 454 3431 Hibemie
474 3373 507 3430 et
528 3368 642 3429 Wallie
658 3366 802 3448 partibus
822 3366 1063 3447 procuraciones
1079 3366 1114 3425 iu
1134 3366 1312 3428 relevamen
1328 3384 1537 3445 expensarum

298 3474 482 3556 hujusmodi
507 3474 597 3555 juxta
617 3480 759 3536 tenorem
783 3474 961 3535 litterarum
982 3472 1226 3553 apostolicarum
1246 3472 1459 3551 predictarum
1479 3491 1537 3551 pro

297 3582 401 3663 primo
422 3600 506 3642 anno
527 3581 560 3641 iu
588 3580 670 3642 festo
700 3579 888 3642 Natiuitatis
917 3579 1020 3642 sancti
1050 3578 1208 3640 iohannis
1228 3578 1374 3657 Baptista
1394 3577 1538 3657 proxime

298 3688 451 3769 preterito
492 3686 641 3748 inchoato
682 3686 922 3759 decreverimus,
957 3685 1102 3765 erigendi
1138 3684 1327 3746 auctoritate
1365 3683 1538 3764 apostolica

297 3792 390 3855 nobis
413 3792 448 3853 in
469 3792 530 3853 hac
549 3798 640 3872 parte
659 3810 818 3864 concessa,
839 3790 1032 3871 imponendi,
1050 3790 1189 3870 petendi,
1210 3788 1353 3869 exigendi
1374 3793 1406 3850 et
1425 3789 1535 3869 recipi-

298 3898 372 3961 endi
402 3918 460 3979 per
493 3916 553 3960 nos
590 3896 640 3959 vel
677 3916 733 3977 per
768 3896 864 3957 alium
896 3916 952 3958 seu
986 3896 1065 3957 alios
1102 3895 1231 3956 nomine
1251 3899 1284 3956 et
1310 3894 1436 3955 racione
1465 3914 1536 3974 pro·

298 4004 500 4066 curecionum
557 4008 737 4065 nostrarum
797 4002 980 4083 hujusmodi
1035 4000 1247 4081 quantitatem
1304 3999 1537 4081 infrascriptam

299 4110 339 4173 ab
375 4110 524 4171 omnibus
561 4113 594 4170 et
636 4108 768 4189 singulis
809 4106 985 4170 Abbatibus
1029 4107 1147 4179 electis,
1183 4106 1353 4177 Prioribus,
1389 4105 1536 4178 Decanis,

299 4217 483 4298 Prepositis,
516 4214 761 4287 Archidiaoonis,
797 4214 1095 4294 Archipresbyteris‚
1123 4217 1156 4274 et
1183 4212 1254 4273 aliis
1274 4212 1477 4273 ecclesiarum
1504 4216 1537 4273 st

299 4324 564 4388 monasteriorum
584 4321 715 4402 prelatis
735 4324 768 4383 et
788 4319 970 4383 rectoribus
983 4319 1164 4391 eorundem,
1185 4337 1310 4379 necnon
1334 4316 1480 4396 capitulis
1503 4321 1537 4378 et

299 4429 517 4499 conventibus,
553 4426 782 4497 cisterciencis,
818 4424 1045 4496 cluniacensis,
1083 4423 1396 4494 Premonstratensis,
1434 4422 1537 4483 sancti

300 4535 476 4605 Benedicti,
502 4539 535 4595 et
558 4533 691 4595 aliorum
715 4532 860 4593 ordinum
885 4550 1153 4611 quorumcunque,
1181 4548 1306 4590 necnon
1333 4528 1480 4590 omnibus
1503 4533 1538 4590 et

300 4642 433 4723 singulis
471 4640 635 4721 Magistris
672 4644 705 4701 et
742 4637 984 4717 Preoeptoribus
1021 4636 1187 4697 domorum
1227 4634 1394 4714 hospitalis
1434 4633 1537 4694 sancti

300 4747 457 4813 iohannis
478 4744 737 4816 Jerusolimitani,
763 4748 795 4805 et
820 4743 953 4804 aliorum
976 4760 1235 4822 quorumcunque
1255 4740 1460 4819 hospitalium
1480 4758 1538 4801 seu

300 4856 466 4917 domorum
494 4850 668 4913 rectoribus
694 4849 870 4929 ceterisque
897 4847 976 4909 iocis
1003 4846 1125 4908 clericis
1149 4850 1182 4907 et
1204 4845 1348 4926 personis
1375 4844 1536 4906 ecclesias·

300 4961 373 5025 ticis
393 4956 588 5039 regularibus
608 4961 641 5018 et
657 4955 859 5027 secularibus,
874 4953 1029 5033 exemptis
1049 4957 1082 5013 et
1097 4971 1163 5013 non
1183 4950 1345 5031 exemptis,
1360 4955 1535 5011 vestrarum

300 5066 440 5131 civitatis
461 5068 494 5126 et
514 5062 657 5135 diocesis,
686 5060 872 5123 discrecioni
892 5064 1006 5131 vestre,
1034 5059 1073 5119 de
1103 5077 1166 5138 qua
1185 5056 1220 5116 in
1250 5057 1310 5117 bac
1333 5060 1423 5137 parte
1443 5056 1535 5134 plene
