3850 5917
230 933 288 974 ab.
303 933 361 974 1³1⁷.

402 704 442 764 28
775 703 955 782 Repa'strem
981 703 1047 764 Ado
1073 703 1111 763 de
1140 703 1264 764 Orletorr

483 926 566 988 Item
588 927 746 989 commisit
767 927 869 989 eidem
897 926 965 989 Ade
994 947 1052 1008 pro
1072 927 1194 988 Thomu
1225 927 1336 989 Broun
1363 947 1502 1008 paupere
1522 927 1636 990 clerico

401 1035 485 1115 quod
515 1035 686 1114 providerit
715 1034 775 1096 sibi
796 1036 834 1096 de
856 1035 961 1114 aliquo
992 1034 1145 1096 beneficio
1165 1039 1330 1114 spectante
1351 1035 1562 1097 communiter
1585 1035 1637 1096 vel

401 1140 526 1201 divisim
548 1141 587 1200 ad
608 1140 811 1202 collacionem
831 1141 881 1202 vel
902 1141 1175 1221 presentacionem
1196 1141 1315 1202 Prioris
1336 1145 1369 1202 et
1391 1140 1575 1203 Conventus
1596 1142 1637 1203 de

402 1246 588 1308 Monemuta
609 1247 751 1327 ejusdem
772 1247 891 1308 ordinis
912 1247 971 1308 sub
992 1247 1067 1308 data
1086 1247 1206 1309 eedem.

401 1475 484 1556 Sept.
505 1475 661 1536 er-The
691 1474 810 1554 Birhop
830 1474 933 1534 writer
955 1481 984 1535 to
1006 1475 1056 1535 the
1086 1474 1253 1536 Gardirrolr
1276 1475 1344 1536 thet
1373 1475 1408 1536 he
1429 1475 1496 1535 will
1516 1476 1591 1537 send
1611 1496 1633 1536 a

516 1555 642 1636 portion
662 1557 697 1636 os
714 1555 763 1616 the
779 1554 997 1635 procuratione
1027 1555 1064 1615 in
1093 1576 1114 1615 a
1128 1556 1190 1636 few
1211 1555 1298 1634 days,
1321 1555 1386 1616 aad
1415 1555 1483 1616 will
1502 1556 1631 1636 procoed

522 1637 646 1715 against
668 1637 750 1698 thore
770 1637 837 1697 who
859 1636 935 1696 bace
953 1643 1008 1698 not
1023 1636 1114 1716 paid.

470 1791 713 1853 Ousrirrcacro
734 1809 839 1852 surae
863 1808 1065 1852 connectere
1096 1808 1372 1852 esocueecrouuu
1404 1790 1636 1852 (laromemurr

400 1916 504 1959 ruxre
538 1916 720 1959 usurarum
755 1915 898 1958 resonum
932 1915 1132 1961 coursuuuu
1167 1915 1202 1957 m
1237 1899 1280 1956 νιο
1311 1914 1406 1958 rouro
1437 1915 1478 1957 ee
1512 1915 1639 1958 reno.-

399 2003 591 2065 Reverendis
620 2004 653 2063 in
682 2003 809 2065 Christo
837 2003 980 2084 patribus
1018 2003 1155 2064 dominis
1188 2002 1254 2064 suis
1285 2002 1422 2064 dominis
1452 2003 1635 2076 Gaucelino,

399 2109 460 2171 Dei
479 2109 583 2189 gracia
604 2109 689 2170 tituli
709 2113 891 2170 sanctorum
912 2108 1089 2169 Marcellini
1109 2114 1142 2170 et
1163 2109 1249 2170 Petri
1268 2108 1460 2189 presbytero,
1482 2115 1514 2171 et
1535 2109 1633 2183 Luce,

398 2220 507 2275 sancte
536 2214 637 2274 Maris
667 2215 701 2273 in
731 2215 783 2275 via
813 2215 893 2274 Lata
920 2215 1063 2286 diacono,
1091 2214 1317 2283 'Oardinalibus
1347 2215 1518 2293 apostolice
1547 2216 1633 2277 sedis

400 2320 534 2392 nunciis,
554 2319 603 2381 vel
624 2339 733 2381 eorum
753 2319 1018 2399 procuratoribus,
1040 2320 1150 2392 Adam,
1173 2325 1232 2382 etc.
1286 2319 1474 2381 Mandatum
1494 2325 1636 2382 vestrum

398 2427 440 2508 xij
463 2427 513 2488 die
534 2427 652 2489 mensis
684 2424 818 2506 Augusti
849 2446 944 2506 super
971 2427 1141 2487 collacione
1165 2426 1429 2506 procuracionum
1457 2431 1636 2488 vestrarum

398 2534 574 2613 recepimus
596 2554 723 2594 omnem
752 2533 950 2612 diligenciam
971 2552 1067 2612 quam
1091 2531 1253 2611 potuimus
1282 2551 1339 2611 per
1367 2551 1425 2593 nos
1446 2536 1478 2593 et
1505 2539 1634 2598 nostros

398 2637 561 2699 ministros
596 2643 791 2718 apponentes
820 2637 902 2697 circa
942 2636 1136 2698 levacionem
1171 2640 1203 2696 et
1238 2636 1442 2697 collecionem
1483 2636 1634 2716 ipsarum.

399 2743 570 2804 Pecuniam
591 2748 698 2804 autem
718 2763 777 2804 nos
802 2743 1038 2822 contingentem
1060 2747 1092 2804 et
1113 2762 1208 2822 quam
1230 2741 1378 2803 Decanus
1399 2746 1432 2804 et
1453 2741 1636 2823 Capitulum

400 2848 657 2921 Herefordensee‚
683 2849 865 2910 collectores
887 2848 1148 2928 procuracionem
1169 2848 1309 2928 ipsarum
1329 2867 1387 2927 per
1404 2868 1464 2911 nos
1491 2848 1636 2928 deputati

400 2959 434 3018 in
455 2958 591 3031 civitate,
620 2959 775 3020 decanatu
802 2963 835 3018 et
866 2957 1122 3019 archidiaconatu
1153 2957 1388 3032 Herelordensi,
1418 2965 1451 3022 et
1475 2960 1581 3020 Abbas
1604 2964 1638 3021 et

400 3072 574 3129 conventus
609 3067 648 3129 de
679 3067 888 3146 Wyggemore
919 3066 952 3125 in
985 3066 1241 3127 archidiaconatu
1274 3066 1441 3148 Salopsire,
1472 3067 1637 3148 hucusque

400 3173 544 3252 colligere
571 3176 742 3252 potuerunt
769 3176 899 3252 propter
936 3171 1088 3251 temporis
1125 3171 1312 3233 brevitatem
1345 3173 1435 3235 vobis
1471 3173 1636 3235 mittemus

400 3278 482 3339 inira
502 3298 619 3359 paucos
643 3278 710 3340 dies
738 3298 795 3359 per
821 3278 955 3338 nuncios
983 3278 1163 3348 eorundem,
1185 3283 1217 3338 et
1245 3284 1356 3340 contre
1382 3299 1448 3340 non
1476 3279 1637 3341 solventes

399 3406 455 3466 per
475 3405 624 3447 censuras
644 3385 873 3447 ecclesiastices
891 3384 1018 3464 gravius
1039 3403 1101 3464 qno
1122 3385 1296 3464 poterimus
1319 3386 1526 3464 procedemus
1546 3386 1637 3465 juxta

401 3491 542 3552 mandati
576 3491 673 3552 vestri
707 3491 830 3552 seriem.
886 3491 1007 3550 Datum
1041 3490 1125 3569 apud
1154 3490 1293 3570 Sugwas,
1326 3491 1408 3570 xxvij
1439 3491 1490 3553 die
1518 3492 1637 3554 mensis

405 3596 606 3676 Septembris,
628 3615 711 3656 anno
732 3595 862 3657 Domini
883 3594 1148 3676 Mmcccvxvija

405 3831 486 3910 Sept.
508 3827 663 3888 29.-Tha
695 3825 853 3887 Sat-deca
873 3827 908 3906 os
935 3825 1087 3906 Hereford
1117 3825 1220 3888 writer
1242 3833 1271 3887 to
1300 3826 1411 3906 certify
1436 3826 1485 3888 rte
1516 3826 1637 3908 Bichop

526 3909 602 3978 that,
638 3908 672 3968 in
714 3906 897 3968 accordante
930 3905 1008 3966 with
1043 3906 1092 3968 his
1133 3907 1344 3979 instructiores,
1385 3907 1422 3969 he
1456 3907 1512 3969 hcc
1553 3907 1636 3970 cited

529 3989 668 4050 william
687 3989 724 4048 de
746 3987 777 4048 la
798 3986 872 4066 Hay
895 3993 924 4047 to
945 4007 1062 4067 appear
1082 3988 1179 4066 before
1201 3987 1251 4047 the
1271 3987 1390 4068 Birhop
1411 4009 1451 4050 oa
1479 3990 1561 4070 Sept.
1584 3993 1635 4051 30.

485 4147 788 4208 Oueursrcarorrun
830 4161 935 4206 surse
977 4161 1149 4205 orracrouu
1183 4144 1364 4203 Wrnnunui
1399 4162 1443 4204 nn
1478 4162 1519 4205 na
1560 4147 1638 4206 Har

402 4250 839 4314 cessurusne-Reverendo
864 4249 897 4308 in
923 4247 1051 4310 Christo
1080 4248 1164 4328 patri
1195 4253 1227 4309 et
1258 4247 1387 4308 domino
1419 4268 1486 4320 suo,
1507 4251 1637 4312 domino

405 4359 480 4430 Ade,
502 4363 571 4429 etc,
593 4376 669 4419 suus
693 4355 821 4416 humilis
842 4355 977 4416 devotus
998 4353 1194 4414 subdecanus
1227 4351 1470 4414 Herelordensis
1490 4354 1636 4430 salutem,

405 4471 463 4528 etc.
506 4464 693 4525 Mandatum
722 4465 862 4523 vestrum
894 4461 944 4522 die
969 4458 1117 4521 Mercurii
1137 4459 1279 4539 proximo
1300 4464 1375 4520 ente
1395 4458 1513 4520 testam
1533 4463 1637 4523 sancti

405 4571 570 4632 Michaelis
590 4568 765 4647 recepimus
787 4566 953 4627 continens
981 4566 1066 4626 hunc
1088 4569 1238 4626 tenorem.
1296 4563 1405 4636 Adam,
1429 4570 1500 4637 etc..
1521 4565 1638 4628 dilecto

405 4679 438 4739 in
460 4677 585 4739 Christo
609 4674 674 4735 filio
695 4673 874 4735 subdecano
896 4670 1121 4732 Herelordenei
1137 4671 1282 4744 sulutem,
1305 4676 1364 4732 stc.
1406 4671 1504 4733 Vobis
1528 4677 1639 4735 tenore

404 4783 601 4866 presencium
623 4779 851 4842 committimus
865 4784 897 4840 et
918 4777 1105 4837 mandamus
1126 4777 1159 4835 in
1173 4777 1290 4838 virtute
1310 4776 1491 4837 obediencie
1505 4776 1640 4839 firmiter

404 4891 605 4971 injungentes
638 4886 788 4968 quatinus
812 4885 917 4946 citetis
949 4903 1006 4945 seu
1037 4882 1126 4943 citari
1156 4881 1280 4943 faciatis
1311 4881 1505 4942 Willelmum
1540 4883 1580 4944 dc
1607 4883 1640 4944 la

405 4997 488 5076 Hay,
516 4993 744 5075 presbyterum,
774 4995 955 5051 manentem
986 4989 1019 5048 in
1040 4987 1143 5049 viculo
1170 4988 1225 5068 qui
1255 4992 1386 5048 vocetur
1419 4985 1638 5052 Oabeohelone

404 5099 598 5170 Herefordie,
619 5097 703 5179 quod
724 5099 905 5177 compareat
932 5114 1038 5155 coram
1059 5093 1150 5154 nobis
1170 5093 1204 5152 in
1234 5091 1354 5171 capelle
1381 5092 1514 5154 manerii
1534 5095 1637 5155 nostri
