3850 5917
685 686 837 767 Episcopi
863 687 1108 766 Hercsordcnsis.
1456 688 1526 750 123‘

121 917 168 956 ΑΒ·
183 918 232 957 ¹³2⁰·
271 931 383 972 evome
404 931 444 971 au
465 911 511 971 dit
532 911 688 992 Evesque,
719 911 774 991 qui
802 930 883 971 nous
915 915 1040 971 teuoms
1068 916 1176 972 nostre
1200 912 1302 972 entier
1322 932 1404 991 amy,
1436 933 1516 974 vous

272 1016 463 1077 msundoms
484 1036 545 1096 que
565 1037 644 1078 vous
665 1037 706 1082 ne
726 1016 874 1096 preignez
895 1037 936 1077 ne
968 1037 1008 1078 ne
1039 1016 1173 1078 soeffrez
1204 1023 1288 1078 estre
1309 1039 1384 1097 prys
1413 1018 1516 1080 buche

272 1142 314 1183 ne
335 1127 426 1184 autre
446 1122 541 1183 chose
562 1142 603 1183 en
623 1143 682 1183 son
706 1122 753 1182 dit
775 1122 852 1201 boys
873 1128 1052 1182 entrement
1073 1143 1134 1202 que
1159 1143 1199 1184 ne
1221 1123 1312 1184 soleit
1334 1130 1417 1185 estre
1441 1145 1517 1205 prys

274 1249 315 1289 en
337 1234 442 1308 temps
463 1229 502 1288 de
522 1233 630 1290 nostre
654 1233 837 1290 auncestres
861 1233 893 1290 et
914 1228 971 1289 des
991 1229 1210 1308 predecessore
1230 1229 1335 1290 dedit
1356 1229 1512 1310 Evesque.

272 1333 365 1395 Etsi
386 1353 466 1395 vous
493 1353 588 1395 evecz
609 1334 678 1394 rien
699 1333 764 1413 pris
786 1338 966 1395 outrement
986 1353 1047 1413 que
1065 1355 1106 1395 en
1127 1335 1188 1394 due
1209 1355 1346 1406 manere,
1368 1336 1397 1396 le
1425 1336 1513 1398 facee

273 1445 409 1501 restorer
436 1445 471 1500 et
501 1439 651 1500 emender
678 1459 777 1500 ssunz
815 1438 915 1518 delay,
952 1459 1010 1519 qar
1045 1459 1127 1500 noue
1155 1440 1277 1501 voloms
1310 1461 1370 1520 que
1406 1442 1435 1502 le
1467 1442 1516 1502 dit

277 1547 401 1627 Evesqe
434 1552 466 1607 et
501 1547 548 1608 les
582 1565 676 1607 seons
711 1545 814 1606 soient
849 1565 921 1606 esez
957 1565 997 1606 en
1031 1566 1133 1626 qanqe
1172 1566 1253 1606 nous
1288 1566 1453 1625 pourroms
1482 1553 1515 1608 et

273 1653 437 1714 deveroms
465 1657 498 1713 et
525 1671 583 1732 pst
609 1650 655 1712 les
686 1671 754 1712 nos.
817 1651 934 1730 Escryt
966 1672 986 1712 a
1017 1651 1181 1712 Loundres
1209 1651 1239 1713 le
1270 1652 1353 1732 xxvij
1384 1653 1456 1732 jour
1476 1653 1517 1714 de

276 1757 420 1819 Feverer.

275 1975 347 2036 Feb.
374 1974 530 2035 27⁸le
558 1973 692 2053 Bisbops
717 1973 752 2053 os
777 1972 928 2053 Heresord
953 1973 1017 2032 ond
1045 1974 1158 2034 Ecstor
1180 1973 1298 2052 jointly
1322 1973 1518 2035 commission

399 2055 502 2116 Adam
521 2053 716 2115 Muriosouth
738 2061 767 2114 to
788 2061 838 2114 act
853 2056 908 2132 for
930 2053 1011 2114 them
1031 2053 1066 2113 io
1085 2075 1129 2114 on
1148 2055 1300 2132 exchanpe
1320 2056 1355 2134 of
1377 2055 1516 2134 beneficos

401 2136 528 2196 between
548 2135 661 2196 Robcrt
681 2135 859 2206 Hercword,
880 2134 993 2195 Rector
1006 2136 1042 2213 of
1059 2135 1106 2194 St.
1126 2135 1431 2214 Mowpon-in-Gury,
1452 2137 1518 2196 ond

399 2217 541 2278 Richord
561 2217 602 2276 dc
619 2215 828 2294 Nonoinqton,
854 2215 1051 2292 Praecedens
1072 2216 1107 2294 of
1131 2217 1341 2277 Borionshom
1360 2217 1396 2276 in
1421 2217 1515 2278 Here-

393 2297 468 2377 ford
491 2297 667 2358 Gathcdroi.
725 2297 788 2357 The
808 2295 959 2375 ecchoupe
979 2316 1043 2357 was
1064 2297 1228 2376 cmopletcd
1250 2297 1361 2358 March
1380 2302 1409 2358 1.

362 2452 508 2511 Lmrsss
543 2469 587 2510 na
623 2468 877 2511 reauurscronn
911 2451 1095 2510 Pssssuoe
1131 2469 1175 2510 os
1217 2451 1517 2513 Bounomeia.-

277 2558 438 2619 Walterus
456 2557 671 2642 permissione
682 2557 789 2617 divina
808 2557 997 2618 Exoniensis
1016 2561 1049 2618 et
1069 2556 1170 2617 Adam
1187 2577 1243 2637 per
1261 2559 1394 2619 eandem
1415 2559 1514 2621 Here-

279 2665 435 2727 iordensis
450 2665 628 2743 Episcopus
643 2663 758 2724 dilecto
771 2662 836 2724 filio
851 2663 1002 2741 magistro
1013 2663 1079 2724 Ade
1093 2662 1311 2742 Murymouth,
1327 2664 1517 2726 Exoniensis

279 2776 312 2833 et
333 2769 576 2831 Hereiordensis
597 2767 799 2829 ecclesiarum
822 2767 984 2839 canonico,
1005 2767 1149 2839 sulutem,
1171 2773 1231 2828 etc.
1287 2767 1368 2829 Cum
1389 2769 1517 2830 discreti

278 2877 335 2937 viri
361 2875 512 2954 magistri,
538 2873 695 2935 Robertus
724 2873 906 2944 Hereward,
934 2874 1052 2934 Rector
1079 2873 1210 2934 ecclesie
1234 2873 1336 2934 sancti
1365 2874 1515 2954 Mengani

278 2981 312 3040 in
329 2981 459 3060 Keryer,
477 2979 666 3040 Exoniensis
684 2977 826 3050 diocesis,
844 2984 877 3039 et
891 2978 1045 3039 Ricardus
1064 2979 1103 3038 de
1117 2978 1330 3058 Noningtone,
1346 2979 1517 3040 canonicus

279 3085 520 3148 Hereiordensis
548 3090 580 3145 et
602 3084 826 3163 prebendarius
850 3084 1007 3164 prebende
1032 3085 1072 3145 de
1094 3085 1325 3145 Bertonesham
1348 3085 1381 3144 in
1405 3085 1516 3146 eadem

279 3191 504 3254 Hereiordensi
531 3190 672 3261 ecclesie,
694 3189 846 3251 beneficia
869 3189 1012 3269 predicta
1038 3211 1076 3251 ex
1105 3190 1199 3251 certis
1227 3195 1259 3250 et
1288 3191 1515 3252 sufficientibus

279 3299 392 3368 causis,
414 3298 490 3357 dum
518 3301 626 3358 tamen
648 3297 687 3356 ed
716 3296 748 3355 id
768 3300 877 3358 nostra
907 3297 1036 3356 accedat
1065 3297 1245 3366 auctoritas,
1272 3296 1448 3367 intendant,
1478 3302 1517 3357 ut

280 3403 499 3472 intelleximus,
521 3401 656 3462 invicem
684 3407 873 3482 permutare,
899 3406 931 3462 et
956 3422 994 3462 ex
1018 3422 1114 3462 cause
1137 3402 1383 3480 permutacionis
1408 3402 1515 3482 hujus-

280 3509 365 3570 modi
394 3507 545 3569 beneficia
573 3507 715 3586 predicta
742 3526 829 3586 pure,
860 3512 983 3586 sponte,
1016 3506 1211 3586 simpliciter,
1239 3512 1272 3568 et
1303 3507 1454 3579 absolute,
1483 3513 1517 3568 et

279 3615 356 3675 alies
377 3613 527 3696 canonice
548 3612 706 3692 resignare
728 3618 907 3692 proponent
919 3631 926 3683 ;
948 3633 1008 3674 nos
1024 3618 1130 3674 autem
1153 3613 1335 3692 hujusmodi
1357 3619 1515 3693 permuta·

279 3721 360 3781 cioni
382 3739 546 3781 assensum
574 3723 607 3780 et
634 3718 854 3779 auctoritatem
875 3724 1017 3779 nostram
1046 3718 1239 3798 conjunctim
1265 3723 1297 3778 et
1324 3718 1449 3779 divisim
1478 3739 1516 3779 ex

279 3827 382 3887 causis
405 3824 632 3886 sufficientibus
653 3845 714 3904 que
735 3844 793 3885 nos
816 3829 945 3885 movent
967 3824 1120 3903 impertiri
1141 3823 1292 3893 volentes,
1317 3824 1391 3902 quia
1408 3828 1515 3885 tamen

278 3937 407 4012 propter
437 3931 563 4011 longam
594 3935 627 3991 et
657 3929 806 3990 festinam
837 3929 1017 3991 obseouium
1045 3934 1133 3990 extra
1159 3947 1291 4008 regnum
1312 3928 1432 4008 Anglie,
1454 3950 1516 4008 que

278 4043 407 4116 propter
427 4035 597 4096 utilitatem
618 4035 777 4114 publicam
798 4035 894 4115 Regis
921 4041 953 4097 et
981 4035 1069 4114 regni
1097 4035 1208 4114 Anglis
1232 4035 1323 4096 nobis
1351 4035 1514 4108 incumbit,

279 4142 442 4223 premissis
466 4141 673 4220 personaliter
695 4141 857 4201 attendere
878 4161 941 4200 non
964 4141 1114 4212 velemus,
1136 4140 1321 4201 discrecioni
1341 4146 1454 4211 vestre,
1476 4142 1516 4202 de

280 4268 341 4327 qua
362 4247 455 4326 plene
476 4245 672 4316 confidimus,
701 4245 930 4306 committimus
958 4251 990 4306 et
1018 4245 1205 4306 mandamus
1230 4245 1379 4325 quatinus
1406 4245 1514 4325 hujus·

279 4354 365 4414 modi
386 4352 618 4432 resignaciones
639 4352 794 4412 dictorum
823 4352 1044 4432 magistrorum
1073 4351 1202 4412 Roberti
1231 4357 1263 4412 et
1290 4352 1416 4411 Ricardi
1447 4353 1516 4414 vice

280 4465 312 4521 et
340 4458 528 4520 auctoritate
556 4464 665 4518 nostra
692 4457 842 4519 canonice
863 4457 1048 4528 admittatis,
1081 4457 1221 4536 ipsisque
1248 4457 1515 4536 resignacionibus

281 4566 340 4626 sibi
376 4565 531 4634 admissis,
561 4563 600 4623 ed
636 4563 790 4642 prefatam
826 4563 992 4624 ecclesiam
1030 4563 1131 4624 sencti
1170 4562 1321 4642 Mangsni
1358 4563 1515 4642 prelatum

281 4672 464 4750 magistrum
495 4669 665 4728 Ricardum
693 4689 749 4747 per
770 4688 878 4729 verum
907 4668 1007 4746 ipsius
1035 4667 1165 4728 ecclesie
1192 4673 1360 4745 patronum
1389 4687 1514 4746 presen-

281 4775 413 4836 tandum
445 4773 513 4834 vice
544 4778 576 4834 et
605 4773 791 4832 auctoritate
819 4772 920 4833 nostri
952 4772 1142 4833 Eroniensie
1169 4771 1320 4851 Episcopi
1348 4773 1515 4851 recipiatis,

282 4886 313 4942 et
335 4877 511 4941 instituatis
536 4877 686 4938 canonice
707 4877 741 4936 in
765 4876 885 4946 eedem,
905 4877 1072 4956 ipsumque
1094 4876 1144 4937 vel
1164 4881 1399 4956 procuratorem
1423 4897 1515 4938 suum

283 4987 315 5046 in
336 4983 530 5064 corporalem
551 4984 782 5062 possessionem
812 4983 911 5061 ipsius
939 4980 1069 5042 ecclesie
1097 5001 1134 5041 ao
1160 4981 1277 5060 jurium
1305 4985 1337 5041 et
1358 4983 1514 5060 pertinen-

283 5093 400 5154 0iarum
430 5090 572 5170 ejusdem
599 5108 656 5168 per
685 5108 742 5149 voe
780 5088 830 5149 vel
867 5108 924 5167 per
957 5086 1055 5148 alium
1082 5106 1150 5148 seu*
1177 5086 1255 5145 elios
1282 5085 1447 5158 inducatis,
1483 5095 1517 5149 et
