3850 5917
692 696 843 777 Episcopi
870 697 1114 778 Horcsordcnsis.
1462 704 1521 766 337

78 924 150 962 Μ)-
178 926 242 964 ¹³²³·
288 918 344 979 des
364 919 430 980 dita
451 919 688 999 ajournementz
710 926 741 983 et
766 927 871 983 autres
899 922 1012 984 choses
1035 944 1096 1004 que
1125 929 1160 985 tu
1191 945 1300 986 averas
1321 924 1378 987 fair
1405 947 1445 987 en
1477 927 1522 989 les

287 1024 369 1086 dites
389 1025 501 1085 choses
520 1045 577 1104 par
595 1031 645 1086 tes
666 1026 775 1087 lettres
796 1027 914 1088 certifie
935 1028 1032 1089 ledit
1051 1029 1131 1109 jour.
1174 1030 1284 1090 Donez
1306 1051 1325 1090 a
1346 1030 1523 1093 Lusercbes

290 1149 330 1190 en
352 1130 546 1210 Lymousyn,
567 1131 597 1193 le
617 1132 734 1211 primer
749 1132 821 1211 jour
841 1134 879 1195 de
900 1134 1044 1206 Jenever,
1066 1155 1105 1195 en
1127 1135 1180 1195 lan
1201 1136 1240 1197 de
1259 1142 1350 1197 notre
1373 1137 1524 1217 Seigneur

287 1237 342 1295 mil
363 1236 443 1297 troiz
465 1242 555 1297 centa
577 1238 645 1299 vint
666 1244 698 1299 et
726 1238 829 1299 troitz.

91 1494 165 1534 an.
185 1494 244 1533 ¹825.
290 1482 352 1542 rte
390 1481 509 1562 Bisbop
542 1491 647 1561 prante
683 1502 725 1542 aa
759 1482 937 1561 indulgence
972 1491 1002 1544 to
1036 1484 1081 1544 all
1113 1484 1180 1543 who
1215 1484 1297 1544 shall
1331 1485 1437 1545 attend
1473 1486 1523 1547 the

110 1723 171 1762 Fol.
189 1723 223 1761 94.

404 1563 574 1643 procebinp
601 1564 636 1643 of
660 1564 777 1624 certain
803 1564 918 1625 oronte.

367 1718 513 1777 errnaa
548 1718 992 1781 masmanna—Universa
1027 1725 1136 1781 sancte
1174 1721 1284 1781 matris
1316 1720 1446 1781 ecclesie
1481 1722 1521 1782 ad

284 1844 418 1904 quorum
439 1823 588 1885 noticiam
609 1824 713 1884 littere
735 1829 898 1905 presentes
922 1826 1131 1905 pervenerint,
1153 1825 1263 1897 Adam,
1285 1832 1354 1897 etc,
1376 1827 1520 1897 salutem,

288 1938 348 1993 etc.
400 1931 539 1993 Verbum
561 1932 620 1994 Dei
646 1932 808 2003 Altissimi,
841 1952 860 1993 a
896 1934 1015 1994 sanctis
1045 1933 1198 2013 religiosis
1226 1939 1259 1995 et
1289 1934 1358 1995 aliis
1379 1934 1522 1995 honestis

285 2038 361 2098 viris
382 2038 442 2098 rite
462 2038 669 2118 propositum,
702 2043 809 2099 sancte
842 2038 951 2099 matris
979 2039 1109 2100 ecclesie
1140 2039 1213 2100 filiis
1240 2040 1273 2099 in
1301 2040 1520 2100 mandatorum

287 2145 348 2205 Dei
369 2144 491 2206 semitis
512 2143 709 2205 ambulantes
725 2144 765 2203 ad
783 2145 1052 2224 perseveranciam
1074 2146 1148 2207 boni
1167 2146 1321 2226 propositi
1342 2147 1523 2207 corroborat

291 2256 324 2311 et
345 2250 530 2321 inflammat,
552 2256 584 2311 et
605 2270 661 2329 per
681 2251 764 2311 idem
795 2251 938 2311 nonnulli
960 2272 980 2310 a
1009 2252 1061 2311 via
1081 2252 1279 2313 rectitudinis
1299 2252 1479 2315 aberrantes
1503 2274 1523 2313 a

286 2357 377 2417 devio
399 2355 565 2417 salubriter
584 2360 779 2417 revocantur.
810 2356 1047 2437 Nonnunquam
1068 2377 1142 2418 vero
1162 2357 1260 2437 lapsis
1281 2358 1313 2417 in
1332 2358 1519 2437 profundam

284 2468 485 2542 peccatorum
507 2462 639 2534 foveam,
661 2467 848 2542 cooperante
869 2461 969 2541 ipsius
997 2462 1168 2523 clemencia
1188 2462 1279 2541 cujus
1300 2462 1429 2523 verbum
1450 2484 1520 2543 pro-

286 2570 424 2649 ponitur,
463 2568 639 2629 infunditur
679 2568 922 2629 misericorditer
955 2568 1059 2648 gracia
1103 2569 1294 2648 resurgendi,
1329 2588 1520 2650 suorumque

287 2676 413 2737 veniam
441 2676 657 2755 peccaminum
689 2680 721 2736 et
750 2675 875 2735 celestis
904 2674 992 2753 regni
1023 2674 1137 2754 gaudia
1166 2674 1289 2735 facilius
1311 2676 1519 2755 promerendi.

284 2780 333 2839 Ad
370 2786 478 2841 sancte
510 2780 605 2859 igitur
632 2780 790 2859 religionis
821 2786 854 2841 et
888 2780 1028 2841 caritatis
1066 2780 1229 2849 fervorem,
1267 2781 1331 2841 vite
1366 2780 1519 2851 decorem,

286 2886 465 2947 devocionis
497 2886 731 2957 excitacionem,
760 2886 894 2947 sciencie
922 2887 983 2947 Dei
1015 2886 1141 2956 donum,
1177 2886 1290 2967 quibus
1321 2887 1451 2947 dilectos
1486 2888 1519 2946 in

254 2974 260 2987 ⁸
289 2992 417 3053 Christo
431 2991 521 3062 filios,
543 2992 672 3053 fratrem
694 2992 734 3051 N.
756 2992 795 3053 de
816 2992 864 3063 Β.,
894 2992 953 3053 Dei
974 2992 1079 3071 gracia
1099 2991 1252 3052 Abbatem
1274 2992 1459 3053 Monosterii
1481 2993 1520 3053 de

284 3097 329 3168 T,
351 3103 383 3158 et
404 3098 545 3177 ejusdem
567 3098 627 3157 loci
662 3097 843 3167 monachos,
872 3097 1053 3158 Altissimus
1094 3096 1283 3167 fecundavit,
1317 3097 1520 3177 fideliumque

285 3203 519 3263 multitudinem
542 3204 581 3263 ad
613 3222 721 3263 eorum
742 3202 981 3263 conventualem
1014 3202 1177 3262 ecclesiam
1207 3222 1302 3263 causa
1330 3203 1518 3275 devocionis,

287 3330 383 3390 quam
405 3328 517 3389 augere
549 3308 702 3388 cupimus,
724 3308 923 3368 affluencium
944 3313 1052 3368 nostre
1080 3308 1195 3368 mentis
1219 3307 1318 3368 aciem
1339 3308 1517 3387 dirigentes,

285 3417 385 3478 eciam
408 3421 591 3494 asperantes
625 3413 749 3474 fidelem
781 3414 841 3474 Dei
870 3413 1022 3493 populum
1052 3414 1091 3473 ad
1122 3412 1277 3474 dictorum
1304 3413 1519 3493 religiosorum

285 3520 535 3601 predicacionem
569 3518 649 3580 velle
680 3518 832 3581 libencius
853 3518 1019 3590 confluere,
1056 3538 1118 3599 quo
1147 3519 1258 3599 pocius
1291 3540 1347 3599 per
1375 3520 1520 3581 allectiva

287 3625 556 3705 indulgenciamm
584 3644 716 3685 munera
746 3624 840 3685 fuerit
871 3623 1028 3684 efficacius
1062 3623 1224 3694 excitatus,
1261 3623 1300 3685 de
1324 3624 1395 3684 ·Dei
1423 3624 1519 3704 igitur

283 3732 511 3812 omnipotentis
539 3730 760 3801 misericordia,
792 3730 925 3809 gloriose
945 3729 1075 3809 virginis
1097 3730 1196 3790 Marie
1227 3730 1387 3809 genitricis
1408 3731 1516 3810 ipsius,

284 3837 448 3898 beatorum
479 3835 666 3906 Ethelberti,
698 3836 793 3915 Regis
827 3840 859 3895 et
894 3835 1045 3905 Martiris,
1076 3855 1113 3895 ac
1144 3836 1272 3905 Thome,
1304 3834 1454 3916 Episcopi
1485 3843 1518 3897 et

284 3943 489 4013 Coniesaoris,
518 3947 722 4023 patronorum
743 3946 933 4013 nostrorum,
966 3960 1089 4001 necnon
1110 3945 1143 4001 et
1174 3940 1315 4001 omnium
1336 3947 1517 4002 sanctorum

283 4050 405 4112 meritis
426 4057 458 4111 et
479 4048 756 4110 intercessionibus
770 4048 973 4118 confidentes,
989 4047 1134 4108 omnibus
1151 4047 1242 4108 nobis
1262 4047 1330 4127 jure
1351 4048 1519 4111 diocesano

284 4156 443 4238 subjectis,
459 4162 492 4217 et
506 4156 575 4217 aliis
589 4174 721 4235 quorum
741 4154 899 4215 diocesani
914 4155 996 4215 hanc
1010 4160 1151 4215 nostram
1166 4154 1394 4233 indulgenciam
1416 4160 1517 4215 ratam

282 4263 450 4324 habuerint
475 4268 506 4323 et
527 4267 698 4341 acceptam,
721 4262 759 4321 de
780 4260 918 4340 peccatis
940 4261 1007 4321 suis
1027 4260 1114 4342 vere:
1127 4260 1280 4331 contritis,
1302 4260 1517 4341 penitentibus

282 4376 315 4430 et
339 4368 501 4438 confessis,
527 4368 580 4447 qui
608 4366 816 4447 predicacioni
848 4366 888 4427 N.
920 4366 959 4427 de
991 4367 1029 4426 B.
1061 4365 1193 4446 predicti
1223 4366 1273 4426 vel
1300 4386 1516 4428 successorum

283 4495 413 4537 suorum
442 4473 624 4535 monasterii
645 4473 777 4553 predicti
808 4474 869 4551 [de]
899 4472 943 4544 T,
974 4472 1089 4533 dictive
1109 4472 1291 4533 monasterii
1312 4472 1365 4552 qui
1394 4474 1433 4533 ad
1457 4474 1518 4534 hoo

283 4602 339 4661 per
363 4601 456 4642 suum
481 4580 635 4640 Abbatem
665 4579 756 4641 electi
785 4585 818 4640 et
847 4579 1011 4659 approbati
1040 4580 1156 4640 fuerint
1187 4579 1310 4657 ydonei,
1339 4579 1519 4661 ubicunque

284 4688 366 4748 inira
394 4686 574 4748 monasterii
607 4686 739 4765 predicti
770 4691 859 4765 septa
880 4686 966 4765 ipsos
987 4685 1036 4745 vel
1057 4704 1164 4745 eorum
1189 4684 1324 4764 aliquem
1353 4686 1519 4765 contigerit

284 4793 409 4874 publice
436 4811 610 4871 proponere
636 4792 766 4852 verbum
790 4792 860 4861 Dei,
882 4792 909 4852 si
933 4795 1096 4872 presentes
1120 4790 1335 4860 exhibuerunt,
1357 4792 1519 4870 proposita

285 4920 341 4979 per
375 4918 430 4960 eos
463 4898 584 4959 devotis
619 4898 732 4958 animis
762 4902 794 4958 et
828 4898 960 4958 intentis
998 4896 1125 4957 auribus
1154 4896 1291 4956 audituri
1334 4896 1516 4976 [affuerint]

284 5052 291 5066 .
321 5053 328 5066 .
359 5052 365 5066 .
396 5052 403 5064 .
432 5005 499 5065 dies
523 5004 562 5065 de
593 5004 736 5084 injuncta
766 5004 825 5065 sibi
856 5004 1035 5083 penitencia
1067 5002 1307 5064 misericorditer
1329 5003 1517 5066 relaxamus.

282 5112 321 5171 In
345 5111 446 5189 cujus,
474 5116 533 5171 etc.
