3850 5917
675 699 825 780 Episcopi
852 699 1096 780 Herejordcmis.
1463 705 1505 766 45

110 927 164 966 Α-ὓ·
177 927 225 968 ¹³¹&
264 923 380 982 lectum
410 924 506 985 luerit
532 924 616 985 ultra
643 945 800 986 summam
828 926 971 1006 pecunie,
996 932 1062 988 tarn
1090 948 1147 1008 pro
1175 928 1264 990 vobis
1291 949 1386 1009 quam
1421 929 1507 989 clero

263 1033 440 1089 vestrarum
462 1029 600 1094 civitatis
620 1035 653 1092 et
675 1031 817 1102 diocesis,
843 1031 976 1093 cameris
997 1033 1115 1094 nostris
1135 1035 1290 1095 hactenus
1311 1034 1505 1114 assignatam

262 1133 411 1196 deieratis
432 1135 482 1197 vel
503 1135 615 1197 deferri
638 1136 761 1198 faciatis
790 1138 848 1198 sub
876 1138 939 1198 fida
961 1139 1114 1210 custodia,
1142 1139 1323 1219 nostrisque
1343 1139 1505 1220 assignare

260 1239 394 1300 cameris
416 1240 580 1302 studeatis.
634 1241 781 1304 Ceterum
802 1243 991 1304 auctoritate
1010 1244 1152 1324 predicta
1171 1245 1371 1324 presencium
1392 1251 1504 1307 tenore

263 1343 352 1405 vobis
377 1344 607 1406 committimus
626 1345 774 1424 quatinus
794 1351 904 1408 contra
928 1347 1120 1420 collectores,
1140 1355 1196 1409 aut
1213 1354 1391 1429 receptores
1410 1370 1505 1430 quoe·

261 1469 385 1529 cunque
416 1451 677 1530 procuracionum
715 1457 894 1514 nostrarum
933 1453 1125 1533 hujusmodi,
1164 1461 1329 1534 exemptos
1367 1460 1400 1516 et
1437 1476 1503 1517 non

261 1562 434 1636 exemptos,
471 1557 498 1618 si
533 1577 627 1637 super
660 1557 810 1638 predictis
845 1559 932 1620 vobis
967 1560 1183 1622 inobedientes
1217 1561 1505 1624 contradictoresve

262 1661 379 1722 luerint
405 1667 460 1722 aut
487 1661 627 1734 rebelles,
656 1663 695 1723 ad
723 1665 950 1743 suspenoionis,
979 1665 1317 1727 excommunicacionis
1341 1686 1378 1726 ac
1405 1667 1502 1727 inter-

262 1768 337 1828 dicti
370 1768 549 1830 sentencias
574 1773 606 1829 ct
630 1769 670 1829 ad
697 1769 775 1830 alias
806 1789 905 1849 penas
932 1771 1110 1843 canonicas,
1131 1791 1257 1833 necnon
1276 1777 1395 1832 'contra
1429 1773 1502 1834 illos

262 1874 313 1954 qui
334 1873 577 1954 procuraciones
605 1875 696 1936 nobis
717 1875 839 1936 debitas
860 1876 894 1935 in
914 1876 1042 1955 prefixis
1063 1877 1109 1937 eis
1130 1877 1170 1936 ad
1201 1876 1262 1937 hoc
1289 1878 1502 1957 peremptorie

263 1979 406 2040 terminis
427 1999 484 2058 per
504 1999 669 2058 processus
692 1987 817 2042 nostros
840 2002 934 2062 super
958 1982 1019 2043 hoc
1042 1982 1168 2043 habitos
1189 2002 1254 2043 non
1278 1983 1438 2054 solverint,
1460 1964 1501 2044 ad

262 2086 511 2165 publicacionem
533 2091 566 2147 et
589 2086 866 2148 denunciacionem
890 2088 1123 2149 sentenciamm
1141 2087 1182 2148 ob
1201 2088 1262 2149 hoc
1286 2087 1319 2147 in
1336 2108 1391 2149 eos
1409 2093 1442 2149 et
1466 2089 1502 2148 in

265 2211 373 2252 eorum
410 2191 558 2253 ecclesias
595 2193 873 2272 promulgaturum,
912 2198 944 2254 et
981 2193 1231 2254 subtraccionem
1269 2194 1429 2254 fructuum
1467 2199 1501 2255 et

262 2298 441 2359 reddituum
470 2297 691 2359 beneficiorum
728 2318 856 2359 suorum
893 2298 1186 2370 ecclesiasticorum,
1226 2303 1257 2359 et
1285 2300 1325 2359 ad
1353 2317 1501 2378 aggrava-

261 2405 385 2465 cionem
414 2403 567 2463 dictarum
593 2404 834 2476 sentenciarum,
856 2409 950 2484 prout
974 2405 1146 2464 eorundem
1169 2404 1266 2484 exigit
1290 2405 1499 2478 contumacia,

261 2508 448 2589 procedatis,
474 2509 582 2570 scituri
609 2529 667 2588 pro
700 2508 792 2570 firmo
820 2509 903 2589 quod
932 2509 959 2570 si
987 2509 1142 2588 premissa
1168 2528 1233 2569 non
1257 2509 1500 2589 compleveritis,

262 2635 317 2676 nos
346 2619 458 2675 contra
480 2634 536 2675 vos
557 2620 651 2693 prout
677 2615 799 2694 justum
821 2615 915 2674 luerit
938 2615 1153 2698 procedemus.
1195 2615 1363 2676 Prosentes
1391 2620 1499 2676 autem

263 2722 383 2783 litteras
411 2720 544 2782 lecimus
582 2719 740 2800 registrari
764 2720 803 2780 de
841 2739 975 2800 quarum
1002 2720 1241 2799 presentaoione
1268 2739 1377 2780 earum
1404 2720 1498 2780 latori

260 2826 480 2888 adhibebimus
510 2825 636 2904 plenam
664 2824 768 2886 fidem.
824 2826 943 2885 Datum
973 2824 1146 2885 Londoniis
1170 2824 1222 2886 die
1252 2825 1350 2904 xxiiij⁰
1377 2826 1497 2888 mensis

262 2931 456 3001 Decembris,
479 2950 562 2991 anno
577 2931 706 2991 Domini
726 2930 950 3010 M⁰OOO⁰xvij⁰,
968 2930 1172 3010 pontificatus
1186 2931 1378 2992 sanctissimi
1392 2933 1499 2992 Patris

260 3037 379 3100 domini
400 3035 558 3097 Johannis
580 3035 665 3114 Pape
690 3035 751 3115 xxij
774 3054 857 3095 anno
876 3035 1023 3095 secundo.
1066 3033 1173 3113 Hujus
1194 3034 1290 3113 igitur
1310 3035 1498 3096 auctoritate

260 3143 400 3203 mandati
433 3141 522 3201 vobis
553 3141 684 3200 firmiter
718 3140 911 3219 injungendo
942 3140 1130 3200 mandamus
1157 3140 1307 3220 quatinus
1337 3161 1394 3220 per
1418 3128 1497 3223 'sub

260 3249 460 3310 collectorem
483 3253 622 3307 vestrum
644 3245 725 3306 infra
747 3247 918 3306 terminum
939 3246 972 3305 in
991 3245 1113 3325 prefato
1135 3246 1286 3307 mandato
1309 3252 1497 3308 contentum

259 3356 359 3418 eidem
385 3354 545 3426 mandato,
566 3358 660 3433 prout
685 3353 724 3413 ad
745 3372 800 3413 vos
821 3353 968 3432 pertinet,
992 3371 1102 3432 parere
1125 3352 1305 3413 nullatenus
1330 3353 1497 3426 omittatis,

259 3482 297 3523 ne
324 3467 438 3523 contra
464 3479 529 3530 vos,
559 3459 585 3519 si
615 3459 647 3517 in
676 3458 735 3519 hac
762 3465 851 3538 parte
885 3457 1112 3528 inobedientes,
1140 3458 1224 3537 quod
1252 3457 1343 3529 absit,
1372 3457 1497 3520 fueritis

259 3575 311 3630 aut
343 3566 486 3638 rebelles,
514 3565 603 3645 juxta
639 3571 780 3626 tenorem
813 3564 889 3624 dicti
922 3564 1064 3624 mandati
1099 3564 1173 3624 licet
1200 3564 1293 3624 inviti
1327 3565 1497 3644 procedere

258 3673 492 3754 compellamur.
545 3671 699 3732 Volumus
718 3675 823 3731 autern
843 3675 875 3731 et
897 3669 987 3730 vobis
1006 3669 1235 3730 committimus
1254 3675 1287 3730 et
1306 3671 1496 3732 mandamus

258 3781 340 3860 quod
363 3782 475 3840 contra
499 3797 563 3837 non
588 3777 745 3837 solventes
768 3775 1009 3855 procuraciones
1030 3774 1212 3854 hujusmodi
1238 3775 1327 3854 juxta
1351 3781 1495 3837 tenorem

258 3885 332 3948 dicti
371 3883 513 3945 mandati
550 3903 622 3944 cum
661 3883 827 3943 severitate
867 3881 994 3961 justicie
1029 3881 1215 3960 procedatis.
1278 3881 1322 3940 Et
1357 3881 1434 3960 quid
1460 3882 1496 3940 in

258 3991 429 4071 premissis,
461 3995 521 4050 etc.
577 3989 696 4048 Datum
726 3986 898 4047 Londoniis
926 3985 974 4065 iij⁰
1000 3985 1051 4045 die
1079 3984 1198 4046 mensis
1225 3985 1377 4056 Januarii,
1409 4006 1495 4047 anno

258 4097 387 4158 Domini
410 4094 600 4174 supradicto,
621 4098 680 4153 etc.

338 4228 448 4292 Simile
484 4228 668 4288 mandatum
700 4225 812 4287 direxit
846 4225 993 4285 dominus
1028 4224 1142 4284 Abbati
1177 4228 1209 4285 et
1243 4223 1421 4285 conventui
1455 4225 1496 4286 de

258 4337 466 4416 Wyggemore
490 4352 562 4393 cum
587 4332 773 4412 quibusdam
799 4331 868 4392 aliis
893 4329 1008 4392 litteris
1032 4331 1098 4390 suis
1126 4329 1242 4391 clausis
1266 4349 1327 4409 que
1351 4335 1495 4391 tenorem

257 4443 309 4524 qui
337 4439 482 4521 sequitur
508 4437 721 4538 continebant.

337 4575 450 4645 Adam,
478 4579 548 4644 etc,
577 4571 730 4651 religiosis
761 4571 836 4633 viris
872 4569 1009 4631 dominis
1038 4568 1152 4640 Abbati
1180 4575 1213 4629 et
1247 4567 1425 4630 Conventui
1454 4571 1495 4630 de

261 4683 466 4763 Wyggemore
494 4680 638 4749 salutem,
661 4685 719 4740 etc.
770 4679 854 4739 Ecce
882 4677 922 4738 ob
949 4677 1177 4756 negligenciam
1205 4681 1341 4736 vestram
1369 4676 1402 4735 in
1431 4677 1496 4758 colf

258 4789 394 4851 leccione
425 4791 459 4848 et
497 4785 716 4846 satisfaccione
742 4783 1002 4864 procuracionum
1042 4782 1240 4842 dominorum
1280 4770 1495 4847 Oardinalium

258 4894 433 4973 recepimus
454 4891 638 4952 mandatum
661 4890 801 4969 ipsorum
823 4909 916 4969 grave
937 4893 970 4949 et
987 4887 1271 4959 comminatorium,
1292 4888 1375 4967 quod
1394 4887 1494 4961 vobis,

258 5001 406 5080 quatinus
439 4997 479 5058 ad
504 5016 561 5057 nos
588 4995 735 5075 pertinet,
764 4993 919 5054 mittimus
947 4992 1174 5071 exequendum,
1202 4995 1239 5052 ut
1273 4991 1356 5053 circa
1382 4991 1494 5053 collec-

257 5105 382 5166 cionem
413 5100 673 5182 procuracionum
707 5099 905 5161 dominorum
942 5096 1155 5158 cardinalium
1191 5097 1308 5158 curetis
1341 5103 1497 5176 quautam
