3850 5917
690 689 841 770 Episcopi
867 691 1111 770 Herefcrdansc's.
1460 697 1519 758 137

129 917 240 959 Wlffl-
280 934 375 994 super
395 915 522 976 defectu
540 915 703 986 natalium,
722 934 845 975 necnon
867 917 906 976 ad
923 935 995 976 eum
1014 915 1052 976 ab
1067 917 1291 996 impetracione
1308 917 1400 978 officii
1417 918 1518 979 nostri

279 1019 515 1090 dimittendum,
544 1020 572 1080 si
599 1021 638 1080 de
666 1020 904 1100 dispensacione
930 1022 1084 1099 premissa
1113 1022 1303 1083 sufficienter
1331 1025 1519 1095 constiterit,

279 1131 312 1187 et
346 1126 387 1187 ad
421 1128 657 1188 concedendum
688 1127 790 1188 eidem
825 1127 953 1188 nomine
989 1133 1097 1189 nostro
1132 1130 1254 1190 litteras
1291 1131 1520 1192 testimoniales

279 1252 375 1313 super
410 1233 581 1294 amissione
613 1233 790 1293 litterarum
826 1253 954 1294 suarum
982 1234 1065 1295 dicte
1102 1235 1185 1296 sedis
1222 1242 1253 1297 ct
1289 1237 1520 1315 predecessoris

279 1341 391 1410 nostri,
427 1344 460 1400 et
492 1340 666 1400 eorundum
703 1339 880 1399 litterarum
918 1345 1036 1411 tenore,
1072 1345 1166 1420 prout
1204 1361 1260 1420 per
1294 1342 1518 1403 attestacioncs

278 1444 399 1524 liquere
422 1445 540 1524 poterit
560 1445 685 1505 habitas
705 1464 811 1505 coram
835 1445 933 1515 vobis,
948 1445 1037 1506 vobis
1052 1466 1124 1506 cum
1146 1447 1346 1508 coercicionis
1368 1448 1519 1508 canonice

277 1554 439 1629 potestate
466 1551 695 1611 committimus
722 1551 807 1611 vices
834 1557 970 1612 nostras.
1022 1551 1063 1610 Iu
1093 1551 1184 1631 cujus
1205 1553 1259 1624 rei,
1285 1557 1345 1613 etc.
1398 1555 1517 1614 Datum

277 1655 463 1727 Londoniis,
481 1656 516 1714 ii⁰
536 1656 619 1718 Nou.
640 1655 782 1736 Augusti,
804 1677 887 1716 anno
906 1657 1036 1717 Domini
1051 1657 1241 1718 M00000xx⁰
1261 1663 1293 1719 et
1314 1659 1519 1739 pontificatus

277 1767 388 1822 nostre
409 1767 532 1841 quarto.

277 1971 358 2046 Acq.
383 1966 541 2027 s-Jotm
563 1966 601 2026 de
626 1966 738 2026 Ceston
760 1966 877 2044 rorigus
903 1965 953 2027 the
977 1966 1115 2027 Probend
1139 1967 1174 2047 of
1202 1967 1395 2046 Welliupton.

362 2122 606 2182 Memorandum
626 2121 711 2200 quod
738 2121 849 2200 quinto
877 2121 927 2182 die
955 2121 1074 2182 mensis
1099 2122 1242 2202 Augusti,
1273 2143 1355 2184 anno
1388 2123 1517 2185 Domini

282 2227 424 2289 M⁰ccc⁰
458 2227 616 2299 vicesimo,
644 2227 807 2288 lohannes
839 2227 878 2287 de
906 2227 1052 2299 Costonc,
1082 2249 1186 2289 coram
1223 2230 1392 2290 venerabili
1428 2235 1519 2310 patre

280 2334 411 2394 domino
440 2331 486 2403 A,
518 2333 579 2393 Dei
612 2332 716 2412 gracia
746 2317 972 2393 Heroiordensi
1004 2333 1172 2413 Episcopo
1208 2335 1240 2393 in
1284 2335 1425 2414 hospicio
1461 2355 1519 2396 suo

281 2439 498 2501 Londoniensi
527 2438 734 2518 personaliter
774 2439 976 2509 constitutus,
1005 2439 1196 2517 prebendam
1239 2439 1277 2500 de
1307 2439 1518 2520 Welyngtone

279 2566 354 2606 cum
391 2545 578 2605 canonicatu
612 2563 691 2623 quos
727 2543 760 2602 in
796 2543 928 2604 ecclesia
967 2544 1192 2607 Hcrefordensi
1227 2545 1397 2617 obtinebat,
1438 2567 1518 2626 quos

282 2653 384 2713 eciam
408 2651 491 2712 idem
518 2650 705 2711 venerabilis
728 2655 818 2729 pater
840 2655 992 2730 tanquam
1013 2655 1162 2712 vacantes
1183 2651 1310 2730 dejure
1330 2651 1515 2724 contulerat,

281 2757 314 2816 in
343 2775 459 2816 manus
487 2755 562 2816 dicti
589 2754 698 2835 patris,
736 2775 823 2834 pure,
852 2759 974 2834 sponte,
1011 2760 1043 2815 et
1076 2754 1219 2817 absolute
1255 2755 1425 2835 resignavit
1461 2776 1519 2837 per

280 2863 404 2924 litteras
433 2866 574 2922 tenorem
603 2861 657 2941 qui
678 2861 820 2940 sequitur
840 2860 1049 2921 continentes.

362 3007 566 3066 Rnsmuacro
587 3022 762 3064 Pausnunn
783 3022 827 3063 nn
860 3003 1306 3065 Wnnruroun.-Vcncrabili
1326 3003 1360 3063 in
1391 3004 1518 3065 Christo

276 3113 370 3192 petri,
406 3112 534 3172 domino
570 3108 615 3181 A,
662 3109 722 3170 Dei
756 3109 861 3188 gracia
895 3107 1121 3169 Hereicrdensi
1156 3109 1324 3188 Episcopo,
1360 3108 1409 3169 vel
1446 3109 1517 3188 ejus

276 3216 395 3278 vicario
419 3215 565 3295 generali,
590 3214 753 3275 Johannes
777 3213 816 3273 de
837 3213 984 3282 Costone,
1007 3213 1176 3274 canonicus
1197 3213 1231 3272 in
1255 3213 1386 3274 ccclesia
1416 3214 1514 3274 Here-

276 3322 416 3384 tordensi
434 3341 470 3381 ac
489 3320 713 3400 prebendarius
733 3318 890 3397 prebende
908 3319 947 3379 de
961 3317 1152 3396 Welyntone
1168 3317 1202 3376 in
1222 3318 1363 3398 predicta
1384 3319 1516 3379 ecclesia

276 3427 513 3498 Herefordensi,
532 3424 757 3495 obedienciam,
775 3422 997 3494 reverenciam,
1016 3422 1214 3483 omnimodas
1233 3443 1305 3483 cum
1324 3423 1452 3484 honoro.
1489 3423 1517 3483 A
1630 3423 1632 3426 ’

277 3533 467 3595 canonicatu
488 3537 520 3592 ct
540 3530 700 3610 prebenda
722 3529 872 3609 predictis
894 3528 988 3589 certis
1016 3528 1054 3588 de
1078 3527 1181 3588 causis
1205 3528 1313 3589 volens
1341 3529 1513 3600 exonerari,

275 3639 436 3720 predictos
462 3637 683 3698 canonicatum
711 3640 744 3696 et
773 3633 964 3714 prebendam
993 3653 1066 3694 cum
1094 3633 1160 3695 suis
1187 3633 1308 3714 juribus
1336 3639 1368 3695 et
1397 3634 1514 3714 pcrtin-

278 3746 378 3808 snciis
399 3742 555 3804 universis
582 3743 615 3801 in
638 3760 743 3802 sacras
764 3759 877 3800 manus
899 3744 1021 3799 vestras
1049 3759 1136 3817 pure,
1159 3745 1281 3818 sponte,
1310 3744 1342 3800 et
1372 3738 1516 3801 absolute

276 3854 412 3932 resigno.
454 3850 495 3909 In
517 3849 608 3926 cujus
635 3847 690 3919 rei,
715 3852 774 3907 etc.
818 3846 938 3905 Datum
967 3845 1140 3906 Londoniis
1168 3845 1201 3904 in
1229 3845 1310 3906 testo
1329 3845 1515 3907 Nativitatis

276 3958 380 4020 sancti
407 3954 564 4017 Johannis
592 3953 747 4032 Baptista,
776 3971 860 4012 anno
887 3950 1018 4011 Domini
1047 3949 1186 4012 ΜΘΟΟΟο
1213 3951 1371 4011 vicesimo.

359 4101 404 4161 Et
432 4099 560 4160 fuerunt
587 4100 751 4177 presentes
774 4114 879 4155 coram
907 4094 992 4155 dicto
1017 4098 1109 4174 patre
1138 4092 1170 4152 in
1199 4093 1393 4154 exhibicione
1421 4093 1515 4155 istius

278 4205 504 4288 resignacionis
523 4204 669 4265 dominus
688 4202 866 4263 Willelmus
884 4175 929 4261 de'
942 4200 1142 4280 Airemynne,
1164 4184 1314 4278 magister
1335 4199 1516 4262 Willelmus

276 4313 316 4375 de
342 4314 505 4383 Westonc,
540 4312 650 4373 doctor
683 4310 797 4389 legum,
833 4307 982 4387 magister
1016 4307 1045 4367 J.
1081 4306 1120 4367 da
1155 4305 1313 4379 Orletone,
1342 4307 1515 4369 canonicus

278 4419 457 4489 Wellensis,
492 4417 639 4478 dominus
670 4416 707 4474 A.
742 4414 780 4474 de
812 4412 981 4482 Ailintone,
1013 4411 1205 4490 Reginaldus
1234 4410 1273 4471 da
1308 4410 1512 4484 Munselowe,

279 4530 311 4586 et
338 4524 493 4585 Ricardus
515 4523 554 4586 de
581 4522 746 4591 Estenore‚
768 4519 910 4580 notarius
940 4518 1095 4598 publicus.

280 4711 359 4823 itaq.
382 4741 516 4803 c—The
536 4738 655 4818 Bishop
676 4736 885 4799 commissione
908 4735 957 4796 the
978 4735 1111 4814 Chapter
1131 4736 1166 4814 of
1183 4733 1335 4814 Hercjcrd
1357 4741 1385 4794 to
1406 4734 1516 4796 iadcct

281 4815 287 4829 ’
406 4822 548 4883 william
566 4820 604 4881 dc
622 4818 770 4898 Ayermc‘a
791 4825 820 4879 to
836 4816 884 4877 the
904 4816 1043 4877 Prcbcad
1063 4817 1099 4896 os
1119 4815 1311 4894 Wollioptoc.

360 4980 543 5042 Oouurssro
566 4992 628 5035 rao
652 4991 779 5034 nouruo
803 4973 854 5034 W.
876 4991 920 5032 nn
942 4971 1148 5032 Aranuusun
1170 4987 1360 5032 iunucnsno
1380 4987 1414 5031 us
1436 4989 1512 5031 rnn-

277 5103 415 5146 anunm
434 5101 479 5143 nn
499 5079 814 5151 Wnururoun.-A.,
835 5083 906 5150 etc,
927 5078 1050 5139 dilectis
1070 5077 1104 5137 in
1121 5076 1247 5139 Christo
1268 5075 1351 5148 filiis,
1366 5076 1513 5157 capitulo
