3850 5917
408 680 469 740 318
782 682 962 761 Recistram
988 684 1055 745 Ado
1081 684 1118 744 dc
1148 683 1271 745 Orleton

237 912 297 952 M>-
312 911 369 951 ¹⁸²⁰·
411 907 529 967 eisdem
562 907 871 969 contravenientibne
898 908 1107 969 effectualiter
1137 908 1288 971 iaciemus
1319 909 1423 980 levari,
1454 915 1487 971 et
1514 909 1647 970 nichilo-

409 1012 515 1073 minus
537 1014 663 1074 eosdem
686 1014 790 1093 puniri
813 1014 910 1075 veluti
931 1014 1170 1075 constitucionis
1195 1015 1377 1093 hujusmodi
1401 1020 1646 1094 contemptores,

412 1118 557 1199 quodque
572 1118 664 1179 blada
684 1139 742 1180 sua
755 1119 976 1189 ecclesiastica,
996 1119 1072 1177 dnm
1086 1125 1192 1179 tamen
1210 1120 1311 1180 solum
1332 1118 1469 1180 habeant
1486 1118 1647 1181 ecclesias-

409 1225 517 1293 ticum,
538 1223 571 1283 in
602 1223 682 1285 laico
716 1224 807 1285 ieodo
834 1243 985 1303 reponere
1020 1242 1084 1283 non
1113 1229 1296 1302 presumant
1328 1224 1386 1285 sub
1414 1243 1496 1302 pena
1517 1222 1647 1303 majoris

407 1330 744 1390 excommunicacionis
784 1349 879 1408 quam
920 1328 954 1387 in
999 1328 1280 1398 contravenientes,
1322 1328 1349 1389 si
1390 1348 1498 1389 eorum
1540 1328 1646 1407 exigat

407 1436 573 1513 protervia,
607 1434 802 1495 intendimus
843 1434 994 1495 canonice
1029 1433 1203 1495 fulminare.
1261 1433 1330 1494 Has
1372 1433 1478 1513 itaque
1520 1440 1645 1495 nostras

408 1540 530 1600 litteras
551 1540 584 1599 in
604 1540 736 1620 singulis
756 1540 968 1619 predictarum
990 1539 1193 1601 ecclesiarum
1208 1545 1239 1600 et
1261 1540 1450 1619 capellarum
1466 1539 1646 1602 missalibus

410 1665 467 1705 seu
487 1645 574 1706 libris
594 1645 664 1706 aliis
685 1644 816 1706 celerius
836 1665 899 1724 quo
924 1644 992 1705 fieri
1021 1645 1137 1725 poterit
1157 1646 1287 1707 comode
1308 1645 1402 1707 scribi
1422 1646 1569 1707 volumus
1588 1666 1646 1726 per

409 1750 548 1830 singulos
569 1757 714 1831 rectores,
738 1750 878 1821 vicarios,
900 1769 957 1811 seu
979 1750 1174 1831 parochiales
1194 1750 1385 1830 presbiteros
1406 1750 1575 1812 earundem
1590 1750 1644 1831 qui

406 1877 427 1915 a
448 1855 539 1917 nobis
559 1856 681 1935 copiam
703 1862 831 1917 sumant
851 1856 974 1927 barum,
997 1860 1033 1916 ut
1055 1855 1100 1916 sic
1121 1855 1286 1917 oblivionis
1308 1855 1471 1917 occasione
1499 1860 1646 1919 revocate

408 1962 633 2041 premissorum
647 1962 821 2041 publicacio
835 1961 978 2023 facienda
999 1962 1091 2023 annis
1105 1960 1236 2041 singulis
1257 1962 1469 2023 reconciorum
1494 1962 1644 2023 memorie

407 2069 645 2130 commendetur
678 2074 710 2129 et
744 2068 919 2130 affectualis
947 2074 1122 2149 peragatur,
1156 2069 1382 2130 denunciantes
1413 2069 1531 2130 eisdem
1560 2069 1642 2149 quod

408 2194 504 2254 super
523 2174 703 2253 hujusmodi
724 2174 911 2235 execucione
931 2173 965 2233 in
996 2174 1114 2236 nostrie
1135 2174 1372 2236 visitacionibue
1397 2174 1548 2235 faciemus
1575 2174 1642 2234 dili-

408 2283 519 2357 genter
538 2277 662 2358 inquiri,
684 2298 721 2337 ac
742 2283 976 2357 contemptores
997 2278 1047 2338 vel
1078 2276 1110 2336 in
1140 2278 1199 2338 hac
1231 2284 1320 2357 parte
1350 2278 1474 2339 desides
1499 2277 1642 2357 graviter,

409 2384 562 2444 euadente
581 2382 716 2460 justicia,
737 2383 851 2461 puniri.
895 2383 942 2442 Ad
964 2383 1023 2443 hec
1044 2383 1077 2441 in
1099 2382 1254 2463 aliquibus
1275 2383 1500 2462 suspensionis,
1521 2402 1641 2444 ercom-

409 2488 644 2559 municacionis,
673 2488 724 2548 vel
754 2488 913 2548 interdicti
942 2488 1113 2549 sentenciis
1142 2488 1181 2549 ab
1210 2489 1338 2549 homine
1362 2488 1411 2549 vel
1437 2510 1456 2549 a
1477 2489 1546 2566 jure
1571 2488 1643 2549 latis

408 2595 508 2655 eciam
536 2594 585 2655 vel
616 2593 762 2665 ferendis,
784 2614 840 2655 seu
870 2594 904 2653 in
933 2594 1149 2673 publicacione
1178 2614 1285 2655 aarum
1307 2595 1469 2655 dominum
1498 2599 1641 2655 nostrum

411 2701 570 2779 [Regem],
592 2700 754 2778 Reginam,
786 2704 819 2759 et
843 2720 952 2761 eorum
973 2700 1088 2760 liberos
1116 2699 1270 2769 nolumus,
1306 2706 1461 2779 quantum
1485 2700 1518 2758 in
1549 2700 1639 2760 nobis

408 2811 466 2877 est,
488 2806 664 2886 aliqualiter
692 2805 924 2884 comprehendi.
978 2806 1061 2879 Quid
1093 2811 1198 2866 autem
1227 2805 1372 2876 feceritis,
1402 2811 1461 2867 etc.
1504 2806 1642 2867 Nomina

409 2912 508 2973 eciam
530 2917 562 2972 et
586 2910 774 2990 cognomina
795 2916 906 2971 contra
932 2917 1070 2972 vestram
1102 2910 1199 2971 immo
1229 2912 1333 2972 verius
1362 2918 1503 2972 nostram
1534 2912 1642 2991 hujus·

378 3098 382 3103 .
409 3017 493 3078 modi
515 3015 738 3077 inhibioionem
759 3015 957 3077 veniencium
982 3016 1127 3077 volumus
1159 3016 1370 3097 quociensque
1390 3018 1645 3079 contravenerint

409 3122 500 3183 nobis
538 3122 639 3193 scribi,
671 3127 708 3182 ut
738 3121 870 3183 ulterius
899 3122 939 3182 ad
967 3142 1075 3183 eornm
1103 3124 1304 3203 punicionem
1335 3124 1441 3185 taliter
1475 3126 1645 3204 procedere

408 3227 568 3289 valeamus
589 3230 672 3308 quod
693 3248 802 3289 eorum
822 3229 950 3307 panicio
971 3235 1092 3290 ceteros
1114 3230 1208 3291 simili
1238 3230 1402 3291 subtrahat
1424 3230 1463 3291 ab
1484 3231 1615 3293 offensa.

411 3499 484 3559 Jca.
507 3500 641 3560 3.-T}n
662 3500 781 3579 Bishop
801 3500 835 3579 of
860 3500 1024 3579 Salisbcnp
1045 3500 1251 3561 cornmieeicns
1278 3500 1416 3560 Willtam
1436 3500 1525 3571 Ponl,
1552 3500 1646 3561 Viccr

531 3581 566 3660 of
587 3580 761 3659 Wintfield‚
785 3588 814 3641 to
834 3588 1019 3660 sequestrate
1041 3580 1089 3641 tbc
1109 3580 1199 3659 qoods
1221 3582 1255 3660 os
1277 3580 1326 3641 rte
1349 3581 1471 3642 Choreb
1491 3583 1526 3661 os
1548 3582 1644 3643 Sirin-

524 3662 616 3802 Jimcalql22
642 3662 729 3820 ml
764 3661 813 3722 the
829 3662 957 3742 desecte
992 3662 1028 3721 c'n
1063 3662 1112 3723 the
1146 3661 1270 3723 obuncet
1303 3662 1366 3723 aad
1400 3662 1555 3723 elenchos
1590 3684 1645 3724 are

489 3924 682 3983 Mannaruar
702 3942 745 3983 ar>
767 3942 1050 3994 sanuserasnnuar
1081 3942 1166 3985 aona
1197 3942 1354 3985 accusem
1376 3942 1420 3983 na
1450 3924 1642 3985 Sensnrne-

406 4029 717 4108 ranna—Rogatus,
728 4030 934 4109 permissione
948 4032 1055 4091 divina
1070 4031 1310 4092 Sarisburiensis
1325 4030 1511 4110 Episcopus,
1527 4030 1644 4092 dilecto

405 4134 480 4205 filio,
502 4134 652 4213 magistro
673 4135 832 4196 Willelmo
853 4135 941 4207 Poul,
962 4140 1116 4215 perpetuo
1136 4136 1251 4197 vicario
1272 4136 1402 4197 ecclesie
1425 4136 1463 4195 de
1485 4134 1640 4215 Wynclre-

405 4240 496 4312 felde,
518 4245 625 4300 nostre
647 4240 788 4311 diocesis,
817 4241 961 4312 salutem,
985 4246 1043 4302 etc.
1087 4242 1135 4301 Ad
1159 4246 1302 4303 nostrum
1323 4242 1466 4321 pervenit
1487 4242 1640 4314 auditum,

406 4347 490 4406 fama
515 4345 640 4425 publica
664 4346 826 4417 referente,
848 4348 931 4427 quod
952 4348 985 4407 in
1010 4348 1148 4409 cancello
1169 4348 1298 4416 ecclesie
1319 4348 1358 4408 de
1380 4346 1640 4426 Schenyngielde,

407 4450 526 4530 capelle
557 4451 701 4529 ejusdem
728 4454 767 4513 de
803 4452 995 4526 Swaleielde,
1025 4454 1121 4525 libris,
1143 4454 1349 4523 vestimentis,
1381 4474 1417 4513 ao
1449 4452 1518 4513 aliis
1549 4471 1639 4513 orna·

406 4557 523 4617 mentis
546 4558 725 4629 earundem,
748 4577 869 4619 necnon
891 4560 1037 4639 grangiis,
1068 4560 1212 4620 domibus
1241 4560 1319 4630 aliie,
1349 4564 1381 4619 et
1412 4558 1565 4619 clausuris
1599 4560 1641 4618 ad

406 4662 507 4723 dictae
539 4664 702 4725 ecclesiam
732 4670 764 4725 et
795 4665 948 4744 capellam
977 4665 1216 4747 pertinentibus,
1250 4664 1363 4725 notorii
1392 4669 1467 4725 sunt
1489 4663 1640 4736 defectus,

405 4787 539 4848 quorum
579 4770 771 4849 reparacioni
792 4771 899 4833 nullus
926 4773 1071 4833 intendit.
1123 4772 1272 4833 Volentes
1300 4771 1395 4851 igitur
1418 4770 1640 4849 indempnitati

405 4872 547 4952 ipserum
567 4874 697 4936 ecclesie
717 4881 749 4936 et
770 4876 888 4957 capelle
909 4878 1095 4958 prospicere,
1124 4882 1160 4939 ut
1182 4882 1335 4949 tenemur,
1357 4896 1393 4937 ac
1412 4881 1507 4956 prout
1531 4882 1643 4937 nostro

405 4978 554 5058 pastorali
582 4980 736 5042 incumbit
756 4981 859 5043 officio
880 4982 942 5044 hiis
964 4983 1090 5054 mederi,
1117 4982 1278 5044 devocioni
1299 4986 1353 5043 tue
1383 4980 1515 5040 tirmiter
1536 4980 1638 5060 injun-

404 5085 506 5162 gendo
535 5086 763 5149 committimus
793 5094 826 5149 et
845 5090 1034 5151 mandamus
1062 5090 1209 5171 quatinus
1231 5089 1270 5150 ad
1301 5089 1401 5150 dictae
1422 5086 1585 5148 ecclesiam
1607 5092 1643 5149 et
