3850 5917
406 662 446 719 22
780 660 959 739 Rspictrum
986 660 1052 722 Ado
1078 661 1116 723 de
1145 661 1268 723 Orlctoa

237 890 294 933 M)-
309 890 364 931 ¹³¹⁷·
406 886 613 967 permissione
637 886 743 947 divina
764 886 996 949 lincolniensis
1017 887 1205 966 Episcopus,
1230 886 1345 948 dilecto
1366 886 1400 945 in
1425 886 1553 948 Christo
1576 886 1642 947 filio

406 992 612 1072 prebendario
633 992 831 1072 prebendalis
852 992 984 1054 ecclesie
1004 993 1043 1053 de
1063 991 1183 1053 Thame
1205 996 1314 1053 nostre
1341 991 1475 1053 diocesis
1496 992 1640 1064 salntem,

407 1103 468 1161 etc.
523 1096 713 1160 Devocionis
744 1104 847 1161 vestre
875 1098 1021 1179 precibus
1044 1098 1257 1161 favorabiliter
1286 1097 1430 1159 inclinati
1463 1103 1500 1158 ut
1531 1097 1642 1158 altmia

407 1202 442 1263 in
473 1203 605 1265 ecclesia
637 1202 818 1283 prebendali
852 1204 994 1284 predicta
1024 1204 1086 1264 fixa
1116 1224 1153 1264 ac
1177 1203 1274 1279 etiam
1308 1202 1474 1267 duodecim
1507 1202 1642 1283 portalis

408 1309 550 1369 nondum
584 1310 832 1371 consecracionis
867 1330 997 1372 munere
1031 1308 1182 1389 insignita
1201 1328 1259 1388 per
1288 1308 1499 1370 venerabilem
1518 1313 1642 1387 patrem

407 1414 571 1475 dominum
593 1414 702 1487 Adam,
725 1416 785 1476 Dei
806 1416 910 1495 gracia
931 1414 1197 1477 Hereiordensem
1230 1414 1434 1494 Episcopum,
1462 1414 1548 1475 licite
1568 1433 1641 1474 con-

407 1519 524 1581 secrari
549 1520 651 1581 iacere
685 1521 826 1593 valeatis,
861 1542 899 1582 eo
931 1541 997 1582 non
1025 1520 1171 1582 obstante
1209 1520 1293 1600 quod
1327 1520 1413 1580 diota
1442 1519 1575 1580 ccclesia
1608 1519 1643 1579 in

406 1632 516 1688 nostra
546 1628 663 1689 diocesi
691 1628 835 1701 situatur,
857 1629 933 1688 dum
958 1632 1065 1689 tamen
1087 1627 1171 1688 eliud
1202 1626 1389 1688 canonicum
1409 1647 1474 1688 non
1498 1626 1640 1698 obsistat,

406 1731 538 1811 liberem
573 1733 661 1795 vobis
692 1740 725 1795 et
752 1734 836 1795 dicto
870 1734 953 1814 patri
988 1754 1026 1796 es
1060 1733 1265 1794 consecrandi
1299 1738 1409 1793 tenore
1442 1731 1641 1811 presencium

407 1838 610 1901 concedimus
631 1838 822 1902 facultatem.
865 1840 986 1901 Valete
1028 1840 1148 1901 Datum
1168 1840 1253 1918 apud
1272 1858 1403 1918 parcum
1422 1838 1527 1899 Stowe
1547 1837 1569 1918 ij
1592 1837 1641 1898 Id.

407 1943 550 2025 Augusti,
579 1965 663 2006 anno
687 1946 817 2007 Domini
845 1946 1060 2025 M0ccc⁰xvij⁰
1087 1950 1120 2006 et
1147 1944 1393 2006 consecrationis
1420 1948 1529 2005 nostre
1555 1944 1640 2023 xviij.

407 2051 477 2126 Qua
498 2052 625 2131 quidem
645 2051 751 2113 littera
770 2058 896 2131 recepta
915 2051 1019 2112 dictus
1039 2051 1186 2112 dominus
1207 2050 1385 2131 Episcopus
1398 2048 1642 2111 Hereiordensis

406 2155 441 2215 in
462 2156 595 2217 ccclesia
615 2157 654 2217 de
685 2158 804 2218 Tharne
825 2157 967 2237 predicta
997 2158 1048 2218 die
1079 2156 1237 2218 dominica
1267 2155 1409 2235 proxima
1430 2155 1642 2216 antefactum

407 2260 510 2323 sancti
527 2261 744 2323 Bartholomci
761 2262 905 2342 apostoli,
923 2282 1007 2323 anno
1024 2262 1154 2323 Domini
1171 2261 1361 2341 supradicto,
1376 2258 1515 2339 quinque
1532 2258 1643 2319 altaria

407 2366 612 2428 consecravit.

410 2643 488 2723 Asty.
513 2648 551 2703 21
556 2643 704 2722 .-Roper
737 2642 784 2721 [de
811 2642 1030 2724 Mortevallicl‚
1058 2642 1177 2723 Bishop
1200 2643 1235 2722 of
1259 2642 1433 2721 Satiatury,
1461 2642 1566 2703 cllcwc
1592 2643 1641 2704 the

289 2722 294 2731 '
529 2724 738 2886 Bisbopbwy
674 2730 706 2804 os
733 2724 884 2805 Hcroscrd
912 2732 941 2785 to
968 2731 1137 2785 comeorote
1158 2724 1235 2805 socr
1258 2723 1397 2785 oltors'
1382 2743 1418 2784 m
1442 2723 1492 2784 the
1517 2724 1642 2785 Choreb

371 3042 373 3047 .
489 2985 576 3045 Iunis
618 3002 757 3045 amussi
798 3002 1019 3045 vesanientis
1060 3002 1174 3045 Parme
1215 3000 1335 3044 noenu
1371 2985 1641 3045 Saarssusinusls

406 3090 563 3151 Es1soos1
597 3107 659 3151 sno
694 3106 873 3149 spumeus
915 3107 949 3150 iu
992 3106 1150 3149 accessis
1179 3107 1223 3148 nn
1266 3088 1497 3149 mascusium
1525 3104 1640 3149 cosse-

407 3195 748 3275 omnnia-Rogatus,
786 3194 993 3274 permissione
1031 3194 1138 3255 divina
1176 3193 1419 3254 sarisburiensis
1453 3194 1640 3273 Episcopus,

407 3302 522 3363 dilecto
543 3301 577 3361 in
591 3300 718 3364 Ohristo
738 3300 804 3361 lilio
819 3300 969 3379 magistro
985 3299 1133 3371 Johanni,
1148 3298 1276 3360 Rectori
1293 3299 1424 3361 ecclesie
1440 3300 1479 3360 de
1497 3298 1640 3361 Aissche·

407 3406 486 3487 bury
520 3412 628 3469 nostre
661 3405 803 3478 diocesis,
838 3405 982 3476 salutem,
1018 3410 1078 3466 etc.
1134 3406 1325 3467 Devccionis
1359 3411 1464 3467 vestre
1495 3404 1641 3485 precibus

403 3513 547 3574 inclinati
569 3518 604 3573 ut
625 3512 736 3573 altaria
756 3512 789 3572 in
810 3512 942 3574 ecclesia
964 3517 1069 3573 vestra
1089 3512 1231 3592 predicta
1251 3532 1367 3574 munus
1392 3514 1641 3575 consecracionis

406 3619 612 3699 exposcencia
645 3618 731 3679 licite
761 3617 888 3679 valeant
922 3638 941 3679 a
976 3617 1145 3679 venerabili
1179 3624 1270 3697 patre
1304 3618 1433 3680 domino
1467 3617 1544 3690 Ado,
1580 3620 1640 3681 Dei

406 3724 511 3804 gracia
540 3722 765 3785 Hereiordensi
797 3723 965 3804 Episcopo,
1001 3723 1186 3795 consecrari,
1215 3743 1253 3784 eo
1281 3743 1345 3784 non
1376 3723 1523 3785 obstante
1557 3725 1641 3805 quod

406 3830 517 3891 eadem
538 3828 670 3891 ecclesia
689 3828 722 3888 in
744 3834 854 3890 nostra
874 3828 992 3889 diocesi
1013 3828 1158 3900 situatur,
1179 3829 1255 3888 dum
1280 3833 1387 3889 temen
1408 3829 1493 3889 aliud
1514 3828 1639 3890 canoni-

406 3956 480 3998 cum
501 3956 565 3999 non
593 3934 736 4006 obsistat,
768 3934 898 3995 liberam
927 3933 1015 3995 vobis
1046 3939 1078 3995 et
1109 3934 1194 3994 dicto
1223 3934 1306 4014 patri
1326 3934 1508 4014 hujusmodi
1529 3934 1641 3995 altaria

406 4060 589 4103 consecrare
618 4040 736 4103 volenti
766 4046 875 4101 tenore
894 4038 1094 4119 presencium
1125 4040 1327 4101 concedimus
1354 4041 1546 4102 facultatem.
1599 4041 1640 4101 In

406 4148 497 4229 cujus
521 4148 576 4221 rei,
601 4154 661 4210 etc.
712 4148 831 4208 Datum
857 4148 941 4228 apud
968 4148 1140 4228 Sonnyngg
1163 4147 1204 4228 xij
1232 4147 1302 4208 Kal.
1329 4148 1532 4228 Septembris,
1557 4168 1640 4210 anno

406 4254 536 4316 Domini
558 4254 716 4317 M⁰GOG¹¹²⁰
737 4254 996 4334 septimodecimo
1023 4260 1056 4316 ct
1083 4254 1332 4316 consecracionis
1357 4259 1464 4316 nostre
1492 4256 1639 4317 secundo.

407 4361 477 4436 Qua
498 4360 624 4441 quidem
645 4360 751 4421 littera
781 4364 907 4439 recepta
938 4360 1042 4421 dictus
1069 4365 1159 4440 pater
1190 4359 1432 4422 Herefordensis
1452 4361 1496 4441 iiij
1530 4360 1641 4421 altaria

406 4466 603 4528 consecravit
636 4466 670 4525 in
713 4465 844 4527 ecclesia
885 4466 924 4527 de
967 4465 1179 4546 Aisschcbury
1217 4466 1358 4547 predicta
1397 4467 1448 4528 die
1482 4466 1641 4528 dominica

405 4572 549 4653 proxima
568 4575 641 4651 post
663 4570 780 4631 festum
802 4572 903 4631 sancti
925 4570 991 4631 Bar
1000 4571 1174 4650 [tholomei]
1225 4616 1232 4631 .
1276 4618 1283 4632 .
1327 4618 1333 4631 .

496 4688 575 4767 [The
596 4687 781 4759 remainden
803 4687 869 4747 hali
890 4708 909 4749 a
929 4688 1002 4761 line,
1023 4688 1051 4750 is
1071 4693 1126 4749 cut
1145 4688 1212 4767 ou]
