3850 5917
675 695 826 776 Episcopi
852 695 1096 776 Hetefordcnsis.
1462 698 1502 758 43

120 929 165 968 Μ)-
178 929 226 968 ¹³¹⁷·
264 920 387 982 dictum
407 921 447 982 de
464 921 563 992 Koke,
581 927 689 982 tencre
703 919 901 1000 presencium
917 919 1007 980 vobis
1026 920 1257 981 committimus
1275 921 1360 982 vices
1378 926 1504 982 nostras

265 1047 338 1088 oum
364 1026 568 1088 coercicionis
590 1027 741 1087 canonice
760 1029 919 1105 potestate
941 1026 1042 1086 donec
1064 1027 1192 1086 easdem
1212 1026 1394 1087 duxerimus
1416 1045 1502 1086 revo-

265 1135 394 1206 candas,
430 1133 504 1195 licet
538 1135 622 1194 dicta
652 1153 748 1195 causa
782 1153 838 1194 seu
871 1133 1036 1212 negocium
1074 1135 1113 1193 ad
1151 1134 1393 1195 destitucionem
1426 1134 1503 1194 dicti

265 1240 425 1302 Johannis
446 1240 575 1301 tendere
595 1239 747 1300 videatur.
790 1239 910 1299 Datum
933 1239 1018 1318 apud
1036 1239 1175 1319 Sugwas,
1199 1239 1294 1319 xxvij⁰
1313 1240 1363 1301 die
1385 1240 1505 1300 mensis

266 1345 424 1417 Octobris,
447 1357 530 1407 anno
553 1347 681 1407 Domini
705 1345 872 1407 millesimo
893 1345 1069 1424 ccouvija
1093 1351 1153 1406 etc.

195 1648 201 1677 ,
265 1603 343 1663 Noc.
372 1601 508 1663 e-Tte
532 1601 651 1680 Bishop
674 1601 856 1662 undertakes
882 1609 911 1661 tc
931 1621 997 1680 pay
1026 1602 1055 1661 to
1083 1597 1132 1662 the
1159 1601 1242 1680 Pope
1269 1605 1307 1661 11
1332 1601 1437 1662 marks
1464 1621 1504 1662 on

391 1689 520 1744 moerent
540 1683 576 1762 os
594 1681 643 1743 tha
664 1683 795 1760 Rectory
816 1682 852 1761 os
868 1681 1023 1752 Hanwell,
1044 1682 1108 1742 ond
1128 1684 1169 1743 46
1187 1682 1293 1743 nrorlra
1307 1684 1362 1763 sor
1381 1683 1463 1744 Acte.

343 1841 530 1902 'Oucrcscro
552 1839 881 1920 Doursr.-[Pa]teat
906 1837 1061 1898 universis
1083 1857 1141 1917 per
1156 1842 1320 1917 presentes
1336 1839 1420 1918 quod
1444 1858 1504 1900 nos

265 1947 377 2018 Adam,
410 1953 480 2016 etc,
506 1952 651 2007 tenemur
681 1949 713 2006 et
747 1965 804 2024 psr
832 1949 996 2024 presentes
1029 1944 1157 2023 obligati
1186 1944 1351 2005 existimus
1375 1945 1504 2006 domino

264 2058 375 2114 nostro
404 2051 490 2130 Papo
513 2057 545 2111 et
568 2049 698 2111 ecclesie
725 2050 868 2110 Romane
889 2049 922 2109 in
943 2049 1088 2109 undecim
1114 2049 1227 2110 marcis
1250 2049 1403 2110 bonorum
1426 2054 1503 2111 ster·

264 2158 423 2238 lingorum
444 2176 501 2236 pro
522 2155 685 2226 fructibus,
707 2155 881 2216 redditibus
902 2160 934 2216 et
954 2155 1160 2235 proventibus
1181 2155 1312 2216 ecclesie
1336 2155 1375 2216 de
1397 2157 1503 2217 Hane·

264 2263 364 2333 welle,
395 2261 626 2322 Lincolniensis
653 2260 796 2330 diocesis,
825 2260 953 2321 domino
981 2266 1091 2321 nostro
1119 2260 1205 2339 Pape
1237 2259 1352 2322 debitis
1379 2261 1505 2322 racione

263 2366 445 2430 vocacionis
482 2366 633 2445 ejusdem,
671 2365 828 2426 solvendis
865 2365 1039 2426 Londoniis
1071 2364 1241 2426 venerabili
1275 2366 1343 2426 viro
1376 2366 1506 2427 domino

263 2474 400 2554 Bigaldo
424 2473 463 2533 de
486 2470 620 2542 Asserio,
643 2471 794 2532 canonico
820 2469 1046 2542 Aurelianensi,
1075 2471 1194 2532 domini
1218 2472 1305 2552 Pape
1332 2473 1504 2553 capellano,

264 2581 354 2642 etin
381 2577 494 2658 Anglia
522 2577 637 2637 nuncio
664 2595 700 2637 ac
725 2576 884 2638 collectori
908 2576 1079 2647 fructuum,
1108 2576 1288 2638 reddituum
1315 2583 1348 2639 et
1372 2598 1503 2657 proven·

263 2690 357 2745 tuum
378 2681 591 2762 predictorum
619 2700 675 2760 per
696 2680 816 2740 dictum
845 2680 1009 2741 dominum
1034 2682 1154 2760 Papam
1183 2682 1343 2760 deputato,
1364 2681 1414 2742 vel
1435 2682 1505 2761 ejus

263 2796 351 2851 certo
374 2788 525 2848 mandato
547 2807 604 2847 seu
627 2785 742 2846 nuncio
761 2785 811 2846 vel
834 2786 959 2846 nunciis
979 2786 1151 2865 apostolice
1170 2783 1255 2847 sedis
1276 2787 1310 2845 in
1333 2786 1446 2866 Anglia
1463 2787 1504 2847 ad

254 2883 324 2956 ‘hoc
339 2893 528 2954 mandatum
552 2891 751 2963 habentibus,
769 2891 809 2951 ad
829 2892 909 2952 duos
930 2892 1005 2951 anni
1026 2891 1179 2952 terminos
1202 2912 1259 2970 per
1283 2892 1410 2972 equulos
1433 2913 1503 2971 por·

263 3002 381 3070 cinnes,
419 2999 620 3060 medietatem
652 2998 798 3058 videlicet
826 2997 859 3056 in
894 2997 976 3058 festo
1007 2998 1243 3059 Purificacionis
1276 2998 1368 3060 beate
1402 2999 1504 3060 Mario

264 3106 407 3188 proxime
431 3108 573 3174 venturo,
606 3109 638 3164 et
668 3102 761 3162 aliam
795 3102 997 3164 medietatem
1027 3103 1060 3162 in
1088 3103 1169 3164 festo
1203 3104 1326 3166 Pascbe
1362 3105 1504 3185 proxime

265 3216 429 3292 sequente.
486 3207 535 3268 Ad
572 3228 668 3288 quam
700 3208 894 3269 solucionem
923 3207 1017 3269 dictis
1049 3209 1194 3271 terminis
1224 3209 1400 3272 faciendam
1427 3211 1503 3271 obli·

264 3337 377 3397 gamus
399 3335 459 3375 nos
480 3319 512 3375 et
526 3313 690 3374 ecclesiam
705 3319 846 3375 nostram
860 3314 1035 3392 predictam
1057 3314 1250 3376 districcioni
1268 3322 1302 3376 et
1319 3317 1504 3378 coercicioni

264 3425 483 3502 cujuscunque
506 3419 620 3499 judicis
643 3419 857 3490 ecclesiastici,
879 3424 911 3480 et
928 3421 1105 3499 specialiter
1125 3442 1247 3482 camere
1270 3423 1389 3482 domini
1403 3424 1504 3484 nostri

265 3529 352 3608 Pape
382 3527 434 3588 vel
464 3525 615 3586 auditoris
638 3525 789 3604 ejusdem,
813 3525 1035 3586 renunciantes
1062 3527 1301 3607 quibuscunque
1328 3529 1449 3608 juribus
1471 3535 1505 3590 et

265 3631 510 3714 ullegacionibus
531 3630 644 3710 quibus
667 3630 772 3691 venire
793 3649 958 3710 possemus
986 3631 1019 3690 in
1047 3632 1152 3712 aliquo
1172 3639 1283 3694 contra
1311 3634 1503 3695 solucionem

264 3741 450 3820 predictam.
492 3738 532 3796 In
546 3757 680 3817 quorum
695 3737 835 3798 omnium
851 3737 1077 3808 testimonium,
1091 3744 1151 3798 eto.
1187 3740 1306 3800 Datum
1321 3740 1503 3813 Londoniis,

265 3845 310 3925 vj⁰
334 3845 386 3905 die
411 3843 608 3914 Novembris,
634 3861 717 3902 anno
736 3842 865 3902 Domini
886 3842 1110 3923 M⁰OGG⁰xvij⁰.

349 3975 435 4036 Item
463 3973 573 4034 eodem
596 3973 689 4033 modo
715 3971 870 4051 obligatur
891 3973 1037 4034 dominus
1066 3975 1098 4034 in
1119 3975 1172 4036 xlv
1199 3976 1313 4037 marcis
1340 3993 1397 4056 pro
1422 3977 1503 4037 fruc·

268 4080 353 4147 tibus
382 4079 514 4141 ecclesie
542 4079 581 4140 de
606 4076 689 4150 Acle,
710 4078 923 4140 Norwicensis
945 4079 1088 4141 diocesis.

270 4334 333 4396 Oct,
365 4331 523 4394 28.—.'l¹lre
552 4331 680 4410 Bisbop,
713 4331 804 4393 about
837 4338 866 4392 to
897 4351 932 4409 ρο
964 4332 1088 4405 abead,
1120 4333 1263 4412 appointr
1294 4333 1437 4396 Richard
1466 4337 1504 4397 de

394 4413 513 4474 Vernon
541 4419 569 4472 to
598 4412 630 4473 be
662 4411 753 4473 Vicar
779 4412 910 4472 Gerserol
937 4411 973 4472 in
1000 4412 1049 4474 tis
1077 4413 1209 4475 abiem.

349 4573 532 4634 Germano
553 4586 654 4628 rscrs
675 4586 805 4628 vrcsruo
822 4587 988 4628 curucam
1009 4586 1074 4628 run
1093 4569 1284 4630 Errscorurr
1306 4589 1340 4630 m
1361 4588 1504 4633 nemoris

266 4675 588 4745 sessura-Adam,
621 4682 690 4746 etc,
715 4675 852 4736 discreto
872 4675 940 4735 viro
961 4675 1111 4754 magistro
1132 4675 1267 4736 Ricardo
1295 4676 1333 4736 de
1354 4677 1503 4738 Vernoun

265 4783 392 4846 officiali
422 4785 531 4842 nostro
562 4779 706 4851 salutem,
739 4785 797 4840 etc.
861 4780 941 4854 Quia
962 4780 1003 4840 ob
1023 4799 1152 4840 causam
1174 4780 1396 4841 racionabilem
1416 4787 1505 4843 extra

265 4889 419 4952 diocesim
446 4892 588 4948 nostram
616 4886 649 4945 in
677 4886 807 4946 remotis
838 4891 967 4968 agentes
998 4883 1267 4946 administracioni
1294 4887 1503 4965 spiritualium
1553 4927 1556 4929 Α

265 4999 305 5060 ad
331 5013 464 5077 presens
485 4992 647 5053 intendere
671 5012 735 5052 non
759 4992 909 5062 valemus,
931 4992 970 5052 de
988 4996 1094 5052 vestra
1114 4990 1265 5051 fidelitate
1296 4998 1328 5051 et
1349 4991 1504 5053 industria

264 5095 393 5184 plenam
415 5100 450 5159 in
479 5097 617 5158 Domino
638 5097 785 5158 fiduciam
807 5103 1014 5177 reportantes,
1045 5116 1102 5157 vos
1125 5102 1269 5158 nostrum
1300 5097 1333 5156 in
1356 5097 1503 5159 absencia
