3850 5917
696 687 847 768 Episcopi
874 688 1116 769 Heresordeesis.
1464 691 1524 751 265

76 920 156 959 M)-
176 919 242 957 Μ·
286 912 379 972 nobis
403 912 452 972 vel
477 912 609 973 Officiali
631 917 741 973 nostro
763 919 908 974 constare
928 914 1026 975 facias
1051 914 1089 975 ds
1116 914 1243 975 eisdem.
1287 916 1405 975 Datum
1441 915 1524 994 apud

286 1018 504 1097 Kensyntone,
528 1023 587 1079 etc.

289 1274 368 1334 Noc.
390 1273 602 1334 25.-Letters
622 1272 788 1353 diesissmp
810 1274 938 1352 praeced
961 1280 990 1335 to
1019 1273 1159 1333 Williore
1182 1274 1219 1334 de
1244 1274 1388 1345 Strettoe,
1414 1274 1526 1334 Rector

409 1354 445 1433 of
483 1355 593 1433 Uptoe,
626 1354 693 1415 ctat
726 1354 762 1415 he
792 1374 864 1433 moy
895 1355 1007 1415 receive
1038 1354 1166 1415 Priest's
1204 1354 1315 1415 Orders
1344 1356 1429 1435 from
1463 1374 1524 1434 nep

411 1434 552 1495 Catholic
580 1435 707 1515 Bishop.

367 1604 564 1663 D1u1ss0a1a
584 1621 647 1663 rao
668 1604 824 1664 Rncrona
846 1622 890 1662 nn
913 1604 1322 1665 Ursam-Memoraudum
1345 1606 1428 1677 quod
1450 1616 1526 1667 xxv⁰

287 1710 338 1769 die
359 1709 477 1769 mensis
496 1708 694 1780 Novembris,
716 1729 800 1769 anno
821 1708 950 1769 Domini
969 1708 1195 1789 M⁰0000xxiij0
1209 1710 1292 1789 apud
1315 1710 1522 1790 Scheuigfeld,

287 1835 435 1875 concesse
458 1814 585 1875 fuerunt
606 1814 711 1875 littere
731 1814 907 1875 dimissoria
928 1815 1087 1875 Willelmo
1112 1815 1151 1875 de
1183 1814 1352 1885 Strettone,
1382 1816 1522 1886 diacono,

283 1920 410 1981 Rectori
431 1920 562 1980 ecclesie
593 1920 632 1980 de
663 1920 801 1999 Uptone,
823 1940 880 1999 pro
909 1920 1018 1981 ordine
1049 1920 1274 1999 presbiteratus
1296 1941 1314 1981 a
1335 1940 1523 2001 quocunque

282 2026 442 2105 Episcopo
462 2025 619 2085 catholico
640 2025 828 2105 recipiendo.

289 2288 367 2349 Noe
392 2289 525 2347 ea-In
550 2288 599 2348 the
625 2295 737 2349 matter
760 2288 796 2367 of
819 2310 840 2349 a
863 2288 928 2349 suet
952 2287 988 2347 ie
1013 2288 1061 2348 the
1092 2288 1185 2348 Coert
1210 2288 1245 2367 os
1271 2288 1460 2367 Centerbarp
1488 2309 1524 2348 as

408 2376 437 2429 to
463 2369 512 2428 the
537 2369 661 2429 Obareis
682 2371 717 2448 of
742 2369 905 2429 Wistestoe
929 2369 1056 2429 between
1080 2369 1221 2429 Richurd
1245 2370 1282 2429 de
1306 2370 1435 2430 Ladlow
1460 2371 1524 2431 ane

416 2450 555 2509 Williem
575 2451 612 2510 de
636 2451 739 2527 Wpee,
762 2450 810 2511 the
831 2450 960 2529 Bislrop,
983 2450 1065 2510 since
1086 2450 1226 2510 Richard
1250 2452 1287 2509 de
1311 2451 1441 2511 Ledlow
1467 2450 1523 2511 has

409 2531 580 2591 reeoeeced
609 2530 659 2591 his
686 2530 788 2601 caim,
816 2550 904 2609 serpes
936 2530 1077 2591 thltam
1103 2531 1139 2591 de
1171 2531 1264 2608 Wpee
1293 2538 1322 2591 to
1350 2552 1464 2611 appear
1489 2538 1522 2591 et

412 2610 565 2689 Shinfield
590 2631 629 2671 oe
656 2612 728 2672 Dec.
749 2616 779 2680 1,
809 2618 838 2672 to
864 2618 939 2671 meet
966 2611 1014 2671 the
1037 2611 1285 2691 representatiocs
1310 2612 1346 2690 os'
1370 2612 1418 2672 the
1443 2612 1525 2673 Eerl

406 2693 442 2771 os'
465 2692 612 2762 Araedet
639 2692 706 2753 thet
732 2692 780 2752 the
804 2699 915 2753 matter
937 2712 1009 2770 map
1035 2692 1068 2751 be
1092 2692 1249 2752 discesscd
1273 2692 1336 2753 aad
1360 2692 1493 2753 decided.

369 2863 515 2923 Inmane
536 2882 676 2923 numera
698 2864 748 2925 W.
780 2882 824 2923 na
856 2864 1166 2936 Weiss—Salutem,
1197 2870 1256 2925 etc.
1300 2866 1522 2945 Significarunt

286 2969 379 3030 nobis
401 2970 548 3031 dominus
568 2969 681 3031 Comes
708 2976 740 3031 et
764 2971 892 3031 domina
921 2970 1090 3031 Comitissa
1109 2970 1289 3032 Anmdellie
1309 2972 1393 3051 quod
1414 2972 1453 3031 ad
1474 2972 1520 3030 in-

281 3076 437 3137 stanciam
462 3095 570 3137 eorum
600 3076 754 3137 Ricardus
789 3077 828 3137 de
852 3076 1019 3137 Lodelowe
1046 3082 1175 3155 paratus
1199 3082 1248 3137 est
1269 3077 1316 3136 liti
1339 3097 1395 3157 per
1417 3077 1520 3156 ipsum

285 3186 396 3242 contra
411 3202 467 3243 vos
488 3202 583 3262 super
596 3182 728 3243 ecclesia
748 3182 787 3242 de
801 3182 1026 3243 Wistanestow
1041 3188 1126 3243 mote
1145 3182 1178 3242 in
1193 3182 1286 3243 Curia
1301 3182 1520 3243 (lantuariensi

168 3334 176 3349 .
283 3288 406 3357 cedere,
431 3293 464 3348 st
490 3288 551 3367 juri
580 3288 607 3348 si
638 3288 722 3367 quod
753 3287 813 3349 sibi
841 3287 874 3346 in
903 3307 940 3348 ea
974 3288 1125 3367 competit
1156 3288 1348 3359 renunciare,
1375 3293 1520 3367 petentes

284 3400 322 3455 ut
353 3393 462 3454 habita
492 3394 676 3455 dimissione
703 3393 796 3454 Curia
823 3392 1011 3473 supradicte,
1043 3412 1104 3473 que
1134 3393 1357 3472 premissorum
1387 3398 1519 3472 optentu

283 3499 416 3560 faciliter
442 3499 559 3579 poterit
587 3500 759 3579 impetrari,
789 3499 1005 3560 ordinaremus
1032 3499 1071 3560 de
1103 3499 1188 3560 dicta
1211 3499 1342 3561 ecclesia
1373 3505 1406 3561 et
1434 3505 1520 3561 statu

283 3610 389 3666 vestro
408 3606 498 3683 juxta
526 3604 769 3666 submissionem
797 3608 934 3665 vestram
969 3624 1074 3664 coram
1102 3603 1192 3664 nobis
1227 3604 1304 3665 alias
1332 3604 1457 3677 factam,
1479 3606 1519 3666 ad

284 3731 380 3791 quam
404 3730 461 3771 vos
482 3708 634 3789 corporali
663 3714 860 3770 sacramento
883 3709 1017 3788 prestito
1042 3708 1240 3769 astrinxistis.
1297 3710 1340 3768 Et
1361 3710 1434 3790 quia
1455 3731 1518 3771 uon

283 3816 478 3877 intendimus
506 3814 594 3875 vobis
622 3813 808 3875 inconsultis
832 3814 865 3873 in
894 3813 1040 3874 absencia
1066 3818 1171 3875 vestra
1199 3814 1316 3894 aliquid
1344 3835 1438 3894 super
1458 3818 1519 3877 hoc

282 3922 435 3994 ordinare,
474 3921 680 3982 amicabiliter
710 3921 903 3982 consulimus
938 3926 971 3981 et
999 3921 1155 3981 attencius
1189 3939 1335 3999 rogamus
1369 3922 1519 4000 quatinus

283 4049 387 4089 coram
405 4028 497 4090 nobis
514 4030 598 4107 apud
620 4027 828 4107 Schenygfeld
843 4028 934 4107 juxta
950 4027 1111 4107 Radyugs‚
1129 4026 1179 4087 die
1197 4026 1363 4087 Dominica
1377 4028 1519 4107 proxima

282 4138 356 4213 post
390 4134 514 4194 instans
541 4133 658 4193 festum
692 4139 801 4194 sancte
828 4133 952 4193 Andros
979 4133 1131 4213 Apostoli,
1167 4136 1303 4193 vestram
1338 4133 1518 4194 omnimode

285 4240 403 4301 curetis
429 4238 625 4320 presenciam
662 4238 815 4309 exhibere,
851 4258 946 4318 super
986 4238 1148 4318 premissis
1182 4237 1305 4317 plenius
1343 4240 1516 4310 tractaturi,

282 4345 396 4425 quibus
424 4344 474 4405 dis
496 4350 528 4406 et
549 4344 618 4405 loco
639 4344 745 4404 nuncii
767 4344 842 4404 dicti
864 4344 997 4405 Comitis
1028 4343 1116 4405 vobis
1147 4347 1321 4415 occurrent,
1348 4348 1380 4404 et
1401 4343 1516 4405 ibidem

282 4458 386 4513 vestre
412 4450 530 4530 peterit
564 4450 661 4529 quieti
697 4454 729 4511 et
767 4450 837 4529 paci
875 4450 971 4510 dante
1001 4449 1140 4510 Domino
1175 4448 1349 4529 provideri:
1381 4448 1516 4510 scientes

282 4558 366 4637 quod
387 4556 415 4617 si
436 4576 493 4635 per
513 4561 651 4616 vestram
679 4555 857 4616 absenciam
889 4554 1071 4635 hujusmodi
1102 4554 1265 4634 negocium
1297 4555 1418 4615 diucius
1446 4575 1515 4634 pro-

282 4663 436 4733 trahatur,
466 4661 622 4742 prefatum
651 4660 807 4722 Comitem
835 4667 868 4722 et
902 4680 977 4722 suos
1005 4666 1114 4721 contra
1148 4680 1204 4721 vos
1233 4659 1441 4741 provocabitis
1478 4661 1516 4721 ad

284 4767 442 4847 graviores
462 4766 551 4827 vobis
572 4766 733 4827 molestias
761 4766 948 4827 inferendas.
996 4766 1073 4827 Ideo
1101 4766 1225 4845 expedit
1254 4764 1342 4826 vobis
1367 4786 1443 4827 sano
1471 4766 1518 4826 uti

282 4872 423 4944 consilio,
451 4877 484 4934 et
504 4877 630 4951 tempus
657 4873 810 4933 redimere
838 4872 913 4952 quia
943 4872 1010 4933 dies
1031 4872 1106 4931 mali
1127 4876 1210 4933 sunt.
1253 4872 1296 4932 Et
1323 4870 1398 4951 quid
1423 4890 1517 4950 super

282 4980 345 5041 hiis
380 4978 482 5040 facere
504 4978 704 5039 decreveritis
735 4978 826 5040 nobis
856 4998 913 5058 per
939 4978 1072 5039 latorem
1099 4976 1296 5057 presencium
1328 4976 1515 5038 rescribatis.

283 5086 444 5166 Scriptum
471 5085 554 5165 apud
577 5084 794 5165 Schenygfeld,
816 5084 914 5164 xxiiij⁰
936 5084 988 5145 die
1009 5082 1205 5145 Novembris.
