3850 5917
398 715 457 775 378
772 715 951 795 Regiatrem
978 716 1044 777 Ade
1070 717 1108 776 de
1137 717 1261 777 Orletoa

225 945 283 985 M)-
301 944 355 984 ¹³²⁸·
397 941 540 1019 quamvis
562 941 678 1020 injuste
698 942 873 1021 occupavit,
892 947 928 1001 ut
947 942 1033 1012 dicit,
1052 942 1092 1002 de
1110 942 1204 1023 s[uis]
1228 941 1348 1024 r[ebus]
1371 942 1534 1021 delegavit.
1585 944 1638 1003 De

397 1066 459 1125 qua
480 1045 626 1106 dominus
646 1046 676 1105 J.
697 1046 924 1107 Bathoniensis
943 1046 1121 1126 Episcopus
1140 1047 1216 1108 lacit
1234 1047 1446 1127 calumpniam
1465 1049 1637 1108 asserendo

397 1151 538 1223 eandem,
567 1156 602 1210 ut
633 1151 756 1224 dicitur,
782 1172 851 1212 esse
879 1154 990 1213 suam.¹
1042 1151 1135 1223 Item,
1167 1153 1177 1230 j
1211 1153 1340 1212 anulum
1368 1153 1591 1232 pontificalem,
1620 1154 1633 1231 j

397 1256 541 1316 baculum
563 1257 720 1335 pastorale
741 1278 813 1317 eum
834 1258 1031 1337 manutergio
1052 1258 1091 1318 de
1109 1258 1210 1319 serico
1232 1258 1317 1319 dicto
1338 1258 1450 1319 baculo
1470 1260 1634 1337 deputato,

397 1368 428 1422 et
448 1362 458 1441 j
482 1383 538 1442 par
566 1362 771 1437 cirotecarum
792 1364 1030 1443 pontificalium.
1074 1363 1167 1435 Item,
1191 1364 1202 1443 j
1232 1363 1381 1434 casulam,
1410 1364 1442 1443 iij
1465 1364 1637 1424 dalmatica

397 1573 565 1652 manipula.
608 1572 701 1645 Item,
723 1574 767 1653 iiij
791 1574 988 1653 manutergia
1007 1594 1064 1653 pro
1085 1573 1176 1635 altari
1197 1594 1331 1654 quornm
1353 1576 1364 1654 j
1391 1595 1463 1634 cnm
1495 1574 1633 1634 frontali.

397 1679 489 1749 Item,
513 1680 523 1755 j
548 1678 686 1749 calicem,
708 1680 718 1757 j
743 1680 911 1757 corporale,
933 1680 943 1758 j
968 1680 1105 1758 pixidem
1133 1680 1172 1740 de
1200 1679 1301 1749 ebore,
1323 1680 1345 1757 ij
1367 1680 1491 1758 phiolas
1523 1699 1633 1759 ergen-

396 1788 473 1852 teae,
498 1783 519 1859 ij
550 1783 735 1843 candelabra
765 1788 921 1861 argentea,
951 1783 961 1861 j
992 1782 1169 1843 naviculam
1192 1788 1373 1863 argenteam
1401 1803 1474 1843 cum
1498 1783 1631 1844 cocleari

397 1893 552 1967 argentee,
587 1888 608 1965 ij
637 1888 744 1967 pelves
777 1892 950 1966 argenteas,
978 1888 989 1967 j
1012 1888 1184 1948 turibulum
1213 1894 1397 1967 argenteum
1434 1889 1632 1959 deauratum,

395 1994 405 2072 j
435 1994 598 2072 aquarium
626 1999 809 2073 argenteum
838 2014 911 2054 oum
939 1993 1114 2072 aspersorio
1142 1994 1354 2073 deargentato.
1398 1994 1492 2063 Item,
1519 1995 1530 2071 j
1554 1996 1632 2054 cris·

398 2100 565 2160 matorium
603 2106 785 2178 argenteum
824 2120 896 2160 oum
934 2099 1081 2160 omnibus
1105 2100 1174 2179 ejus
1212 2100 1424 2179 pertinenciis.
1480 2100 1573 2170 Item,
1609 2101 1633 2178 ij

397 2204 545 2265 sandalia.
598 2206 691 2273 Item,
722 2205 732 2285 j
756 2205 989 2284 manutergium
1016 2226 1074 2285 pro
1101 2211 1227 2285 patena.
1284 2206 1376 2276 Item,
1405 2207 1415 2283 ]“
1445 2225 1635 2284 campanam

396 2331 452 2391 pro
474 2312 593 2391 capella
620 2331 715 2392 quam
739 2312 850 2372 beatus
878 2312 1044 2372 Oswaldus
1072 2312 1201 2373 dimisit.
1243 2312 1336 2382 Item,
1364 2312 1374 2388 j
1397 2332 1512 2391 equum
1535 2312 1635 2391 precii

396 2419 426 2497 vj
467 2439 641 2479 marcarum
670 2440 743 2478 cum
771 2418 848 2479 sella
883 2419 923 2478 ad
950 2438 1117 2479 summam.
1168 2418 1261 2489 Item,
1286 2418 1307 2494 ij
1347 2418 1476 2478 cistulas
1505 2438 1578 2477 cum
1608 2418 1630 2493 ij

396 2523 524 2601 carpItis
552 2522 669 2583 debiles
697 2524 797 2583 dictes
822 2523 951 2583 cistulas
980 2522 1194 2600 cooperiendis
1201 2541 1208 2592 ;
1237 2522 1387 2601 magistro
1413 2522 1568 2582 Nicholao
1592 2523 1635 2582 de

397 2628 565 2701 Cobeham
605 2629 738 2690 Rectore
779 2630 910 2691 ecclesie
947 2629 987 2689 de
1029 2628 1174 2698 Oliftone,
1216 2628 1444 2707 Wigorniensis
1487 2629 1633 2699 diocesis,

396 2737 546 2816 magistro
570 2736 598 2795 J.
621 2738 660 2797 de
682 2737 889 2816 Lugwardyn,
916 2736 965 2795 W.
991 2736 1030 2797 de
1055 2736 1261 2815 Lemyntone,
1283 2736 1312 2795 J.
1337 2736 1376 2796 de
1398 2735 1633 2815 Loutebourgh,

396 2842 585 2922 presbiteris,
611 2843 631 2902 J
634 2889 639 2901 .
666 2844 704 2902 de
728 2842 870 2913 Trilleke,
892 2843 926 2901 T.
949 2842 988 2901 de
1008 2841 1150 2913 Trillelre,
1176 2841 1345 2913 canonicis,
1370 2841 1421 2901 W.
1446 2842 1485 2902 de
1511 2841 1632 2921 Wigin-

396 2955 479 3018 tone,
515 2954 546 3009 et
577 2949 606 3008 J.
639 2949 677 3009 de
713 2948 858 3019 Beautre,
894 2948 1007 3010 clerice
1042 2947 1262 3027 wigorniensi,
1297 2946 1422 3026 publico
1457 2947 1632 3026 apostolica

395 3054 581 3115 auctoritate
609 3053 740 3124 notario,
768 3053 977 3132 presentibus,
1006 3052 1056 3113 die
1086 3055 1141 3130 [et]
1171 3052 1239 3113 loco
1267 3057 1344 3113 tunc
1371 3051 1496 3113 ibidem.

394 3283 486 3362 April
509 3283 711 3354 14.-Adem,
737 3282 856 3362 Besbop
879 3283 915 3362 os
942 3282 1115 3353 Woreeeter,
1139 3281 1268 3359 certifie
1293 3281 1342 3342 the
1373 3282 1493 3359 official
1515 3284 1552 3362 cf
1577 3284 1629 3344 lte

518 3366 612 3424 Gourt
636 3365 671 3442 of
694 3363 883 3441 Centerbery
909 3362 986 3435 thar,
1011 3363 1094 3423 since
1117 3362 1225 3440 Henry
1250 3362 1287 3423 de
1313 3361 1432 3441 Olistoc
1455 3372 1567 3423 coartor
1592 3365 1627 3425 be

510 3444 612 3523 found
636 3444 672 3503 e'rc
696 3444 745 3504 the
768 3444 904 3515 Discere,
928 3444 962 3504 he
985 3444 1040 3504 bea
1062 3444 1134 3504 been
1153 3442 1242 3514 cited,
1265 3442 1395 3521 through
1416 3442 1465 3503 leis
1486 3444 1628 3515 Proctor,

517 3532 545 3586 to
570 3545 685 3605 appear
710 3525 806 3605 before
835 3524 883 3585 the
914 3525 1018 3585 Goart.

476 3684 778 3742 Gnarrmcnroarun
822 3698 926 3741 seran
971 3697 1124 3740 nannnro
1169 3679 1274 3739 Genua
1316 3679 1634 3741 circumurere-

393 3786 578 3847 Venerande
602 3784 803 3846 discrecionis
831 3784 907 3855 viro,
937 3783 1065 3844 domino
1096 3782 1229 3844 Officiali
1257 3782 1351 3843 Onrie
1381 3783 1630 3858 Cantuariensis,

392 3912 449 3972 per
476 3892 616 3951 Priorem
655 3896 687 3951 et
722 3889 902 3969 Capitulum
938 3888 1070 3950 ecclesie
1106 3887 1224 3948 Christi
1259 3886 1504 3969 Oantuariensis,
1548 3890 1631 3952 Sede

394 3998 612 4059 Cantuariensi
635 4002 775 4066 vacante,
805 3994 988 4066 constituto,
1027 3998 1082 4053 aut
1117 3992 1170 4053 alii
1208 3994 1383 4072 cuicunque
1416 3994 1500 4055 dicte
1534 3997 1630 4057 Ourie

392 4105 573 4185 presidenti,
597 4104 706 4175 Adam,
735 4108 804 4173 etc,
836 4101 1047 4162 reverenciam
1072 4100 1211 4161 debitam
1243 4119 1316 4159 cum
1343 4099 1471 4161 honore.
1534 4102 1627 4163 Man-

392 4212 501 4270 datum
522 4214 662 4271 vestrum
689 4208 775 4285 xxvj⁰
801 4208 851 4269 die
883 4206 1001 4267 mensis
1023 4204 1135 4265 Marcii
1158 4204 1333 4283 recepimns
1354 4206 1520 4266 continens
1540 4207 1628 4268 hunc

391 4315 770 4378 tenoremz-Venerabili
794 4314 827 4374 in
848 4314 974 4375 Christo
998 4312 1090 4392 patri,
1119 4316 1178 4371 etc.
1221 4311 1320 4388 eujus
1342 4312 1469 4391 quidem
1490 4315 1626 4374 auctori·

391 4428 457 4483 tate
482 4421 621 4481 mandati
650 4420 755 4491 vestri,
784 4419 906 4499 prefato
941 4418 1092 4497 magistro
1123 4415 1264 4477 Henrice
1295 4415 1460 4496 diligenter
1491 4420 1627 4498 quesite,

392 4534 424 4589 et
451 4528 484 4587 in
515 4532 624 4588 nostra
655 4526 771 4587 diocesi
799 4524 1005 4605 personaliter
1036 4542 1100 4582 non
1120 4521 1258 4592 invento,
1293 4522 1399 4601 ipsum
1434 4524 1468 4582 in
1491 4544 1629 4603 persona

390 4633 600 4714 procuratoris
628 4632 677 4694 sui
701 4630 910 4711 peremptorie
939 4628 1029 4689 citari
1050 4628 1182 4689 lecimus
1211 4628 1295 4706 quod
1320 4637 1500 4708 compareat
1520 4650 1627 4691 coram

451 4770 515 4809 l-ln
529 4768 570 4809 the
583 4767 630 4809 will
643 4764 668 4807 ol
682 4766 771 4812 Bishoe
784 4764 889 4806 Cobham
903 4760 968 4806 teob.
985 4764 1047 4809 Rea..
1063 4760 1103 4802 iol.
1117 4759 1151 4804 ⁴⁵)
1166 4761 1188 4801 ts
1204 4762 1246 4802 the
1262 4760 1381 4809 followinr
1397 4772 1497 4809 cmm
1512 4764 1631 4815 selectim

388 4836 414 4874 to
431 4832 480 4873 this
499 4832 577 4873 Mitte.
616 4832 649 4871 Aa
666 4830 758 4871 Walter
774 4828 803 4869 ds
821 4827 955 4869 Maidstone
970 4838 1022 4867 was
1036 4838 1051 4867 a
1066 4828 1130 4865 most
1143 4825 1319 4870 unscruoulons
1331 4835 1389 4866 man
1402 4824 1451 4868 (see
1465 4828 1564 4874 lotrad..
1577 4842 1600 4876 p.
1615 4832 1632 4877 ι,

388 4892 451 4937 note)
465 4894 483 4935 lt
497 4895 518 4934 is
532 4892 633 4941 possible
646 4894 701 4934 that
720 4894 749 4933 he
767 4890 813 4933 had
832 4902 903 4931 never
922 4890 976 4937 naid
994 4888 1032 4929 for
1050 4888 1091 4929 the
1109 4887 1188 4929 Mitte.
1227 4888 1290 4927 rtem
1303 4889 1341 4927 est
1354 4898 1407 4927 una
1420 4886 1476 4928 alia
1489 4888 1571 4931 mitra
1582 4906 1633 4940 qu«

384 4954 439 5003 fuit
451 4954 550 4997 domiai
567 4952 671 4997 walteri
684 4953 714 4995 de
727 4950 881 4999 Masdeslorr.
894 4948 1076 4999 predecessoris
1092 4946 1150 4993 mei.
1164 4958 1240 4996 cuam
1250 4945 1446 4990 emitadomr‘no
1460 4950 1631 4995 Bathonimi

388 5021 433 5067 bro
446 5016 472 5061 xl
490 5016 573 5063 libris,
591 5020 615 5057 et
632 5015 707 5057 illam
722 5013 772 5062 feci
789 5012 901 5055 arestari
919 5010 1058 5054 Londoaia's
1075 5011 1120 5058 per
1135 5007 1304 5056 laetician'os
1319 5008 1418 5051 domini
1435 5010 1516 5058 Recio.
1533 5016 1559 5054 ct
1573 5014 1631 5060 juia

385 5080 452 5122 mihi
464 5079 599 5127 assignata
612 5080 636 5119 ct
649 5077 757 5119 liberata
769 5078 815 5125 bro
829 5074 948 5123 dampnis
962 5074 992 5116 in
1003 5074 1102 5121 barrem
1118 5070 1267 5117 solucione‘s.
1285 5074 1310 5112 et
1325 5070 1401 5112 illam
1419 5071 1470 5119 leae
1487 5079 1632 5121 successore·

387 5156 447 5186 naec.
