3850 5917
227 930 286 968 M).
300 930 348 968 1324

245 1452 294 1494 Fol.
307 1450 356 1491 ub.

396 672 455 734 272
772 671 951 751 Rapistrum
978 673 1044 734 Aule
1070 674 1106 733 de
1137 674 1259 735 Orleton

399 921 472 979 Jaa.
494 920 649 980 27.-Thc
669 920 764 979 Prior
793 920 857 979 and
880 921 1013 979 Conoent
1038 922 1072 1000 os
1099 920 1248 991 Wentoet,
1283 942 1322 982 eu
1354 921 1402 981 the
1439 921 1632 983 nemimem

519 1001 555 1079 of
571 1000 662 1077 aaut
684 1001 785 1079 Burqc
809 1000 846 1061 cle
874 1000 1002 1079 Harey,
1033 1000 1107 1061 haue
1127 1002 1287 1081 presented
1311 1002 1421 1081 Philip
1442 1002 1478 1063 de
1503 1003 1630 1081 Harlcy,

515 1081 624 1160 priest,
653 1088 683 1141 to
718 1081 767 1141 the
803 1081 919 1160 Chupcl
949 1082 985 1161 os
1016 1081 1134 1159 Willey.
1189 1082 1250 1142 The
1282 1083 1399 1162 Bishop
1423 1084 1630 1144 commestore

523 1161 662 1301 lyllspttium
686 1162 723 1221 de
753 1161 933 1241 Ferenhopc,
965 1163 1045 1240 aster
1075 1162 1134 1223 due
1168 1163 1306 1241 enquiry,
1343 1170 1372 1224 to
1403 1163 1546 1224 institute
1569 1164 1632 1224 and

438 1247 442 1252 ”
518 1242 533 1301 i
575 1249 635 1302 aet.
1152 1288 1155 1293 -

479 1424 707 1484 Pansnaracm
735 1442 777 1483 sn
806 1441 978 1483 urrunnun
1005 1442 1049 1483 nn
1079 1423 1401 1495 wissara-Adam,
1425 1429 1494 1496 etc,
1518 1424 1631 1486 dilecto

397 1528 470 1600 filie,
503 1528 635 1589 Officiali
666 1534 784 1599 nostre,
816 1529 866 1589 vel
897 1530 1047 1609 magistro
1078 1530 1128 1589 W.
1163 1529 1202 1590 de
1233 1528 1420 1608 Fovvehopa
1456 1534 1564 1590 nostro
1598 1530 1630 1588 in

397 1636 467 1715 ejus
488 1636 633 1696 absencia
654 1636 886 1706 CommissariO,
916 1636 1060 1705 salutem,
1092 1640 1151 1696 etc.
1207 1636 1433 1695 Presentarunt
1467 1634 1558 1695 nobis
1586 1654 1629 1696 re-

399 1741 498 1819 ligiosi
521 1742 588 1812 viri,
610 1742 700 1802 Prior
730 1747 762 1802 et
794 1742 977 1802 Conventus
1008 1742 1047 1802 de
1068 1741 1229 1811 Wenloke,
1258 1741 1421 1801 dominum
1450 1740 1630 1820 Philippum

399 1848 438 1907 de
459 1835 607 1925 Harleye,
628 1847 845 1927 presbiterum,
875 1848 914 1906 ad
936 1847 1087 1926 capellam
1109 1847 1147 1907 de
1168 1847 1321 1926 Wilileye,
1354 1852 1460 1907 nostre
1489 1848 1630 1919 diocesis,

399 1973 455 2033 per
475 1952 596 2013 litteras
617 1972 691 2013 suas
722 1958 863 2014 tenorem
884 1953 938 2032 qui
968 1953 1109 2033 sequitur
1137 1953 1334 2013 continentes
1347 1952 1573 2013 :-Venerabili
1598 1954 1630 2012 in

400 2057 526 2118 Christo
548 2056 630 2135 patri
651 2076 688 2116 ac
715 2055 851 2128 domino,
874 2056 1001 2117 domino
1031 2055 1105 2128 Ado,
1136 2061 1205 2127 etc,
1236 2056 1284 2117 sui
1314 2056 1370 2114 filii
1400 2056 1512 2127 devoti,
1543 2056 1631 2117 Prior

397 2170 429 2225 et
462 2162 644 2223 Conventus
669 2162 707 2223 de
737 2161 915 2232 Wenlocke,
946 2161 1161 2222 Cluniacensis
1196 2161 1322 2233 ordinis,
1355 2161 1564 2222 reverenciam
1599 2167 1631 2222 et

397 2270 548 2329 honorem
570 2273 660 2328 tanto
680 2269 762 2347 patri
784 2268 915 2339 debitos,
936 2288 1010 2328 cum
1031 2268 1140 2329 salute.
1185 2267 1232 2326 Ad
1251 2267 1402 2348 capellam
1426 2267 1465 2327 de
1488 2268 1631 2346 Wilileye

397 2394 455 2454 pro
469 2393 531 2434 non
547 2378 655 2433 curata
669 2373 818 2443 habitam,
839 2378 942 2433 vestre
964 2373 1106 2443 diocesis,
1121 2378 1295 2444 vacantem,
1314 2393 1332 2432 a
1352 2373 1481 2433 matrice
1501 2373 1632 2434 ecclesia

398 2479 437 2539 de
459 2478 611 2539 Wenloke
638 2478 779 2558 predicta
813 2478 1051 2557 dependentem,
1073 2484 1105 2539 et
1126 2478 1165 2538 ad
1186 2478 1455 2557 presentacionem
1480 2484 1630 2549 nostram,

400 2584 558 2645 mediante
590 2585 826 2663 presentacione
857 2604 913 2644 seu
942 2583 1160 2643 nominacione
1191 2584 1305 2644 nobilis
1336 2583 1470 2654 domine,
1506 2583 1631 2643 domins

398 2692 503 2770 Burge
519 2690 557 2750 de
578 2689 726 2769 Harleye,
748 2694 953 2768 spectantem,
976 2689 1123 2749 dilectum
1144 2688 1234 2749 nobis
1256 2688 1287 2747 in
1304 2688 1430 2749 Christo
1446 2707 1630 2768 generosum

398 2798 509 2868 virum,
531 2798 693 2857 dominum
715 2796 896 2875 Philippum
916 2797 955 2857 de
973 2796 1119 2875 Harleye,
1139 2796 1356 2875 presbiterum,
1372 2802 1475 2857 vestre
1496 2796 1630 2875 paterni-

399 2902 457 2963 tati
472 2902 639 2963 reverende
655 2908 762 2963 tenore
776 2902 973 2981 presencium
995 2906 1222 2980 presentamus,
1238 2900 1398 2961 humiliter
1419 2902 1633 2981 supplicantes

396 3012 429 3068 et
449 3008 561 3068 devote
586 3008 734 3088 quatinus
755 3008 859 3086 ipsum
880 3008 1043 3067 dominum
1068 3006 1248 3085 Philippum
1271 3006 1447 3065 addictam
1481 3006 1630 3085 capellam

397 3114 572 3184 admittere,
604 3118 636 3173 et
658 3134 694 3173 ea
718 3133 779 3193 que
799 3118 904 3174 vestro
926 3110 1113 3172 incumbunt
1134 3112 1236 3172 officio
1257 3111 1289 3170 in
1311 3112 1370 3171 hac
1390 3115 1479 3190 parte
1500 3110 1632 3173 ulterius

398 3220 457 3281 sibi
487 3219 588 3279 iacere
617 3224 650 3279 et
683 3218 793 3298 exequi
823 3218 994 3298 dignemini
1034 3216 1151 3276 intuitu
1180 3216 1329 3287 caritatis,
1365 3215 1451 3276 salva
1480 3217 1631 3295 pensione

398 3345 503 3385 annua
523 3324 606 3385 dicte
628 3324 758 3384 ecclesie
778 3324 818 3383 de
849 3322 1019 3383 Wenlocke
1050 3326 1082 3383 et
1102 3322 1193 3382 nobis
1225 3323 1263 3382 ab
1295 3321 1424 3401 antiquo
1456 3321 1561 3382 debita
1592 3323 1630 3383 ab

397 3430 516 3491 eedem.
580 3431 698 3489 Datum
727 3429 809 3508 apud
848 3428 1001 3489 Wenloke
1036 3428 1068 3486 in
1106 3426 1250 3505 Capitulo
1285 3431 1394 3487 nostro
1429 3425 1487 3487 sub
1522 3427 1631 3507 sigillis

399 3535 525 3604 nostris,
554 3534 604 3594 die
626 3534 773 3595 Mercurii
795 3534 826 3592 in
849 3532 929 3594 festo
951 3532 1052 3593 sancti
1073 3532 1193 3591 Thome
1224 3530 1375 3610 Apostoli,
1397 3550 1480 3591 anno
1501 3531 1631 3591 Domini

398 3638 632 3717 Muouuxiija
696 3638 848 3713 Quocirca
876 3639 964 3699 vobis
996 3644 1103 3699 tenore
1124 3637 1319 3717 presencium
1347 3636 1575 3697 committimus
1599 3642 1632 3699 et

398 3745 584 3805 mandamus
605 3743 754 3823 quatinus
775 3764 815 3803 an
836 3743 920 3803 dicta
941 3743 1061 3821 capella
1081 3745 1178 3812 vacet,
1201 3747 1233 3801 ot
1252 3741 1279 3802 si
1301 3741 1356 3813 sic,
1378 3740 1512 3821 qualiter
1531 3748 1630 3814 vacet,

396 3856 428 3911 et
443 3871 462 3911 a
476 3870 538 3931 quo
555 3855 696 3929 tempore
713 3849 830 3929 ceperit
845 3869 965 3920 vacare,
980 3848 1007 3909 si
1029 3868 1102 3908 cura
1120 3847 1295 3907 animarum
1313 3846 1442 3907 imineat
1463 3848 1629 3920 meadum,

396 3961 429 4017 et
450 3956 476 4017 si
499 3956 544 4016 sic
566 3955 708 4036 qualiter,
739 3955 810 4035 quis
846 3956 887 4015 sit
918 3954 987 4034 ejus
1012 3973 1103 4015 verus
1131 3958 1292 4032 patronus,
1321 3952 1391 4031 quis
1422 3952 1534 4013 ultimo
1561 3974 1629 4033 pre-

396 4063 568 4123 sentaverit
588 4062 628 4122 ad
649 4063 759 4141 ipsam,
780 4082 820 4121 an
840 4061 882 4121 sit
901 4061 1036 4140 litigiosa
1053 4080 1093 4119 an
1116 4059 1157 4120 sit
1174 4058 1380 4138 pensionaria‚
1402 4063 1434 4118 et
1456 4057 1481 4118 si
1503 4058 1557 4131 sic,
1580 4060 1629 4119 cui

396 4173 429 4228 et
463 4167 497 4226 in
532 4171 650 4247 quanto
678 4168 769 4247 cujus
798 4166 1011 4227 estimacionis
1040 4164 1163 4235 existat,
1193 4164 1232 4223 de
1267 4162 1387 4223 meritis
1408 4168 1440 4223 et
1469 4163 1631 4225 ordinibus

397 4274 578 4352 presentati,
611 4278 643 4333 et
667 4294 707 4333 an
739 4273 781 4334 sit
805 4271 878 4332 alibi
910 4270 1122 4341 beneficiatus,
1144 4274 1176 4330 et
1208 4268 1246 4329 de
1277 4268 1389 4328 ceteris
1418 4269 1575 4330 contentis
1596 4270 1630 4329 in

397 4377 634 4457 presentatione
655 4377 795 4458 predicta
815 4383 847 4438 et
868 4377 937 4437 aliis
967 4374 1106 4437 articulis
1137 4373 1296 4435 consuetis
1318 4378 1350 4433 et
1372 4372 1486 4434 debitis
1514 4374 1545 4433 in
1571 4374 1631 4435 hac

396 4489 486 4564 parte
504 4484 744 4564 inquisicionem
768 4483 835 4544 fieri
851 4483 974 4544 faciatis
991 4482 1024 4541 in
1041 4482 1134 4562 pleno
1153 4480 1220 4540 loco
1238 4479 1414 4540 consistorii
1438 4480 1628 4559 diligentem.

398 4592 442 4651 Et
462 4591 538 4671 quid
558 4591 750 4663 inveneritis,
775 4596 834 4651 ete.
877 4592 997 4649 Datum
1019 4587 1102 4668 apud
1128 4584 1345 4665 Schenygleld,
1367 4590 1425 4646 etc.

478 4758 523 4817 Et
563 4758 801 4818 memorandum
843 4756 925 4835 quod
960 4755 1059 4834 xxvij⁰
1092 4753 1142 4813 die
1183 4751 1333 4823 Januarii,
1376 4771 1458 4811 anno
1501 4753 1630 4814 Domini

399 4863 624 4943 M⁰oco⁰xxiij0
642 4864 725 4943 apud
742 4862 925 4933 Herefords‚
944 4859 1103 4921 commisit
1121 4858 1266 4919 dominus
1285 4856 1369 4917 vices
1388 4876 1461 4918 suas
1481 4858 1631 4937 magistro

398 4969 449 5030 W.
478 4970 627 5049 predicto,
655 4975 692 5030 ut
720 4970 747 5030 si
772 4968 937 5047 inquisicio
965 4965 1081 5027 laceret
1107 4983 1164 5043 pro
1188 4960 1442 5042 presentantibus
1470 4968 1502 5023 et
1529 4963 1627 5025 eciam

396 5079 587 5155 presentato,
616 5074 720 5154 ipsum
758 5072 941 5152 Philippum
976 5071 1015 5131 ad
1053 5069 1169 5130 dictam
1203 5067 1355 5146 capellam
1383 5067 1563 5130 admitteret
1596 5076 1631 5132 et
