3850 5917
682 695 833 775 Episcopi
860 696 1104 777 Hercfordcmt'e.
1452 696 1511 757 311

86 928 233 969 1·⁰·¹⁸²⁰·
274 920 399 1000 publice
427 920 586 983 nunciatis
616 921 684 982 vice
714 925 832 991 nostra,
865 920 1048 981 absolvendi
1079 926 1206 982 notatos
1226 920 1354 981 eosdem
1386 925 1452 979 tam
1473 918 1514 979 ab

274 1026 602 1089 excommunicacione
622 1046 717 1107 quam
747 1026 886 1106 perjurio
914 1026 1034 1088 eisdem
1062 1026 1153 1087 nobis
1190 1030 1381 1105 potestatem
1413 1025 1512 1104 speci·

274 1132 366 1192 aliter
398 1137 604 1204 reservantes,
634 1136 667 1192 et
696 1152 715 1192 a
745 1130 985 1211 quibuscunque
1014 1130 1132 1193 nostris
1166 1130 1410 1210 penitenciariis‚
1445 1129 1513 1191 sive

274 1236 410 1316 religiosi
431 1236 548 1297 fuerint
569 1236 635 1298 sive
656 1237 821 1307 seculares,
843 1235 1026 1297 absolvendi
1041 1236 1073 1295 in
1088 1236 1150 1296 hiis
1170 1240 1362 1315 potestatem
1383 1254 1512 1314 prorsus

274 1343 457 1403 abdicantes
485 1349 517 1403 et
549 1348 732 1405 revocantes
760 1342 898 1413 omnino,
930 1363 1009 1423 quas
1041 1343 1168 1423 quidem
1205 1342 1453 1404 reservacioncm
1481 1347 1515 1403 et

274 1448 510 1509 revocacionem
552 1448 597 1509 sic
632 1447 741 1518 iactas,
776 1454 813 1508 ut
847 1447 924 1507 illud
957 1448 1118 1508 neminem
1152 1448 1250 1508 latere
1277 1447 1389 1518 valeat,
1419 1447 1515 1507 modo

275 1553 432 1614 consimili
459 1574 516 1633 per
536 1574 591 1615 vos
612 1554 757 1615 volumus
777 1554 939 1633 publicari,
962 1552 1001 1613 ab
1023 1552 1204 1632 hujusmodi
1236 1552 1378 1613 mandati
1402 1572 1514 1613 execu-

276 1659 366 1719 cioue
400 1660 529 1719 minime
571 1659 769 1731 desistentes,
810 1679 973 1739 quousque
1008 1678 1027 1719 a
1061 1658 1152 1719 nobis
1193 1678 1287 1737 super
1328 1658 1388 1719 hoc
1430 1657 1515 1717 aliud

275 1764 456 1843 receperitis
491 1765 524 1824 in
556 1766 723 1826 mandatis.
779 1766 939 1826 Promissa
973 1785 1047 1826 vero
1086 1784 1124 1825 eo
1161 1764 1331 1825 notabilius
1367 1784 1425 1844 per
1458 1784 1515 1825 vos

276 1870 421 1930 volumus
452 1871 598 1942 exerceri,
629 1891 692 1951 quo
723 1871 763 1931 ad
793 1871 1019 1932 excitacionem
1059 1870 1179 1931 domini
1210 1870 1310 1931 nostri
1342 1869 1514 1950 Anglorum

276 1976 371 2055 Regis
392 1975 532 2045 illustris,
550 1976 582 2034 in
603 1976 697 2054 pleno
714 1975 931 2055 parliamento,
950 1974 1100 2035 fratribus
1121 1980 1153 2035 et
1170 1974 1377 2054 suffraganeis
1397 1974 1514 2035 nostris

276 2080 417 2159 singulis,
446 2080 631 2149 comitibus,
659 2080 846 2151 Beronibus,
875 2086 907 2141 et
936 2079 1049 2141 ceteris
1078 2078 1278 2159 magnatibus
1305 2078 1514 2159 presentibus,

276 2186 359 2247 inter
382 2206 439 2247 noa
463 2192 496 2246 et
516 2191 642 2247 nostros
661 2186 876 2265 suffraganeos
897 2186 1056 2265 predictos
1073 2185 1180 2246 taliter
1197 2185 1263 2246 iore
1280 2186 1513 2265 procedendum

276 2312 333 2371 per
366 2291 506 2371 singulas
539 2296 648 2352 nostre
681 2291 842 2371 provincie
869 2296 976 2371 partes
1004 2296 1111 2352 actum
1149 2291 1264 2363 extitit,
1300 2297 1333 2353 et
1367 2312 1515 2372 expresse

276 2397 467 2457 condictum.
523 2397 643 2457 Datum
675 2398 759 2476 apud
793 2397 1008 2469 Gantuariam,
1039 2398 1177 2458 secundo
1213 2397 1283 2458 Kal.
1316 2398 1515 2471 Novembris,

276 2522 360 2564 anno
375 2503 505 2564 Domini
526 2502 693 2563 millesimo
715 2502 806 2564 000⁰
825 2502 985 2564 vicesimo.

280 2781 344 2842 Oct.
383 2781 538 2842 ,tr-Tha
576 2780 694 2859 Bisbop
731 2780 940 2841 commissione
983 2781 1124 2841 Willicm
1161 2782 1294 2854 Russell,
1333 2783 1446 2845 Rector
1482 2784 1518 2863 os

402 2862 570 2940 Westbury,
597 2870 625 2923 to
649 2868 700 2923 oct
720 2862 775 2943 for
799 2862 865 2922 him
888 2861 924 2921 iu
950 2862 1096 2941 carryinq
1123 2870 1177 2923 out
1205 2862 1254 2923 the
1278 2864 1454 2943 provisions
1482 2866 1518 2945 os

399 2962 442 3003 an
467 2943 623 3023 Apostolic
649 2942 796 3003 mndata
821 2963 862 3003 oc
893 2942 999 3022 bchols
1022 2944 1057 3023 of
1092 2943 1241 3016 william,
1271 2944 1320 3005 tha
1357 2945 1516 3026 Ohcplcin

398 3025 434 3104 os
458 3024 648 3103 Pcmbridqc.

361 3191 471 3262 Adam,
492 3196 562 3262 etc,
579 3191 693 3252 dilecto
714 3191 747 3250 in
767 3190 892 3252 Christo
909 3191 984 3263 filio,
1006 3192 1158 3271 magistro
1172 3194 1222 3253 W.
1239 3194 1373 3264 Russel,¹
1387 3194 1515 3255 Rectori

276 3297 408 3359 ecclesie
429 3297 467 3358 de
488 3296 669 3377 Westbury,
684 3303 791 3358 nostre
808 3297 950 3369 diocesis,
974 3297 1117 3369 salutem,
1133 3302 1192 3359 etc.
1228 3298 1276 3358 Ad
1293 3298 1516 3379 inquirendum

276 3404 442 3484 diligenter
475 3424 570 3483 super
600 3404 741 3465 articulis
768 3403 802 3463 in
830 3405 980 3465 mandato
1003 3405 1176 3485 apostolico
1211 3425 1269 3485 pro
1296 3406 1412 3468 dilecto
1439 3406 1515 3480 filio,

276 3510 436 3591 Willelmo
456 3510 485 3570 le
506 3508 686 3588 Ohapeleyn
704 3510 743 3570 de
765 3509 977 3589 Penebrugge,
1001 3514 1109 3571 nostre
1130 3509 1273 3583 diocesis,
1288 3510 1379 3571 nobis
1397 3511 1516 3573 directo

278 3614 437 3676 contentis
458 3613 514 3675 tibi
528 3614 758 3675 committimus
778 3614 863 3675 vices
883 3620 1019 3684 nostras,
1034 3620 1104 3685 etc,
1123 3614 1310 3675 mandantes
1324 3621 1360 3676 ut
1381 3617 1516 3696 qualiter

278 3722 339 3783 hoc
373 3726 517 3781 nostrum
552 3720 737 3781 mandatum
775 3719 872 3781 fueris
906 3724 1058 3781 executus
1092 3740 1149 3800 per
1184 3726 1216 3781 te
1251 3720 1342 3783 nobis
1382 3722 1517 3784 fideliter

277 3826 476 3887 rescribatur.
531 3826 651 3885 Datum
686 3825 869 3895 Londoniis,
891 3824 1004 3885 ultimo
1025 3825 1076 3885 die
1104 3824 1258 3897 Octobris,
1281 3846 1364 3887 anno
1386 3826 1516 3888 Domini

279 3931 529 4011 M⁰GGC⁰xxiiij⁰,
550 3937 610 3991 etc.

278 4210 356 4270 Noc.
371 4208 529 4268 2c-Thc
549 4208 668 4287 Bishop
682 4208 811 4286 sending
827 4215 856 4268 to
874 4208 1016 4268 William
1036 4208 1072 4268 dc
1094 4210 1265 4288 Fowubopc
1286 4230 1306 4269 c
1326 4211 1470 4272 maridatc
1484 4228 1516 4291 os

402 4290 452 4350 tic
465 4289 665 4369 Archbisbop,
686 4289 804 4368 enjoina
827 4289 893 4349 him
914 4297 943 4350 tc
962 4310 1016 4350 uec
1037 4290 1082 4349 cll
1095 4290 1244 4368 dilipcnce
1258 4290 1294 4349 ic
1307 4292 1464 4371 cxcoctiuq
1479 4293 1515 4353 it.

361 4470 471 4541 Adam,
503 4476 573 4541 etc..
608 4470 723 4531 dilecto
760 4470 794 4530 in
823 4470 950 4532 Christo
988 4470 1061 4541 filio,
1101 4470 1251 4550 magistro
1280 4471 1439 4533 Willelmo
1477 4474 1517 4535 de

279 4576 467 4654 Fowehope,
509 4575 636 4636 Rectori
677 4575 808 4637 ecclesie
846 4576 884 4637 de
925 4574 1107 4654 Westbury,
1149 4580 1258 4636 nostro
1301 4576 1517 4639 commissario

278 4680 426 4760 generali,
453 4680 598 4753 salutem,
620 4688 679 4742 etc.
722 4681 875 4742 Nolentes
903 4682 987 4761 quod
1015 4681 1097 4742 circa
1124 4680 1346 4741 execucionem
1376 4682 1517 4743 mandati

280 4786 442 4848 reverendi
472 4787 581 4866 patris,
603 4788 723 4848 domini
750 4788 891 4857 Walteri,
919 4788 980 4847 Dei
1011 4786 1115 4867 gracia
1141 4786 1377 4847 (lantuariensis
1408 4786 1516 4849 Archi-

279 4894 429 4973 episcopi,
457 4894 557 4954 totius
587 4893 699 4974 Anglie
735 4894 893 4965 Primatis,
921 4894 1005 4974 quod
1040 4892 1239 4973 presentibus
1272 4896 1322 4953 est
1349 4912 1516 4969 annexum,

280 5000 399 5079 aliquid
418 5000 458 5061 de
479 5000 734 5079 contingentibus
753 5000 928 5071 omittatur,
948 5000 1006 5061 tibi
1025 4999 1253 5060 committimus
1275 5004 1308 5059 et
1328 5000 1516 5063 mandamus

614 5134 731 5177 l-Called
743 5136 781 5176 W.
795 5134 890 5177 numu
902 5134 933 5177 de
950 5136 1091 5183 Fownhope.
1106 5147 1127 5182 p.
1141 5136 1186 5175 222.
