3850 5917
690 683 840 763 Episcopi
867 682 1111 763 Hercsordcnsr's.
1457 685 1516 745 273

79 914 149 955 Μ’·
169 916 237 953 ¹³²⁴·
281 908 462 969 institueret
485 907 517 966 in
539 908 657 978 eadem,
680 928 717 969 ac
741 907 903 969 induceret
923 927 981 968 666
1002 907 1107 967 induci
1129 906 1245 968 faceret
1268 907 1300 966 in
1325 908 1516 987 corporalem

279 1012 512 1091 possessionem
533 1013 684 1091 ejusdem.
740 1025 742 1028 ·

283 1254 356 1314 Jcn.
378 1253 619 1313 27.—Mcndata
647 1253 683 1331 os'
711 1252 760 1313 ihc
790 1252 909 1331 Biahop
933 1253 969 1332 os
992 1253 1131 1323 Loadon,
1163 1253 1200 1330 by
1225 1254 1376 1314 directioa
1409 1256 1444 1334 of
1469 1256 1519 1315 llic

404 1333 596 1413 Archbislrop
623 1333 686 1394 aad
718 1333 768 1393 tbc
797 1333 891 1411 Kiap,
921 1333 1114 1411 summoninq
1143 1334 1191 1394 tlte
1219 1334 1352 1414 Bislrops
1380 1336 1443 1395 arrd
1469 1336 1518 1397 the

404 1415 546 1475 Prociore
567 1415 603 1494 of
621 1414 669 1475 ihc
692 1414 800 1492 Clcrpy
826 1421 855 1475 lo
882 1434 903 1474 a
922 1413 1052 1493 (6666166
1080 1415 1115 1494 of
1131 1415 1332 1476 Porlr'amcnt.

363 1594 556 1653 Mannaruu
597 1594 751 1654 Errscorr
804 1594 1047 1654 Lounournrvsrs
1089 1613 1265 1655 66666666
1310 1606 1415 1655 xxvrr⁰
1460 1615 1517 1655 nin

280 1698 665 1760 lunanum—Venerabili
701 1700 734 1757 in
766 1700 893 1760 Christo
913 1700 1005 1779 patri,
1038 1699 1164 1760 domino
1193 1698 1264 1762 Dei'
1280 1702 1384 1781 gracia
1418 1702 1516 1763 Here-

282 1805 419 1866 fordensi
447 1805 615 1884 Episcopo,
654 1804 843 1883 Stephanus,
871 1805 1014 1883 ejusdem
1045 1792 1251 1883 permissione
1288 1806 1519 1867 Londoniensis

281 1912 468 1991 Episcopus,
501 1912 644 1981 salutem,
674 1916 733 1971 etc.
788 1911 976 1971 Mandatum
1003 1911 1166 1972 reverendi
1197 1912 1229 1971 in
1262 1911 1388 1973 Christo
1418 1914 1519 1993 patris

280 2022 313 2078 et
344 2016 472 2086 domini,
508 2016 627 2076 domini
662 2017 722 2086 W,
757 2016 816 2075 Dei
857 2017 962 2094 gracia
994 2016 1229 2078 Cantuariensis
1272 2018 1516 2099 Archiepiscopi,

280 2123 379 2183 666166
408 2121 518 2201 Anglie
546 2121 703 2192 Primatis,
729 2141 829 2201 nuper
848 2121 1023 2200 recepimus
1050 2122 1082 2180 in
1104 2123 1162 2183 hec
1193 2124 1286 2183 verba
1299 2124 1517 2195 :-Walterus,

282 2234 351 2299 etc,
373 2227 542 2289 venerabili
576 2227 665 2287 fratri
699 2233 817 2297 nostro,
853 2228 981 2288 domino
1011 2228 1051 2299 S,
1087 2235 1156 2299 etc,
1187 2229 1329 2299 salutem,
1359 2236 1417 2291 666.
1469 2232 1517 2290 Ex

282 2338 446 2412 assumpta
467 2332 665 2393 solicitudine
685 2331 852 2412 pastoralis
873 2332 967 2392 officii
986 2332 1173 2393 multociens
1195 2334 1334 2413 cogimur
1353 2335 1451 2395 eciam
1472 2335 1517 2394 in-

283 2439 340 2498 viti
360 2459 418 2518 pro
438 2438 590 2499 varietate
612 2444 789 2517 temporum
811 2447 843 2499 et
864 2438 1048 2517 urgentibus
1069 2439 1199 2499 ecclesie
1220 2446 1252 2499 et
1272 2440 1359 2519 regni
1380 2442 1519 2520 negociis

281 2564 354 2603 cum
368 2543 498 2623 prelatis
517 2548 549 2603 66
570 2543 653 2604 61666
672 2548 780 2604 666666
801 2543 960 2623 provincie
979 2564 1177 2603 communem
1201 2543 1316 2605 habere
1337 2551 1516 2606 tractatum.

281 2650 412 2711 Instans
439 2650 524 2710 enim
560 2650 605 2709 rei
640 2649 763 2728 publice
800 2669 913 2729 magna
947 2650 1129 2722 necessitas,
1164 2650 1353 2731 evidensque
1387 2652 1518 2713 ecclesie

281 2756 453 2836 Anglicane
480 2762 610 2835 operata
643 2755 774 2825 utilitas,
809 2775 888 2835 6666
919 2775 1013 2834 super
1050 2757 1177 2836 agendis
1215 2763 1248 2817 66
1284 2760 1456 2820 tractandis
1484 2760 1517 2819 16

281 2861 442 2920 communi
478 2862 518 2920 ad
550 2880 680 2940 presens
707 2860 824 2921 versari
863 2861 1028 2931 credimus
1065 2882 1194 2941 precum
1230 2864 1328 2924 eciam
1362 2864 1516 2944 regiarum

281 2967 437 3037 excitatio,
474 2966 696 3027 inevitabiliter
731 2986 789 3027 666
817 2966 984 3046 impellunt
1018 2968 1155 3046 prelatos
1190 2974 1222 3029 et
1257 2968 1374 3030 clerum
1410 2976 1517 3031 nostre

281 3052 441 3153 provincie
466 3073 623 3133 antedicte
650 3072 741 3150 juxta
769 3071 918 3133 effectum
946 3072 1049 3133 brevis
1074 3074 1149 3152 regii
1180 3073 1212 3132 in
1240 3074 1381 3152 proximo
1404 3095 1515 3137 convo-

281 3198 368 3249 care;
397 3179 488 3257 cujus
511 3178 637 3258 quidem
666 3178 769 3238 brevis
794 3182 885 3238 tenor
908 3177 981 3238 talis
994 3178 1227 3249 2—Edwardus,
1253 3183 1322 3250 etc,
1348 3180 1516 3241 venerabili

280 3287 314 3345 in
337 3286 463 3347 Christo
491 3285 583 3365 patri,
611 3284 672 3354 W.,
695 3289 765 3355 etc,
794 3283 937 3344 salutem.
981 3284 1062 3357 Quia
1082 3304 1177 3362 super
1197 3284 1328 3345 diversis
1353 3291 1385 3345 et
1411 3286 1518 3346 arduis

281 3390 419 3470 negociis
446 3409 505 3450 nos
529 3395 561 3449 66
589 3394 708 3449 statum
736 3388 823 3468 regni
846 3388 946 3449 nostri
972 3388 1149 3467 specialiter
1176 3390 1377 3469 tangentibus
1404 3390 1514 3470 parlia-

281 3501 424 3557 mentum
445 3502 589 3555 nostrum
611 3494 693 3573 apud
715 3493 1034 3554 westmonasterium
1053 3514 1072 3553 a
1094 3494 1144 3554 die
1167 3494 1402 3555 Purificacionis
1426 3496 1516 3557 beate

281 3601 381 3662 Maris
405 3600 544 3679 Virginis
566 3599 706 3678 proxime
731 3598 837 3659 futuro
861 3598 976 3660 intres
1002 3599 1193 3678 septimanas
1219 3604 1335 3671 tenere,
1363 3606 1395 3661 66
1414 3601 1514 3662 vobis·

280 3730 353 3769 cum
382 3728 419 3768 ac
447 3728 519 3767 cum
541 3706 653 3766 ceteris
676 3705 814 3784 prelatis,
841 3704 1049 3784 magnatibus,
1074 3711 1106 3766 et
1127 3707 1307 3784 proceribus
1332 3708 1408 3767 dicti
1428 3708 1515 3787 regni

280 3814 395 3875 habere
416 3812 620 3893 proponimus
640 3811 829 3890 colloquium
849 3817 881 3872 et
901 3816 1081 3881 tractatum,
1103 3816 1134 3871 et
1152 3814 1370 3873 mandavimus
1384 3813 1516 3891 singulis

281 3920 449 4000 Episcopie
476 3922 580 3979 vestre
607 3917 767 3996 provincie
795 3916 1031 3978 cantuariensis
1059 3917 1143 3996 quod
1171 3918 1263 3977 dictis
1299 3918 1349 3979 die
1377 3924 1409 3978 et
1437 3919 1514 3991 loco,

280 4026 427 4086 omnibus
455 4024 524 4084 aliis
551 4022 771 4102 pretermissis,
793 4022 999 4101 personaliter
1026 4022 1173 4083 intersint
1201 4023 1326 4095 ibidem,
1351 4024 1515 4085 nobiscum

280 4139 313 4192 et
351 4152 424 4191 cum
463 4130 576 4191 ceteris
603 4128 733 4208 prelatis
768 4133 801 4189 et
837 4127 1036 4208 magnatibus
1068 4128 1256 4208 supradictis
1292 4149 1385 4208 super
1423 4130 1516 4190 dictis

281 4235 419 4317 negociis
452 4234 625 4305 tractaturi,
662 4253 816 4313 suumque
852 4233 1019 4294 consilium
1057 4234 1239 4314 impensuri,
1276 4240 1307 4295 66
1343 4236 1425 4315 quod
1454 4235 1514 4315 ipsi

281 4342 483 4424 premuniant
520 4341 674 4409 Decanos,
714 4339 847 4411 Priores,
884 4346 916 4400 et
958 4340 1103 4419 capitula
1139 4340 1339 4402 ecclesiarum
1377 4362 1514 4413 suarum,

282 4448 535 4516 Archidiaconos,
573 4450 737 4526 totumque
773 4446 890 4506 clerum
925 4465 1053 4506 suarum
1091 4445 1272 4518 diocesium,
1309 4447 1392 4525 quod
1420 4447 1514 4508 iidem

281 4554 411 4625 Decani,
433 4553 566 4622 Priores,
590 4556 622 4612 et
642 4551 860 4611 Archidiaconi
881 4550 914 4609 in
933 4551 1068 4630 propriis
1090 4550 1233 4630 personis
1261 4552 1335 4621 suis,
1358 4557 1389 4612 et
1417 4552 1513 4632 quod-

280 4662 357 4721 libet
374 4659 529 4719 dictorum
555 4657 769 4736 Capitulorum
795 4677 981 4736 perunum,
1011 4656 1173 4736 clerusque
1195 4656 1362 4736 cujuslibet
1384 4658 1525 4731 diocesis

280 4787 337 4846 per
355 4766 434 4825 duos
455 4769 672 4844 procuratores
693 4762 831 4833 idoneos,
846 4763 971 4842 plenam
993 4767 1025 4822 et
1044 4762 1250 4823 sufficientem
1270 4767 1460 4842 potestatem
1477 4763 1515 4823 ab

280 4872 358 4951 ipsis
381 4868 526 4949 Capitnlo
540 4873 573 4929 et
587 4868 669 4929 clero
693 4868 854 4940 habentes,
869 4888 1006 4928 unacum
1026 4867 1192 4947 Episcopis
1206 4867 1354 4947 predictis
1369 4868 1515 4929 intersint

280 4977 383 5038 modis
397 4973 544 5036 omnibus
562 4978 638 5033 tnnc
657 4973 772 5035 ibidem
793 4974 833 5033 ad
849 4973 1027 5034 faciendum
1044 4978 1076 5034 66
1095 4973 1357 5034 consenciendum
1376 4974 1515 5055 hiisque

281 5090 359 5143 tunc
379 5080 495 5140 ibidem
526 5079 565 5139 de
586 5078 745 5139 communi
766 5078 896 5140 66661116
917 5082 1035 5149 666666,
1057 5077 1182 5139 favente
1203 5078 1349 5151 Domino,
1378 5080 1514 5141 ordinari
