3850 5917
386 715 445 776 ars
761 716 940 796 saerata
966 717 1032 778 rra
1059 717 1097 778 a
1125 718 1250 778 aaa„

214 944 271 984 Α-ὓ-
289 945 344 984 ¹³²2·
387 947 502 1001 ventus
543 942 583 1003 de
626 942 719 1022 Lyra,
762 943 795 1002 in
838 943 950 1023 Anglia
991 944 1155 1024 generalis,
1195 945 1278 1005 dicte
1326 945 1442 1006 vicarie
1482 965 1626 1006 verorum

385 1052 599 1125 patronorum,
622 1052 654 1109 et
675 1049 780 1128 ipsum
808 1049 961 1110 vicarium
985 1055 1174 1130 perpetuum
1202 1050 1342 1111 instituit
1366 1051 1398 1110 in
1421 1052 1531 1113 eadem
1554 1071 1627 1112 cum

386 1171 481 1213 onere
518 1153 725 1232 personaliter
763 1154 963 1216 ministrandi
1001 1161 1034 1216 et
1069 1156 1219 1217 continue
1255 1155 1413 1217 residendi
1446 1156 1479 1216 in
1507 1157 1627 1227 eadem,

384 1259 564 1338 juramento
593 1260 632 1319 ed
667 1259 823 1339 premissa
854 1261 998 1322 iacienda
1035 1260 1075 1321 ab
1106 1261 1215 1322 eodem
1251 1261 1368 1322 vicario
1405 1267 1541 1341 recepto.
1584 1261 1628 1322 Et

386 1370 462 1425 tunc
483 1365 646 1426 mandavit
668 1367 814 1427 dominus
835 1366 952 1427 vicario
974 1367 1013 1428 ds
1036 1368 1165 1450 Uptone
1192 1387 1250 1446 pro
1274 1366 1460 1428 inductione
1483 1368 1592 1447 ipsius.

466 1523 632 1583 Eccnssrs
662 1541 706 1584 ns
742 1525 1174 1586 Mocxas.—Memorandnm
1202 1525 1286 1605 quod
1311 1525 1370 1595 die.
1397 1545 1513 1596 mense,
1543 1546 1627 1586 anno

385 1625 524 1699 Domini,
554 1634 586 1689 et
606 1629 677 1689 loco
698 1629 857 1708 predictis,
879 1630 1009 1691 admisit
1031 1630 1178 1692 dominus
1200 1630 1369 1690 Ricardum
1400 1630 1518 1691 dictum
1540 1631 1626 1692 oleri-

385 1753 468 1804 cum,
503 1735 722 1813 presbiterum,
762 1736 802 1795 ad
830 1735 995 1798 ecclesiam
1038 1737 1076 1797 de
1111 1737 1252 1808 Mockas,
1287 1757 1344 1816 per
1379 1737 1626 1816 resignacionem

386 1837 532 1919 Hugonis
546 1830 796 1919 'deMonytons
818 1840 922 1900 ultimi
943 1841 1088 1902 Rectoris
1113 1841 1264 1920 ejusdem,
1286 1861 1324 1902 ex
1345 1861 1440 1902 causa
1467 1847 1625 1921 permuta-

386 1943 486 2005 cionis
518 1945 556 2006 de
586 1965 648 2024 qua
679 1945 825 2024 superius
852 1945 884 2004 in
913 1945 1057 2024 proximo
1084 1947 1209 2026 penello
1234 1945 1270 2006 fit
1299 1945 1432 2016 mencio,
1460 1953 1625 2007 vacantem

385 2051 425 2110 ad
460 2050 732 2129 presentacionem
770 2049 927 2110 lobannis
969 2051 1080 2121 Frons,
1121 2051 1240 2111 domini
1286 2051 1325 2111 de
1377 2050 1518 2122 Mockas,
1560 2052 1626 2112 veri

384 2155 510 2235 patroni
542 2155 683 2234 ejusdem
720 2155 860 2227 ecclesie,
889 2162 922 2216 et
950 2155 1054 2236 ipsum
1083 2155 1252 2216 Ricardum
1285 2156 1452 2216 Rectorem
1488 2156 1628 2216 instituit

384 2262 417 2321 in
439 2261 557 2322 eadem.
600 2261 648 2321 Ex
673 2267 748 2322 tuno
781 2262 942 2322 mandavit
971 2261 1117 2322 dominus
1146 2262 1275 2323 Decano
1303 2261 1341 2322 de
1369 2261 1542 2340 Webblcye
1569 2282 1627 2342 pro

383 2367 569 2427 induccione
590 2367 698 2446 ipsius.

383 2623 467 2683 Mor.
494 2623 625 2683 7.-Tlrc
646 2623 847 2702 Arctbishop,
869 2623 905 2682 in
925 2623 1109 2684 accordante
1129 2622 1207 2682 with
1226 2643 1248 2682 a
1270 2621 1374 2700 Royal
1397 2621 1496 2701 Brres,
1521 2621 1624 2682 which

507 2704 542 2763 ha
570 2711 683 2782 quotes,
719 2704 790 2764 aske
821 2705 870 2764 tlte
900 2703 1020 2783 Bielrop
1056 2711 1084 2764 to
1113 2723 1203 2764 correo
1227 2723 1356 2782 praycre
1386 2710 1414 2762 to
1444 2703 1477 2762 be
1511 2703 1623 2794 offered

507 2785 691 2863 throrrqbout
707 2785 755 2845 the
777 2784 903 2845 Dioceee
917 2785 973 2863 jor
994 2785 1043 2844 tlte
1063 2784 1173 2862 Kinp'e
1195 2804 1311 2844 sitrecte
1333 2783 1368 2842 in
1391 2784 1439 2843 tlte
1459 2803 1624 2862 oornpaaqn

506 2866 630 2944 aquioet
658 2866 788 2926 Titomoa
813 2867 848 2946 os
872 2865 1044 2926 Larwoeter
1068 2865 1131 2924 aad
1157 2865 1206 2924 tte
1230 2865 1315 2924 other
1338 2864 1553 2925 rebellionis.

466 3021 659 3081 Mannaruu
701 3039 819 3081 nourar
855 3021 1119 3092 Aaosrssrscorr,
1156 3039 1199 3081 ur
1235 3037 1331 3080 inens
1366 3037 1479 3090 sarar,
1512 3039 1625 3080 nro.—

384 3126 554 3196 Walterus,
580 3132 650 3198 etc,
676 3125 845 3187 venerabili
867 3126 965 3197 fratri,
987 3126 1116 3187 domino
1144 3126 1220 3198 Ade,
1249 3131 1308 3186 etc.
1373 3125 1475 3186 Breve
1505 3125 1624 3186 domini

383 3231 484 3290 nostri
509 3229 605 3308 Regis
630 3229 689 3290 sub
717 3249 831 3309 magno
859 3229 961 3308 sigillo
994 3249 1052 3290 suo
1074 3229 1225 3301 clausum,
1248 3229 1405 3309 quandam
1434 3229 1623 3308 scripturam

383 3337 550 3398 continens
572 3337 755 3408 involutam,
775 3338 866 3416 cujus
890 3337 989 3398 eciam
1012 3337 1135 3417 copiam
1155 3337 1243 3398 vobis
1265 3336 1511 3397 transmittimus
1530 3338 1624 3398 modo

383 3442 489 3513 simili,
518 3443 619 3522 pridie
647 3442 706 3504 sub
737 3443 937 3504 continencia
965 3442 1141 3522 recepimus
1175 3440 1376 3520 infrascripta
1386 3441 1622 3513 :-Edwardus,

383 3555 453 3620 etc,
491 3549 660 3610 venerabili
697 3548 730 3608 in
769 3549 896 3610 Christo
930 3549 1023 3629 patri,
1059 3548 1209 3619 Waltero,
1246 3553 1305 3608 etc.
1369 3547 1480 3608 Nostis
1516 3567 1624 3609 revera

384 3655 519 3735 qualiter
553 3656 681 3734 quidam
713 3659 877 3734 magnates
904 3655 943 3716 de
972 3674 1068 3734 regno
1106 3659 1215 3714 nostro
1252 3673 1270 3713 a
1302 3653 1366 3731 jam
1407 3653 1462 3712 diu
1495 3673 1553 3714 nos
1590 3661 1623 3714 ct

384 3761 503 3820 dictum
533 3780 664 3840 regnum
684 3767 829 3821 nostrum
857 3760 1075 3840 multipliciter
1108 3760 1284 3830 turbarunt,
1318 3759 1458 3820 dicentes
1492 3759 1622 3819 nichilo-

384 3866 489 3927 minus
528 3872 561 3927 et
602 3866 799 3945 publicantes
837 3887 872 3928 se
910 3865 1017 3927 omnia
1051 3865 1153 3926 iacere
1191 3884 1248 3944 pro
1286 3869 1395 3925 nostro
1433 3864 1552 3926 honore
1590 3871 1623 3926 et

384 3973 549 4032 commodo
572 3972 647 4032 dicti
684 3972 780 4051 regni,
810 3978 842 4033 et
868 3973 935 4051 jam
960 3971 991 4032 vi
1017 3975 1138 4031 armate
1168 3971 1201 4030 in
1232 3989 1290 4031 nos
1321 3977 1562 4049 prorumpentes
1590 3975 1623 4032 et

384 4075 475 4135 nobis
496 4075 725 4136 contrariantes
750 4081 782 4136 et
803 4075 943 4146 rebelles,
968 4075 1062 4136 seed
1087 4079 1194 4154 partes
1219 4073 1360 4136 Boriales
1382 4075 1621 4146 transtulerunt,

383 4185 416 4241 et
450 4199 522 4240 cum
555 4180 686 4250 Thoma,
721 4179 845 4240 Comite
880 4181 1076 4251 Lankastrie,
1113 4185 1223 4241 contra
1257 4199 1316 4241 nos
1348 4180 1437 4241 ledus
1472 4181 1620 4252 inierunt,

383 4285 522 4346 facinora
550 4287 716 4346 innumera
744 4287 777 4345 in
810 4287 894 4348 dicto
929 4305 1026 4366 regno
1052 4297 1162 4348 nostro
1201 4291 1310 4348 contra
1337 4307 1447 4366 pacem
1480 4294 1620 4350 nostram

383 4393 602 4472 perpetrando
634 4397 667 4453 et
691 4399 727 4452 ut
761 4393 794 4452 in
831 4393 967 4473 quodam
996 4393 1186 4472 transcripto
1214 4393 1411 4472 quarundam
1443 4392 1619 4454 litterarum

384 4491 417 4550 in
441 4490 585 4570 partibus
612 4490 793 4551 Borialibus
814 4497 1010 4570 repertarum
1039 4495 1071 4551 et
1093 4488 1185 4552 nobis
1209 4491 1404 4561 transmisso,
1440 4491 1531 4569 cujus
1550 4491 1620 4572 qui·

383 4597 453 4656 dem
491 4595 673 4675 transcripti
702 4596 825 4675 copiam
852 4596 942 4658 vobis
977 4596 1133 4657 mittimus
1170 4595 1370 4675 presentibus
1407 4595 1620 4669 interclusam,

383 4703 482 4764 oculis
510 4703 705 4763 intuencium
733 4703 812 4764 satis
839 4703 958 4783 liquere
982 4708 1096 4782 potest,
1125 4703 1209 4783 quod
1233 4721 1271 4764 ea
1298 4722 1359 4782 que
1386 4702 1462 4762 dicti
1490 4703 1621 4764 rebelles

383 4811 483 4871 nostri
527 4810 653 4889 [gracia]
700 4815 902 4871 asseruerunt
932 4829 967 4870 ae
1003 4809 1157 4870 hactenus
1198 4807 1310 4869 iecisse
1347 4813 1380 4868 et
1417 4827 1474 4887 pro
1512 4815 1622 4870 nostro

383 4917 502 4978 honore
532 4922 565 4978 et
589 4917 753 4976 commodo
790 4916 846 4994 [in]
883 4915 959 4976 dicti
996 4913 1084 4994 regni
1115 4914 1251 4975 dedecus
1281 4917 1315 4974 et
1343 4913 1619 4976 exheredacionem

383 5023 521 5103 dictique
541 5021 628 5102 regni
649 5022 750 5083 nostri
778 5027 811 5082 et
841 5021 950 5101 populi
979 5019 1121 5100 ejusdem
1149 5018 1397 5080 destruccionem
1419 5018 1525 5098 inique
1544 5039 1618 5080 oon-

383 5129 552 5209 spirarunt,
571 5133 604 5189 et
624 5148 697 5188 cum
715 5127 818 5188 Scotis
835 5127 971 5188 inimicis
990 5125 1107 5187 nostris
1127 5123 1416 5186 confederationem
1439 5143 1620 5204 perversam
