3850 5917
389 693 450 753 254
764 690 944 769 Registrrim
971 690 1036 751 Aac
1063 690 1100 752 dc
1131 690 1253 751 Orlclori

219 924 278 964 M>-
294 924 350 963 ¹³22
391 917 530 977 cedatur.
586 915 735 995 Alioquin
762 916 794 975 in
823 916 892 995 ejus
916 916 1050 987 delectu,
1079 920 1124 989 tu,
1152 916 1276 987 Rector,
1305 916 1333 977 si
1360 917 1399 977 de
1421 915 1497 976 dicti
1521 915 1627 977 lretris

394 1022 531 1085 viventis
554 1023 734 1103 penitencia
752 1022 810 1082 tibi
832 1022 971 1102 legitime
993 1023 1180 1095 constiterit,
1201 1028 1325 1084 servata
1345 1022 1445 1083 forma
1465 1023 1627 1103 premissa,

392 1129 551 1209 prelatum
578 1130 762 1191 defunctum
790 1129 875 1190 licite
902 1130 1021 1209 poteris
1049 1130 1290 1192 misericorditer
1314 1130 1453 1210 sepelire.

396 1418 459 1477 The
480 1417 599 1497 Bishcp
619 1418 708 1479 sends
731 1426 760 1479 tc
782 1418 830 1478 the
851 1418 945 1478 Prior
965 1420 1001 1497 os
1017 1419 1146 1479 Lirdlow
1168 1441 1188 1479 ο
1208 1439 1282 1499 copy
1299 1420 1335 1499 os
1353 1420 1400 1481 liis
1421 1422 1506 1500 reple
1529 1430 1558 1482 tc
1580 1422 1627 1483 ihc

517 1499 679 1577 burgenses,
715 1499 778 1559 aad
811 1519 913 1560 warns
942 1499 1008 1559 irim
1043 1500 1119 1571 that,
1148 1499 1179 1579 if
1210 1500 1259 1561 the
1286 1502 1371 1581 facts
1399 1522 1451 1562 arc
1480 1510 1555 1573 truc,
1593 1503 1627 1564 lic

516 1579 627 1641 should
647 1587 709 1650 not,
732 1587 761 1639 tc
783 1579 832 1640 ilic
852 1580 982 1640 scandal
1002 1581 1037 1659 cs
1057 1580 1166 1651 others,
1191 1581 1290 1660 refusa
1316 1589 1344 1643 to
1370 1581 1418 1642 the
1442 1582 1521 1643 deod
1545 1584 1628 1644 what

511 1662 583 1741 pity
607 1661 671 1723 arrd
696 1660 858 1738 humniiy
881 1660 1011 1739 require.

479 1841 624 1900 errmis
645 1858 785 1900 emnem
805 1841 922 1901 Paronr
943 1858 1096 1900 curruum
1118 1858 1230 1901 sancrr
1246 1841 1429 1901 Aucusrmr
1453 1860 1497 1901 nu
1523 1849 1626 1903 honn-

394 1947 692 2016 town-Salutem,
728 1953 786 2007 etc.
831 1946 991 2007 Mittimus
1033 1946 1121 2008 vobis
1163 1947 1285 2027 copiam
1309 1946 1412 2008 littere
1447 1953 1554 2009 nostre
1582 1968 1626 2010 re·

395 2052 551 2132 sponsalis
572 2072 676 2131 quam,
698 2052 737 2111 ad
766 2051 1034 2113 consultacionem
1056 2052 1199 2113 Rectoris
1224 2052 1353 2114 ecclesie
1374 2058 1406 2113 et
1426 2052 1626 2133 burgensium

395 2157 469 2218 ville
490 2158 528 2218 de
557 2156 732 2227 Lodelowe‚
764 2157 882 2218 eisdem
911 2157 1057 2218 duximus
1088 2158 1317 2229 destinandam,
1342 2164 1378 2218 ut
1406 2158 1480 2238 quid
1508 2158 1540 2217 in
1569 2158 1628 2219 hoc

395 2262 479 2323 lecto
510 2262 688 2323 consnlcius
716 2262 759 2323 sit
793 2263 948 2341 agendum
977 2262 1147 2323 deliberare
1184 2262 1308 2342 plenius
1332 2261 1473 2323 valeatis.
1530 2263 1574 2323 Et
1602 2264 1628 2324 si

396 2389 471 2430 vers
512 2373 586 2428 sunt
620 2387 681 2447 que
719 2367 811 2428 nobis
855 2368 1040 2428 litteratorie
1079 2372 1153 2429 sunt
1191 2373 1346 2447 suggests,
1385 2368 1530 2448 expedire
1566 2388 1629 2429 non

395 2474 552 2535 credimus
579 2475 663 2553 quod
698 2494 755 2554 per
784 2494 840 2535 vos
872 2473 905 2533 in
933 2473 1116 2534 scandalum
1145 2473 1276 2534 eliorum
1311 2493 1390 2553 opus
1418 2474 1629 2535 misericordie

393 2585 426 2641 et
445 2580 652 2641 humanitatis
679 2580 816 2641 officium
848 2579 936 2640 fratri
958 2585 1082 2640 mortuo
1110 2579 1345 2640 subtrahentur.

399 2874 464 2937 Oct.
488 2874 645 2935 irs-The
672 2873 730 2934 Bis
819 2873 1028 2935 commissione
1057 2872 1141 2933 John
1167 2873 1253 2943 lices,
1278 2873 1390 2933 Recior
1412 2873 1448 2952 os
1471 2873 1629 2945 Dorsicna

522 2962 551 3015 to
578 2953 704 3033 circuire
729 2974 757 3013 w
797 2954 863 3014 ther
890 2954 940 3015 ihc
966 2954 1128 3033 pressiori
1160 2954 1249 3045 raude
1284 2954 1321 3033 by
1351 2953 1399 3045 tire
1433 2954 1572 3015 Prioress
1600 2955 1635 3045 of

515 3035 682 3193 diffletis?
702 3036 757 3115 scr
781 3034 865 3095 John
888 3035 925 3095 de
953 3035 1125 3105 Wcrccsicr,
1155 3035 1246 3095 Vicar
1269 3036 1305 3115 of
1324 3034 1439 3113 Bridpe
1464 3035 1582 3099 Sollers,
1602 3054 1630 3096 ss

476 3298 660 3359 Couurssro
681 3315 742 3357 ruo
764 3314 893 3356 vrcsurs
925 3314 970 3355 nn
1002 3296 1306 3367 Burnum-Adam,
1327 3301 1397 3367 etc,
1422 3295 1536 3357 dilecto
1564 3295 1629 3356 filio

394 3404 545 3484 magistro
564 3404 601 3465 -J
604 3450 610 3463 .
654 3404 745 3474 Rees,
780 3403 907 3464 Rectori
948 3402 1079 3463 ecclesie
1114 3403 1152 3463 de
1187 3403 1354 3471 Dorstone.
1390 3402 1534 3473 salutem,
1569 3408 1627 3463 etc.

394 3511 623 3571 Prosentsrunt
643 3508 734 3569 nobis
758 3508 871 3569 dilecte
894 3508 968 3580 filie,
990 3506 1151 3569 Prioresse
1173 3513 1205 3569 et
1226 3508 1407 3569 Conventus
1431 3508 1470 3569 de
1495 3508 1628 3569 Acorne·

394 3617 484 3695 bury,
505 3616 683 3677 Johannem
705 3615 744 3675 de
766 3614 948 3693 Wygornia,
969 3614 1187 3693 presbiterum,
1209 3614 1248 3673 ad
1269 3614 1419 3674 vicarium
1440 3613 1570 3675 ecclesie
1591 3615 1630 3676 de

394 3722 530 3801 Brugge‚
552 3720 612 3781 sibi
633 3726 665 3780 et
686 3720 877 3780 monasterio
905 3739 964 3780 suo
991 3720 1114 3779 noviter
1136 3719 1334 3799 appropriate
1346 3739 1353 3791 ;
1384 3720 1423 3779 ad
1450 3720 1541 3799 cujus
1562 3721 1628 3781 siis·

393 3825 615 3897 tentacionem,
636 3831 669 3886 et
701 3825 842 3886 omnium
870 3845 1002 3887 onerum
1023 3825 1250 3886 ordinariorum
1282 3825 1565 3905 supportecicnem,
1596 3829 1628 3886 et

394 3933 526 3994 terciam
550 3937 672 4012 partem
697 3930 1022 4001 extraordinariorum,
1049 3934 1151 3991 totum
1177 3929 1372 4008 altaragium²
1396 3928 1479 3990 dicte
1499 3928 1628 3990 ecclesie

393 4045 428 4099 et
465 4043 588 4117 partem
629 4037 751 4098 decime
787 4037 954 4116 garbarum
995 4037 1124 4099 terciam
1158 4036 1367 4115 assignarunt.
1423 4036 1490 4096 Nos
1535 4035 1630 4115 igitur

395 4144 555 4205 certiorari
578 4144 720 4205 volentes
739 4143 766 4203 si
788 4144 828 4203 ad
850 4143 992 4222 ejusdem
1008 4142 1116 4203 vicarii
1139 4142 1404 4203 sustentacicnem
1423 4147 1456 4203 et
1474 4142 1629 4203 dictorum

394 4269 527 4315 onerum
556 4249 830 4329 supportacionem
870 4248 1027 4309 sufficient
1061 4248 1225 4327 porciones
1252 4248 1400 4328 predicte,
1430 4252 1462 4309 et
1490 4248 1529 4309 de
1556 4268 1630 4309 vero

394 4354 499 4415 valore
521 4353 612 4415 annis
633 4354 854 4415 communibus
873 4355 1058 4433 porcionum
1080 4355 1270 4435 hujusmodi,
1292 4375 1414 4417 necnon
1433 4361 1465 4416 et
1487 4356 1629 4416 omnium

394 4459 527 4520 aliorum
553 4465 764 4539 proventuum
792 4458 923 4520 ecclesie
957 4466 1139 4531 memorate,
1174 4466 1206 4522 et
1238 4461 1380 4521 omnium
1407 4481 1538 4522 onerum
1563 4466 1628 4523 tam

394 4564 622 4625 ordinariorum
644 4585 739 4644 quam
760 4565 1076 4626 extraordinariorum
1100 4565 1200 4627 eidem
1225 4566 1478 4627 incumbencium
1505 4568 1629 4647 plenius

394 4670 566 4742 informari,
598 4671 688 4731 vobis
727 4679 836 4733 tenore
869 4671 1069 4752 presencium
1106 4672 1333 4733 committimus
1370 4677 1403 4734 et
1444 4674 1630 4735 mandamus

394 4777 545 4856 quatinus
579 4796 674 4855 super
711 4776 773 4838 hiis
801 4796 858 4856 per
891 4776 976 4838 viros
1010 4778 1184 4857 fidedignoe
1224 4778 1345 4858 juratos
1375 4777 1634 4858 inquirendornm

393 4882 544 4943 noticiam
577 4881 789 4943 verisimiliter
822 4882 1004 4962 optinentes
1039 4884 1204 4963 inquiretis
1239 4884 1422 4964 diligencius
1456 4885 1631 4946 veritatem.

396 4986 442 5047 Et
468 4985 543 5066 quid
568 4985 716 5057 feceritis,
754 4991 824 5057 etc,
862 4985 954 5047 nobis
991 4988 1222 5067 particulariter
1249 4990 1365 5051 curetis
1391 4988 1559 5052 rescribere
1597 4996 1631 5053 et

852 5120 1009 5169 l-offerinss
1025 5126 1051 5165 at
1069 5124 1110 5165 the
1123 5124 1193 5166 altar.
