3850 5917
395 681 453 740 192
767 680 946 760 Rapistrum
973 683 1039 744 Ado
1065 683 1102 745 de
1133 685 1255 746 Orleton

222 913 279 952 M>-
296 913 351 952 ¹³²⁰·
394 908 566 969 monachos
594 908 627 967 in
655 909 765 970 eodem
796 909 935 988 prioratu
965 911 1139 972 residentes
1166 911 1385 974 observaneias
1413 914 1571 994 regulares
1595 916 1627 976 in

394 1014 504 1074 eodem
519 1014 659 1093 prioratu
678 1014 764 1074 adiu
781 1019 830 1075 est
846 1015 1012 1077 retroactis
1029 1016 1222 1096 temporibus
1241 1017 1421 1080 nullatenus
1436 1018 1626 1094 observasse,

396 1123 446 1178 set
466 1119 553 1198 ipsos
577 1119 667 1200 quasi
690 1138 810 1191 omnes,
840 1119 962 1181 abiecta
993 1119 1151 1199 religionis
1174 1122 1349 1194 honestate,
1374 1122 1473 1184 vitam
1502 1124 1627 1186 duxisse

394 1225 565 1286 enormiter
601 1225 796 1296 dissolutam,
835 1225 981 1286 videlicet
1019 1225 1251 1288 incontinenter
1277 1227 1429 1301 viventes,
1458 1235 1491 1290 et
1519 1250 1626 1311 quam-

393 1330 511 1408 pluries
530 1337 617 1392 extra
633 1331 753 1391 dictum
780 1332 953 1412 prioratum
973 1333 1071 1392 eciam
1093 1337 1247 1394 nocturno
1267 1339 1408 1414 tempore
1428 1335 1626 1415 devagantes,

391 1442 425 1496 et
446 1436 637 1516 aliquociens
661 1457 734 1497 cum
758 1436 974 1498 meretricibus
996 1444 1028 1498 et
1048 1437 1118 1500 aliis
1143 1445 1288 1519 suspecte
1313 1440 1377 1502 vite
1397 1441 1582 1504 mulieribus
1609 1464 1628 1504 a

391 1541 480 1602 laicis
501 1542 721 1620 deprehensos,
743 1547 775 1603 et
796 1542 889 1620 vulgo
916 1547 1070 1613 ostensos,
1101 1543 1134 1602 in
1162 1545 1345 1605 scandalum
1373 1551 1405 1606 et
1426 1547 1626 1626 opprobrium

393 1649 491 1708 totius
515 1647 634 1708 ordinis
656 1647 836 1728 supradicti,
861 1649 1009 1728 ipsosque
1037 1650 1208 1712 monachos
1230 1650 1394 1712 silencium
1423 1651 1455 1711 in
1480 1652 1626 1726 claustro,

395 1772 513 1824 mensa,
536 1758 568 1813 et
590 1753 660 1828 aliis
678 1752 792 1814 debitis
813 1754 899 1814 horis
918 1760 950 1814 et
968 1755 1044 1816 locis
1066 1756 1196 1818 minime
1213 1757 1424 1828 observantes,
1449 1761 1496 1819 set
1517 1760 1627 1838 pocius

395 1860 490 1922 simul
510 1847 679 1921 inhonesta
702 1866 734 1922 et
756 1861 860 1940 turpia
879 1861 1034 1941 colloquia
1057 1863 1280 1935 immiscentes,
1304 1869 1336 1924 et
1358 1864 1466 1944 ganda
1490 1864 1625 1944 loquaci·

392 1972 458 2027 tate
492 1971 628 2037 utentes,
670 1987 780 2027 carues
817 1967 851 2026 in
888 1968 1052 2029 refectorio
1090 1969 1190 2030 eciam
1228 1969 1348 2048 quartis
1390 1969 1475 2030 feriis
1513 1975 1546 2030 et
1593 1969 1626 2029 in

394 2072 627 2152 septuagesima
675 2073 885 2144 comedentes,
937 2075 1057 2154 jejunia
1103 2076 1256 2137 adventus
1307 2076 1446 2147 Domini,
1493 2083 1627 2156 quatuor

393 2184 580 2258 temporum,
602 2183 635 2240 et
659 2178 720 2238 alia
738 2179 886 2258 precipue
910 2181 1074 2242 monachis
1095 2180 1187 2242 solita
1215 2186 1247 2241 et
1271 2187 1423 2242 consueta
1447 2181 1627 2242 nullatenus

391 2283 603 2355 observantes,
632 2284 773 2344 divinum
812 2285 949 2346 officium
982 2287 1099 2365 pariter
1136 2291 1168 2347 et
1196 2291 1386 2346 nocturnum
1414 2287 1556 2348 ordinate
1593 2287 1626 2346 in

392 2389 524 2451 ecclesia
551 2390 638 2450 horis
665 2391 917 2470 competentibus
944 2392 1074 2452 minime
1101 2397 1295 2472 peragentes,
1321 2397 1370 2453 set
1392 2392 1454 2453 illis
1479 2393 1565 2454 horis
1587 2393 1625 2453 ad

392 2494 517 2556 taxillus
554 2500 587 2556 et
621 2496 699 2556 alios
726 2495 817 2556 ludos
853 2497 968 2557 vetitos
1003 2495 1196 2557 colludentes
1234 2502 1266 2557 et
1298 2497 1451 2577 quosdam
1486 2497 1626 2576 ipsorum

392 2602 607 2680 spectaculum
632 2622 760 2662 suorum
782 2622 946 2682 corporum
972 2603 1123 2664 facientes
1142 2603 1342 2685 aliquociens,
1364 2606 1447 2684 quod
1468 2625 1532 2666 non
1558 2606 1626 2667 sine

394 2707 498 2768 cordis
520 2707 729 2769 amaritudine
750 2707 922 2778 referimus,
944 2709 1021 2768 nudi
1042 2709 1180 2770 extensis
1201 2709 1336 2771 brachiis
1358 2730 1430 2770 cum
1453 2710 1572 2771 baculis
1593 2717 1625 2772 et

391 2813 496 2892 ligatis
528 2813 567 2872 ad
599 2813 727 2873 modum
762 2813 910 2883 crucifixi,
942 2815 1093 2885 stramine
1121 2815 1170 2875 vel
1201 2815 1262 2875 alio
1297 2815 1401 2896 aliquo
1429 2816 1468 2876 ad
1497 2817 1624 2877 modum

394 2937 510 2979 corone
527 2917 682 2998 capitibus
701 2937 809 2978 eorum
826 2919 1033 2998 superposite,
1053 2919 1092 2980 de
1111 2919 1250 2999 ipsorum
1270 2919 1451 2981 dormitorio
1470 2926 1625 2982 nocturno

391 3033 534 3104 tempore
561 3025 779 3095 decendentes,
808 3030 840 3085 et
866 3025 912 3086 sic
939 3025 1130 3096 incedentes,
1162 3047 1198 3087 ac
1222 3026 1366 3086 ludentes
1394 3047 1499 3087 coram
1531 3028 1625 3090 sociis

393 3131 461 3193 suis
484 3136 517 3192 et
544 3129 614 3191 aliis
642 3129 719 3190 inibi
747 3129 952 3202 morantibus,
988 3136 1020 3192 et
1052 3131 1113 3192 alia
1144 3131 1284 3193 enormia
1315 3133 1466 3193 facientes
1495 3152 1556 3212 que
1585 3133 1625 3195 ad

296 3265 298 3271 r
389 3256 520 3316 presens
542 3241 670 3316 propter
693 3236 832 3316 ipsorum
855 3237 1076 3298 enormitatem
1098 3237 1229 3298 nimiam
1254 3237 1456 3298 subticemus.
1499 3237 1623 3300 Inveni-

391 3362 463 3403 mus
484 3343 584 3403 eciam
606 3341 690 3422 quod
706 3363 725 3401 a
746 3343 952 3422 quadraginta
969 3343 1060 3403 annis
1081 3343 1224 3422 proximo
1245 3319 1403 3422 preteritis
1423 3347 1497 3402 ante
1518 3343 1624 3403 datam

390 3448 566 3508 litterarum
588 3448 828 3526 apostolicarum
853 3448 1065 3528 predictarum
1087 3449 1296 3510 communiter
1316 3449 1454 3528 quinque
1478 3448 1624 3508 monachi

389 3554 563 3624 dumtaxat,
592 3554 778 3633 quandoque
802 3559 909 3614 tamen
933 3574 998 3625 sex,
1023 3555 1056 3614 in
1081 3555 1165 3616 dicto
1187 3555 1327 3635 prioratu
1350 3552 1537 3624 residebant,
1566 3573 1625 3614 nec

389 3659 525 3739 priorem
556 3659 723 3720 electivum
744 3659 922 3721 invenimus
942 3659 1116 3740 perfectum
1139 3660 1242 3740 aliquo
1274 3665 1414 3738 tempore
1442 3657 1475 3717 iu
1503 3657 1623 3718 eodem.

390 3765 575 3827 Invenimus
599 3765 699 3825 eciam
723 3785 779 3843 per
808 3765 924 3825 dictam
950 3766 1189 3845 inquisicionem
1214 3764 1298 3845 quod
1326 3763 1429 3824 dictus
1457 3762 1623 3843 prioratus,

390 3876 518 3951 propter
547 3871 670 3949 culpam
699 3875 731 3930 et
754 3870 957 3931 insolenciam
983 3871 1208 3932 monachorum
1237 3870 1420 3950 degencium
1448 3869 1481 3928 in
1502 3869 1623 3941 eodem,

390 3998 427 4037 ac
440 3997 496 4056 per
510 3976 733 4037 alienacionem
754 3976 906 4037 bonorum
922 3978 1023 4038 eidem
1044 3977 1282 4058 pertinencium,
1298 3977 1330 4036 in
1345 3975 1570 4056 temporalibus
1591 3981 1624 4037 et

393 4082 608 4162 spiritualibus
639 4089 794 4163 quatenus
825 4084 995 4162 plurimum
1025 4089 1073 4146 est
1105 4085 1270 4164 collapsus,
1302 4103 1424 4144 necnon
1446 4083 1622 4162 predictum

393 4189 522 4250 fratrem
547 4189 719 4250 Fulconem
754 4189 891 4250 Gestard
918 4190 1012 4268 paulo
1040 4197 1113 4252 ante
1141 4191 1311 4251 adventum
1339 4195 1481 4250 nostrum
1503 4189 1621 4268 predic·

320 4360 324 4367 ⁸
389 4302 458 4355 tum
486 4295 527 4355 ad
548 4296 667 4355 dictum
697 4295 870 4374 prioratum
892 4297 971 4357 duos
1001 4297 1113 4358 calices
1138 4297 1267 4377 argenti,
1289 4297 1455 4357 tresdecim
1478 4295 1623 4356 cocliaria

390 4402 520 4480 argenti,
544 4401 681 4480 quinque
706 4421 828 4479 pannos
856 4401 895 4462 de
915 4403 1024 4474 serico,
1054 4403 1250 4463 munimenta
1274 4402 1368 4470 varia,
1401 4405 1519 4460 statum
1545 4400 1621 4460 dicti

388 4507 546 4586 prioratus
574 4507 747 4586 tangencia,
770 4507 903 4585 quedam
929 4508 1028 4567 eciam
1054 4507 1215 4587 originalia
1247 4511 1436 4574 sanctorum,
1467 4509 1499 4565 et
1526 4502 1621 4564 libros

389 4614 476 4684 alios,
498 4635 535 4674 ac
555 4615 690 4693 quedam
712 4613 773 4673 alia
794 4613 877 4674 bona
901 4615 941 4674 ad
966 4614 1083 4674 dictum
1107 4613 1279 4692 prioratum
1305 4610 1483 4691 spectancia
1504 4615 1622 4671 temere

392 4718 505 4779 iecisse
523 4719 563 4778 ad
582 4724 703 4779 remota
723 4718 791 4778 loca
812 4718 990 4779 temeritate
1011 4719 1136 4799 propria
1157 4724 1189 4779 et
1209 4739 1288 4780 ausu
1309 4716 1457 4794 sacrilego
1479 4715 1621 4776 clanculo

389 4825 552 4902 asportari,
582 4825 635 4904 qui
656 4825 755 4884 eciam
777 4829 945 4903 postquam
967 4844 1022 4904 per
1056 4844 1114 4885 nos
1142 4825 1181 4884 ad
1203 4823 1397 4884 restituenda
1424 4821 1621 4882 munimenta

388 4930 530 5008 predicta
550 4935 582 4990 et
610 4928 671 4989 alia
701 4949 757 5008 per
787 4948 860 4989 eum
894 4935 1000 4989 amota
1030 4929 1169 4989 monitus
1200 4933 1232 4988 et
1259 4928 1365 5007 jussus
1397 4926 1507 4998 fuerat,
1536 4927 1620 4988 idem

388 5036 561 5097 facinorum
582 5055 708 5096 suorum
728 5035 873 5095 conscius
895 5033 976 5095 clam
995 5035 1034 5094 de
1050 5039 1143 5094 nocte
1164 5054 1182 5093 a
1203 5033 1287 5093 dicto
1307 5031 1447 5111 prioratu
1471 5033 1620 5095 recedens
