3850 5917
399 686 460 747 256
773 683 952 763 chirtrum
981 684 1044 744 ride
1071 683 1107 745 de
1138 684 1260 745 Orictca

228 920 285 960 Μ)-
300 920 356 959 ¹³2³·
399 910 591 991 Berengarii,
613 909 765 990 Episcopi
785 908 965 979 Tusculani,
986 908 1142 989 recepisse
1163 908 1196 968 in
1221 909 1279 969 bec
1303 908 1398 969 verba
1407 908 1634 971 t—Venersbili

399 1016 432 1075 in
460 1015 587 1077 Christo
612 1014 703 1095 patri,
725 1021 795 1086 etc,
817 1018 854 1075 ut
874 1016 990 1094 supra.¹
1032 1014 1171 1089 Quarum
1196 1014 1383 1075 auctoritate
1407 1014 1583 1075 litterarum
1597 1016 1635 1075 ds

399 1123 541 1202 predicto
563 1121 646 1183 lacto
674 1126 707 1182 et
731 1122 831 1201 ipsius
859 1121 1109 1181 circumstanciis
1139 1120 1379 1201 inquisicionem
1407 1120 1474 1182 ficri
1504 1120 1636 1183 fecimus

400 1229 593 1309 diligentem.
643 1229 687 1289 Et
711 1228 785 1309 quia
813 1228 968 1308 premissa
995 1247 1051 1307 per
1082 1227 1201 1287 dictum
1229 1227 1407 1289 Johanncm
1438 1228 1510 1289 Sodi
1538 1228 1636 1308 Apos-

402 1335 496 1397 tolice
530 1340 678 1416 suggesta
702 1335 881 1397 invenimus
908 1354 983 1395 vera
1003 1354 1082 1405 esse,
1108 1354 1167 1395 noc
1192 1334 1277 1394 aliud
1305 1335 1489 1396 canonicum
1513 1336 1551 1396 de
1575 1356 1637 1415 quo

402 1440 520 1502 scimus
542 1441 643 1501 eidem
673 1441 812 1501 Johanni
840 1440 975 1509 obstare,
1004 1439 1138 1500 eundem
1163 1439 1342 1501 Johannem
1364 1460 1428 1500 non
1449 1440 1637 1520 impedimus

402 1564 461 1607 nec
489 1544 642 1624 impediri,
678 1551 834 1624 quatenus
869 1545 901 1604 in
936 1544 1029 1605 nobis
1065 1550 1123 1614 est,
1151 1545 1374 1625 permittimus,
1396 1566 1452 1606 seu
1487 1546 1637 1625 impedire

402 1649 597 1711 intendimus
624 1650 657 1709 in
678 1651 820 1710 futurum
841 1651 1010 1730 quominus
1031 1650 1193 1730 premissis
1220 1670 1285 1711 non
1312 1650 1511 1712 obstantibus
1537 1653 1638 1732 possit

403 1761 440 1817 ut
459 1756 548 1836 prius
576 1756 608 1838 in
630 1756 696 1817 suis
716 1756 878 1817 ordinibus
906 1756 1094 1819 ministrare.
1145 1758 1264 1818 Datum
1293 1757 1376 1837 apud
1401 1756 1636 1829 Whitebourne‚

404 1862 454 1922 die
468 1870 521 1921 xv⁰
540 1858 627 1931 Julii,
649 1881 733 1921 anno
755 1862 884 1922 Domini
905 1863 1095 1942 supradicto.

411 2141 484 2219 hilp
512 2140 668 2201 20.-The
695 2140 793 2201 Actor
820 2142 884 2201 aad
913 2142 1088 2202 Concreto
1036 2143 1107 2222 tos
1132 2142 1260 2201 Tictcrn
1289 2142 1363 2202 liuor
1391 2142 1581 2232 complaincd
1609 2149 1638 2203 to

531 2221 580 2280 the
606 2221 817 2361 Bishopathot
840 2242 933 2299 crecy
957 2222 1137 2300 dettorss
1101 2223 1137 2300 os
1158 2221 1207 2283 tho
1233 2221 1435 2291 Convertit
1460 2222 1508 2283 the
1532 2223 1639 2285 Forcst

529 2301 681 2379 Deorwrp,
740 2322 783 2372 ve,
801 2302 884 2363 sicce
905 2303 954 2363 tho
975 2302 1119 2383 deothof
1137 2302 1221 2363 John
1241 2302 1277 2362 de
1295 2302 1463 2373 Walerccre,
1484 2304 1640 2381 picardiae

530 2383 566 2462 of
588 2382 637 2442 tta
656 2349 796 2461 ficheridr
821 2384 857 2461 cs
881 2382 929 2443 tlte
956 2384 1098 2455 Conveni,
1095 2304 1304 2462 frepadiated
1328 2382 1408 2445 their
1431 2384 1524 2444 debis.
1579 2384 1640 2445 The

530 2462 658 2542 Bishop,
688 2462 833 2541 tlwresore
861 2449 1008 2523 iratrccta
1038 2464 1086 2524 the
1113 2464 1204 2525 Doara
1227 2464 1261 2543 ej
1287 2464 1335 2524 the
1362 2466 1469 2525 Forest
1497 2471 1526 2525 to
1553 2484 1641 2525 wem

531 2544 580 2605 the
602 2543 730 2613 (letters,
752 2562 793 2603 oc
815 2543 961 2622 Sandays
984 2544 1047 2605 ond
1067 2544 1267 2615 Festivclsst
1254 2564 1289 2604 m
1311 2544 1360 2605 tho
1384 2544 1547 2616 Chorotus,
1573 2545 1640 2607 thot

528 2624 671 2715 onupoirr
695 2625 730 2704 os
753 2624 1048 2685 excommunicatori
1075 2625 1144 2703 thoy
1171 2592 1282 2687 stobzd
1308 2625 1384 2703 duty
1365 2646 1473 2705 ypoy
1500 2592 1625 2688 wliot
1611 2647 1638 2689 rs

526 2724 638 2783 owrnp.

486 2875 633 2935 erruaa
661 2892 705 2934 or
738 2892 824 2935 sorra
857 2892 1023 2934 nnruncrr
1054 2892 1303 2935 ansrrrusrros
1338 2893 1416 2937 rosi·
1452 2894 1641 2938 monnau.—

405 2980 516 3053 Adam,
537 2986 597 3041 etc.
640 2980 768 3040 Decano
793 2980 832 3041 de
861 2980 992 3041 Foresta
1020 2980 1059 3041 ds
1088 2980 1186 3051 Dene,
1209 2979 1291 3041 salut
1279 2986 1352 3051 t,em
1374 2986 1433 3041 etc.
1476 2980 1525 3040 Ex
1551 2988 1640 3060 parto

405 3085 621 3167 religiosorum
644 3086 792 3157 virorum,
814 3085 926 3146 Abbat
904 3090 999 3147 ttise
986 3086 1163 3147 ttOonvsn
1150 3091 1202 3147 tus
1223 3088 1261 3147 de
1289 3087 1373 3166 Tynt
1374 3106 1458 3159 ema,
1479 3086 1571 3148 nobis
1592 3092 1641 3149 est

405 3191 492 3272 gravi
513 3190 739 3270 conquestione
758 3195 970 3252 monstratum
988 3191 1072 3270 quod
1091 3190 1186 3251 irater
1212 3192 1232 3251 J
1234 3191 1375 3252 ohannes
1395 3191 1435 3251 ds
1457 3191 1639 3263 Walewsre,

404 3297 582 3369 defunctus,
615 3297 734 3357 dudum
770 3302 877 3357 custos
905 3302 937 3357 et
974 3296 1210 3358 administrator
1245 3297 1379 3376 piscaris
1406 3297 1548 3377 ejusdem
1580 3297 1639 3359 loci

404 3424 460 3483 per
481 3404 567 3483 ipsos
588 3403 750 3483 religiosos
778 3404 957 3483 deputatus,
980 3408 1121 3482 temporo
1142 3402 1253 3465 mortis
1278 3423 1333 3464 sue
1354 3404 1460 3483 plures
1485 3405 1641 3467 debitores

403 3510 538 3589 [babuit]
568 3515 635 3571 tam
663 3509 696 3567 in
728 3508 829 3569 bladis
858 3515 890 3570 et
918 3508 1107 3570 animalibus
1128 3529 1221 3589 quam
1254 3508 1287 3568 in
1311 3509 1445 3588 pecunia
1466 3515 1640 3581 numerata,

404 3614 506 3677 eidem
541 3619 574 3675 et
611 3613 697 3673 dicto
731 3614 923 3674 monasterio
960 3613 1123 3692 obligatos,
1152 3632 1284 3693 quorum
1319 3612 1472 3685 nonnulli,
1516 3614 1551 3672 in
1585 3618 1641 3675 tuo

405 3720 560 3780 decanatu
588 3724 624 3779 ut
646 3718 761 3779 dicitur
792 3723 1032 3789 commorantes,
1058 3718 1163 3779 debita
1191 3719 1371 3798 hujusmodi
1405 3724 1478 3798 post
1506 3724 1640 3781 mortem

405 3824 482 3885 dicti
513 3825 619 3886 fratris
660 3824 792 3885 inficiari
828 3823 957 3885 minime
997 3825 1194 3897 erubescunt,
1238 3846 1298 3905 que
1328 3826 1361 3885 in
1402 3826 1467 3886 rita
1498 3826 1639 3905 ejusdem

405 3932 541 3993 dilucide
582 3931 770 3993 fatebantur.
827 3930 980 4004 Quocirca
1025 3930 1081 3991 tibi
1120 3930 1347 3991 committimus
1383 3934 1415 3990 et
1453 3931 1639 3991 mandamus

406 4037 556 4118 quatinus
591 4037 701 4099 diebus
729 4036 906 4097 Dominicis
940 4040 973 4097 et
1000 4034 1122 4096 festivis
1156 4036 1189 4095 in
1210 4035 1350 4096 ecclesiis
1378 4036 1424 4096 tui
1459 4036 1639 4107 decanatus,

404 4141 521 4221 quibus
542 4162 598 4221 per
625 4146 748 4220 partem
776 4140 932 4202 dictomm
960 4140 1175 4219 religiosomm
1203 4140 1299 4201 fueris
1347 4159 1482 4219 congrue
1511 4140 1640 4220 requisi-

405 4252 468 4318 tus,
490 4266 619 4307 moneas
647 4252 679 4307 et
711 4246 851 4317 inducas,
875 4265 932 4305 seu
954 4246 1075 4307 moneri
1099 4244 1196 4307 facias
1227 4245 1431 4306 consimiliter
1458 4249 1490 4306 et
1524 4246 1639 4319 induci,

405 4352 465 4414 sub
485 4372 567 4432 pena
591 4350 929 4413 excommunicacionis
959 4351 1088 4429 majoris
1119 4372 1230 4413 omncs
1251 4357 1283 4412 et
1312 4351 1450 4431 singulos
1478 4352 1532 4432 qui
1554 4352 1639 4432 quic·

405 4478 501 4539 quam
533 4458 571 4519 de
602 4456 693 4517 bonis
721 4456 934 4536 predictorum
959 4456 1173 4536 religiosorum
1203 4456 1235 4515 in
1259 4456 1401 4517 custodia
1431 4457 1507 4517 dicti
1535 4457 1640 4519 fratris

406 4562 563 4625 Johannis
595 4562 670 4623 dum
695 4562 773 4623 vixit
797 4561 1005 4623 existentibus
1037 4567 1110 4622 ante
1137 4567 1271 4622 mortem
1300 4582 1389 4623 suam
1418 4561 1466 4623 vel
1493 4568 1566 4641 post
1594 4562 1639 4623 in·

406 4670 511 4731 debite
535 4669 766 4740 subtraxerunt,
795 4688 852 4729 seu
874 4668 976 4729 eidem
1005 4667 1192 4729 tenebantur
1216 4668 1249 4727 in
1272 4668 1376 4748 aliquo
1400 4668 1537 4748 obligati,
1558 4670 1642 4750 quod

406 4775 515 4837 eadem
540 4774 623 4835 bona
642 4779 675 4834 et
697 4773 803 4834 debita
823 4777 1058 4853 recognoscant,
1080 4778 1112 4834 et
1131 4772 1261 4852 prefatis
1283 4773 1436 4853 religiosis
1457 4774 1495 4833 de
1514 4774 1642 4847 eisdem,

405 4886 442 4941 ut
466 4883 623 4951 tenentur,
646 4877 843 4940 satisfaciant
867 4878 1015 4939 indilate:
1037 4878 1198 4958 inquirens
1217 4878 1381 4958 diligenter
1405 4879 1444 4939 de
1461 4878 1642 4943 nominibus

406 4986 577 5048 eonmdem
599 4985 833 5046 debitorumet
820 4984 1090 5063 toccupancium,
1115 4990 1151 5045 ut
1175 4984 1368 5063 premitur
1276 4984 1368 5045 ttitur
1370 4984 1469 5064 ,ipsa
1492 4984 1583 5058 bona,
1609 4992 1642 5049 et

940 5120 1116 5165 1·-.Seerl³1.
