<?xml version="1.0" encoding="UTF-8"?>
<!DOCTYPE html PUBLIC "-//W3C//DTD XHTML 1.0 Transitional//EN"
    "http://www.w3.org/TR/xhtml1/DTD/xhtml1-transitional.dtd">
<html xmlns="http://www.w3.org/1999/xhtml" xml:lang="en" lang="en">
 <head>
  <title>
</title>
<meta http-equiv="Content-Type" content="text/html;charset=utf-8" />
  <meta name='ocr-system' content='tesseract 3.04.00' />
  <meta name='ocr-capabilities' content='ocr_page ocr_carea ocr_par ocr_line ocrx_word'/>
</head>
<body>
  <div class='ocr_page' id='page_1' title='image "./registrumadedeo00banngoog_0225.png"; bbox 0 0 3850 5917; ppageno 0'>
   <div class='ocr_carea' id='block_1_1' title="bbox 377 692 1242 772">
    <p class='ocr_par' dir='ltr' id='par_1_1' title="bbox 377 692 1242 772">
     <span class='ocr_line' id='line_1_1' title="bbox 377 692 1242 772; baseline 0.003 -21"><span class='ocrx_word' id='word_1_1' title='bbox 377 693 438 752; x_wconf 92' lang='grc'><strong>160</strong></span> <span class='ocrx_word' id='word_1_2' title='bbox 753 692 933 772; x_wconf 70' lang='lat' dir='ltr'><strong>Ropistrum</strong></span> <span class='ocrx_word' id='word_1_3' title='bbox 960 693 1025 754; x_wconf 80' lang='lat' dir='ltr'><strong>Ado</strong></span> <span class='ocrx_word' id='word_1_4' title='bbox 1052 694 1089 754; x_wconf 86' lang='lat' dir='ltr'><strong>de</strong></span> <span class='ocrx_word' id='word_1_5' title='bbox 1119 694 1242 754; x_wconf 82' lang='grc'><strong>0116166</strong></span> 
     </span>
    </p>
   </div>
   <div class='ocr_carea' id='block_1_2' title="bbox 205 917 1618 4689">
    <p class='ocr_par' dir='ltr' id='par_1_2' title="bbox 205 917 1618 4689">
     <span class='ocr_line' id='line_1_2' title="bbox 205 917 1617 998; baseline 0 -19"><span class='ocrx_word' id='word_1_6' title='bbox 205 925 334 964; x_wconf 57' lang='grc'><strong>1111311-</strong></span> <span class='ocrx_word' id='word_1_7' title='bbox 376 917 536 988; x_wconf 83' lang='lat' dir='ltr'><strong>effectum,</strong></span> <span class='ocrx_word' id='word_1_8' title='bbox 558 917 645 978; x_wconf 89' lang='lat' dir='ltr'><strong>salva</strong></span> <span class='ocrx_word' id='word_1_9' title='bbox 668 918 768 989; x_wconf 88' lang='lat' dir='ltr'><strong>nobis,</strong></span> <span class='ocrx_word' id='word_1_10' title='bbox 798 917 1032 979; x_wconf 87' lang='lat' dir='ltr'><strong>successoribus</strong></span> <span class='ocrx_word' id='word_1_11' title='bbox 1056 919 1182 990; x_wconf 89' lang='lat' dir='ltr'><strong>nostris,</strong></span> <span class='ocrx_word' id='word_1_12' title='bbox 1205 939 1241 979; x_wconf 85' lang='lat' dir='ltr'><strong>ac</strong></span> <span class='ocrx_word' id='word_1_13' title='bbox 1270 919 1399 979; x_wconf 90' lang='lat' dir='ltr'><strong>Decano</strong></span> <span class='ocrx_word' id='word_1_14' title='bbox 1417 923 1449 978; x_wconf 91' lang='lat' dir='ltr'><strong>et</strong></span> <span class='ocrx_word' id='word_1_15' title='bbox 1470 917 1617 998; x_wconf 85' lang='lat' dir='ltr'><strong>Capitulo</strong></span> 
     </span>
     <span class='ocr_line' id='line_1_3' title="bbox 377 1022 1617 1103; baseline 0 -20"><span class='ocrx_word' id='word_1_16' title='bbox 377 1023 509 1084; x_wconf 87' lang='lat' dir='ltr'><strong>ecclesie</strong></span> <span class='ocrx_word' id='word_1_17' title='bbox 542 1028 650 1084; x_wconf 91' lang='lat' dir='ltr'><strong>nostre</strong></span> <span class='ocrx_word' id='word_1_18' title='bbox 677 1023 827 1103; x_wconf 88' lang='lat' dir='ltr'><strong>predicte,</strong></span> <span class='ocrx_word' id='word_1_19' title='bbox 861 1043 967 1083; x_wconf 90' lang='lat' dir='ltr'><strong>annua</strong></span> <span class='ocrx_word' id='word_1_20' title='bbox 991 1023 1143 1103; x_wconf 86' lang='lat' dir='ltr'>pensione</span> <span class='ocrx_word' id='word_1_21' title='bbox 1180 1023 1308 1083; x_wconf 86' lang='lat' dir='ltr'><strong>dimidie</strong></span> <span class='ocrx_word' id='word_1_22' title='bbox 1344 1043 1448 1082; x_wconf 90' lang='lat' dir='ltr'><strong>maroe</strong></span> <span class='ocrx_word' id='word_1_23' title='bbox 1476 1022 1557 1084; x_wconf 91' lang='lat' dir='ltr'><strong>bone</strong></span> <span class='ocrx_word' id='word_1_24' title='bbox 1584 1027 1617 1084; x_wconf 88' lang='grc'><strong>61</strong></span> 
     </span>
     <span class='ocr_line' id='line_1_4' title="bbox 377 1127 1616 1208; baseline 0.001 -21"><span class='ocrx_word' id='word_1_25' title='bbox 377 1128 487 1208; x_wconf 80' lang='lat' dir='ltr'><strong>legalis</strong></span> <span class='ocrx_word' id='word_1_26' title='bbox 506 1134 641 1199; x_wconf 91' lang='lat' dir='ltr'><strong>monete,</strong></span> <span class='ocrx_word' id='word_1_27' title='bbox 667 1148 761 1208; x_wconf 89' lang='lat' dir='ltr'><strong>quam</strong></span> <span class='ocrx_word' id='word_1_28' title='bbox 782 1128 815 1187; x_wconf 91' lang='lat' dir='ltr'><strong>in</strong></span> <span class='ocrx_word' id='word_1_29' title='bbox 839 1128 1167 1207; x_wconf 73' lang='lat' dir='ltr'><strong>recompensacionem</strong></span> <span class='ocrx_word' id='word_1_30' title='bbox 1185 1127 1354 1199; x_wconf 87' lang='lat' dir='ltr'><strong>fructuum,</strong></span> <span class='ocrx_word' id='word_1_31' title='bbox 1377 1127 1616 1201; x_wconf 87' lang='lat' dir='ltr'><strong>obvencionum,</strong></span> 
     </span>
     <span class='ocr_line' id='line_1_5' title="bbox 373 1233 1615 1313; baseline 0.002 -21"><span class='ocrx_word' id='word_1_32' title='bbox 373 1239 595 1313; x_wconf 74' lang='lat' dir='ltr'><strong>proventuum,</strong></span> <span class='ocrx_word' id='word_1_33' title='bbox 633 1239 666 1294; x_wconf 91' lang='grc'><strong>61</strong></span> <span class='ocrx_word' id='word_1_34' title='bbox 694 1253 953 1313; x_wconf 90' lang='lat' dir='ltr'><strong>quorumcunque</strong></span> <span class='ocrx_word' id='word_1_35' title='bbox 981 1233 1266 1294; x_wconf 75' lang='lat' dir='ltr'><strong>emolumentorum</strong></span> <span class='ocrx_word' id='word_1_36' title='bbox 1294 1254 1355 1313; x_wconf 88' lang='lat' dir='ltr'><strong>qus</strong></span> <span class='ocrx_word' id='word_1_37' title='bbox 1391 1253 1449 1294; x_wconf 92' lang='lat' dir='ltr'><strong>nos</strong></span> <span class='ocrx_word' id='word_1_38' title='bbox 1484 1238 1516 1294; x_wconf 91' lang='lat' dir='ltr'><strong>et</strong></span> <span class='ocrx_word' id='word_1_39' title='bbox 1546 1253 1615 1296; x_wconf 91' lang='lat' dir='ltr'><strong>suc-</strong></span> 
     </span>
     <span class='ocr_line' id='line_1_6' title="bbox 374 1333 1617 1419; baseline 0.001 -20"><span class='ocrx_word' id='word_1_40' title='bbox 374 1358 516 1399; x_wconf 88' lang='lat' dir='ltr'><strong>cessores</strong></span> <span class='ocrx_word' id='word_1_41' title='bbox 552 1339 662 1410; x_wconf 90' lang='lat' dir='ltr'><strong>nostri,</strong></span> <span class='ocrx_word' id='word_1_42' title='bbox 698 1339 779 1400; x_wconf 85' lang='lat' dir='ltr'><strong>Sede</strong></span> <span class='ocrx_word' id='word_1_43' title='bbox 816 1339 1042 1400; x_wconf 88' lang='lat' dir='ltr'><strong>Sarisburiensi</strong></span> <span class='ocrx_word' id='word_1_44' title='bbox 1069 1333 1182 1419; x_wconf 84' lang='lat' dir='ltr'><strong>plena,</strong></span> <span class='ocrx_word' id='word_1_45' title='bbox 1225 1360 1261 1400; x_wconf 87' lang='grc'><strong>66</strong></span> <span class='ocrx_word' id='word_1_46' title='bbox 1300 1340 1448 1400; x_wconf 82' lang='lat' dir='ltr'><strong>Decanus</strong></span> <span class='ocrx_word' id='word_1_47' title='bbox 1486 1344 1518 1400; x_wconf 92' lang='grc'><strong>61</strong></span> <span class='ocrx_word' id='word_1_48' title='bbox 1556 1339 1617 1400; x_wconf 91' lang='grc'><strong>1661</strong></span> 
     </span>
     <span class='ocr_line' id='line_1_7' title="bbox 377 1445 1617 1526; baseline 0 -20"><span class='ocrx_word' id='word_1_49' title='bbox 377 1445 568 1525; x_wconf 91' lang='lat' dir='ltr'><strong>Capitulum,</strong></span> <span class='ocrx_word' id='word_1_50' title='bbox 590 1447 699 1507; x_wconf 88' lang='lat' dir='ltr'><strong>eadem</strong></span> <span class='ocrx_word' id='word_1_51' title='bbox 723 1446 803 1507; x_wconf 86' lang='lat' dir='ltr'><strong>Sede</strong></span> <span class='ocrx_word' id='word_1_52' title='bbox 824 1452 966 1517; x_wconf 90' lang='lat' dir='ltr'><strong>vacante,</strong></span> <span class='ocrx_word' id='word_1_53' title='bbox 981 1446 1106 1507; x_wconf 90' lang='lat' dir='ltr'><strong>racione</strong></span> <span class='ocrx_word' id='word_1_54' title='bbox 1123 1451 1155 1507; x_wconf 90' lang='lat' dir='ltr'><strong>et</strong></span> <span class='ocrx_word' id='word_1_55' title='bbox 1176 1451 1318 1526; x_wconf 90' lang='lat' dir='ltr'><strong>tempore</strong></span> <span class='ocrx_word' id='word_1_56' title='bbox 1335 1445 1512 1507; x_wconf 81' lang='lat' dir='ltr'><strong>vocacionis</strong></span> <span class='ocrx_word' id='word_1_57' title='bbox 1533 1445 1617 1507; x_wconf 90' lang='lat' dir='ltr'><strong>dicte</strong></span> 
     </span>
     <span class='ocr_line' id='line_1_8' title="bbox 375 1550 1617 1631; baseline 0 -19"><span class='ocrx_word' id='word_1_58' title='bbox 375 1550 507 1612; x_wconf 85' lang='lat' dir='ltr'><strong>ecclesie</strong></span> <span class='ocrx_word' id='word_1_59' title='bbox 545 1551 584 1611; x_wconf 92' lang='lat' dir='ltr'><strong>de</strong></span> <span class='ocrx_word' id='word_1_60' title='bbox 624 1550 834 1630; x_wconf 84' lang='lat' dir='ltr'><strong>Schenygleld</strong></span> <span class='ocrx_word' id='word_1_61' title='bbox 864 1571 937 1611; x_wconf 90' lang='lat' dir='ltr'><strong>oum</strong></span> <span class='ocrx_word' id='word_1_62' title='bbox 981 1551 1100 1630; x_wconf 85' lang='lat' dir='ltr'><strong>capelia</strong></span> <span class='ocrx_word' id='word_1_63' title='bbox 1142 1551 1293 1631; x_wconf 89' lang='lat' dir='ltr'><strong>predicta,</strong></span> <span class='ocrx_word' id='word_1_64' title='bbox 1328 1551 1445 1611; x_wconf 88' lang='lat' dir='ltr'><strong>virtute</strong></span> <span class='ocrx_word' id='word_1_65' title='bbox 1487 1551 1617 1630; x_wconf 86' lang='lat' dir='ltr'><strong>antique</strong></span> 
     </span>
     <span class='ocr_line' id='line_1_9' title="bbox 376 1656 1617 1738; baseline 0 -21"><span class='ocrx_word' id='word_1_66' title='bbox 376 1659 550 1738; x_wconf 86' lang='lat' dir='ltr'><strong>prescripto</strong></span> <span class='ocrx_word' id='word_1_67' title='bbox 571 1663 603 1718; x_wconf 90' lang='lat' dir='ltr'><strong>et</strong></span> <span class='ocrx_word' id='word_1_68' title='bbox 628 1657 799 1737; x_wconf 91' lang='lat' dir='ltr'><strong>approbate</strong></span> <span class='ocrx_word' id='word_1_69' title='bbox 824 1656 1062 1718; x_wconf 77' lang='lat' dir='ltr'><strong>consuetudinis</strong></span> <span class='ocrx_word' id='word_1_70' title='bbox 1083 1656 1117 1715; x_wconf 94' lang='lat' dir='ltr'><strong>in</strong></span> <span class='ocrx_word' id='word_1_71' title='bbox 1138 1661 1246 1717; x_wconf 90' lang='lat' dir='ltr'><strong>nostra</strong></span> <span class='ocrx_word' id='word_1_72' title='bbox 1271 1656 1412 1736; x_wconf 90' lang='lat' dir='ltr'><strong>predicta</strong></span> <span class='ocrx_word' id='word_1_73' title='bbox 1433 1656 1558 1726; x_wconf 85' lang='lat' dir='ltr'><strong>diocesi,</strong></span> <span class='ocrx_word' id='word_1_74' title='bbox 1584 1660 1617 1717; x_wconf 86' lang='lat' dir='ltr'><strong>et</strong></span> 
     </span>
     <span class='ocr_line' id='line_1_10' title="bbox 374 1761 1618 1843; baseline 0.001 -21"><span class='ocrx_word' id='word_1_75' title='bbox 374 1765 530 1824; x_wconf 88' lang='lat' dir='ltr'><strong>hactonus</strong></span> <span class='ocrx_word' id='word_1_76' title='bbox 546 1763 682 1843; x_wconf 69' lang='lat' dir='ltr'><strong>‚pacifice</strong></span> <span class='ocrx_word' id='word_1_77' title='bbox 714 1763 888 1833; x_wconf 88' lang='lat' dir='ltr'><strong>observate,</strong></span> <span class='ocrx_word' id='word_1_78' title='bbox 911 1782 1077 1842; x_wconf 90' lang='lat' dir='ltr'><strong>possemus</strong></span> <span class='ocrx_word' id='word_1_79' title='bbox 1099 1761 1213 1823; x_wconf 76' lang='lat' dir='ltr'><strong>futuris</strong></span> <span class='ocrx_word' id='word_1_80' title='bbox 1238 1761 1442 1842; x_wconf 88' lang='lat' dir='ltr'><strong>temporibus,</strong></span> <span class='ocrx_word' id='word_1_81' title='bbox 1465 1768 1496 1823; x_wconf 90' lang='lat' dir='ltr'><strong>et</strong></span> <span class='ocrx_word' id='word_1_82' title='bbox 1517 1763 1618 1823; x_wconf 89' lang='lat' dir='ltr'><strong>eciam</strong></span> 
     </span>
     <span class='ocr_line' id='line_1_11' title="bbox 377 1866 1618 1947; baseline 0.002 -19"><span class='ocrx_word' id='word_1_83' title='bbox 377 1868 562 1929; x_wconf 87' lang='lat' dir='ltr'><strong>deberemus</strong></span> <span class='ocrx_word' id='word_1_84' title='bbox 586 1868 755 1947; x_wconf 85' lang='lat' dir='ltr'><strong>percipere,</strong></span> <span class='ocrx_word' id='word_1_85' title='bbox 778 1868 805 1928; x_wconf 92' lang='lat' dir='ltr'><strong>si</strong></span> <span class='ocrx_word' id='word_1_86' title='bbox 827 1866 989 1928; x_wconf 87' lang='lat' dir='ltr'><strong>concessio</strong></span> <span class='ocrx_word' id='word_1_87' title='bbox 1011 1871 1043 1927; x_wconf 89' lang='lat' dir='ltr'><strong>et</strong></span> <span class='ocrx_word' id='word_1_88' title='bbox 1067 1867 1234 1946; x_wconf 89' lang='lat' dir='ltr'><strong>deputacio</strong></span> <span class='ocrx_word' id='word_1_89' title='bbox 1258 1868 1397 1946; x_wconf 89' lang='lat' dir='ltr'><strong>predicte</strong></span> <span class='ocrx_word' id='word_1_90' title='bbox 1421 1888 1486 1928; x_wconf 93' lang='lat' dir='ltr'><strong>non</strong></span> <span class='ocrx_word' id='word_1_91' title='bbox 1510 1874 1618 1930; x_wconf 84' lang='lat' dir='ltr'><strong>essent</strong></span> 
     </span>
     <span class='ocr_line' id='line_1_12' title="bbox 375 1973 1618 2052; baseline 0.004 -20"><span class='ocrx_word' id='word_1_92' title='bbox 375 1973 467 2043; x_wconf 84' lang='lat' dir='ltr'><strong>facte,</strong></span> <span class='ocrx_word' id='word_1_93' title='bbox 500 1973 724 2044; x_wconf 75' lang='lat' dir='ltr'><strong>ordinavimus,</strong></span> <span class='ocrx_word' id='word_1_94' title='bbox 756 1977 788 2033; x_wconf 94' lang='grc'><strong>61</strong></span> <span class='ocrx_word' id='word_1_95' title='bbox 817 1978 927 2033; x_wconf 85' lang='grc'><strong>1611616</strong></span> <span class='ocrx_word' id='word_1_96' title='bbox 955 1973 1155 2052; x_wconf 91' lang='lat' dir='ltr'><strong>presencium</strong></span> <span class='ocrx_word' id='word_1_97' title='bbox 1183 1973 1365 2034; x_wconf 88' lang='lat' dir='ltr'><strong>ordinamus</strong></span> <span class='ocrx_word' id='word_1_98' title='bbox 1393 1974 1432 2035; x_wconf 93' lang='lat' dir='ltr'><strong>de</strong></span> <span class='ocrx_word' id='word_1_99' title='bbox 1461 1995 1618 2038; x_wconf 86' lang='lat' dir='ltr'><strong>consensu</strong></span> 
     </span>
     <span class='ocr_line' id='line_1_13' title="bbox 376 2077 1617 2162; baseline 0.002 -22"><span class='ocrx_word' id='word_1_100' title='bbox 376 2085 409 2140; x_wconf 90' lang='grc'><strong>61</strong></span> <span class='ocrx_word' id='word_1_101' title='bbox 433 2082 596 2139; x_wconf 91' lang='lat' dir='ltr'><strong>voluntate</strong></span> <span class='ocrx_word' id='word_1_102' title='bbox 630 2078 817 2139; x_wconf 90' lang='lat' dir='ltr'><strong>venerabilis</strong></span> <span class='ocrx_word' id='word_1_103' title='bbox 845 2077 954 2157; x_wconf 93' lang='lat' dir='ltr'><strong>patris,</strong></span> <span class='ocrx_word' id='word_1_104' title='bbox 987 2077 1107 2138; x_wconf 89' lang='lat' dir='ltr'><strong>domini</strong></span> <span class='ocrx_word' id='word_1_105' title='bbox 1138 2077 1214 2148; x_wconf 87' lang='lat' dir='ltr'><strong>Ade,</strong></span> <span class='ocrx_word' id='word_1_106' title='bbox 1246 2079 1307 2139; x_wconf 93' lang='lat' dir='ltr'><strong>Dei</strong></span> <span class='ocrx_word' id='word_1_107' title='bbox 1338 2080 1441 2158; x_wconf 82' lang='lat' dir='ltr'><strong>gracia</strong></span> <span class='ocrx_word' id='word_1_108' title='bbox 1466 2081 1617 2162; x_wconf 84' lang='lat' dir='ltr'><strong>Episcopi</strong></span> 
     </span>
     <span class='ocr_line' id='line_1_14' title="bbox 376 2183 1617 2262; baseline 0.002 -19"><span class='ocrx_word' id='word_1_109' title='bbox 376 2184 641 2254; x_wconf 87' lang='lat' dir='ltr'><strong>Hereiordiensis,</strong></span> <span class='ocrx_word' id='word_1_110' title='bbox 662 2189 695 2244; x_wconf 90' lang='lat' dir='ltr'><strong>et</strong></span> <span class='ocrx_word' id='word_1_111' title='bbox 716 2183 777 2244; x_wconf 91' lang='lat' dir='ltr'><strong>loci</strong></span> <span class='ocrx_word' id='word_1_112' title='bbox 798 2184 946 2262; x_wconf 81' lang='lat' dir='ltr'><strong>Capituli,</strong></span> <span class='ocrx_word' id='word_1_113' title='bbox 968 2189 1000 2244; x_wconf 91' lang='lat' dir='ltr'><strong>et</strong></span> <span class='ocrx_word' id='word_1_114' title='bbox 1028 2183 1127 2244; x_wconf 86' lang='lat' dir='ltr'><strong>eciam</strong></span> <span class='ocrx_word' id='word_1_115' title='bbox 1151 2185 1288 2245; x_wconf 87' lang='lat' dir='ltr'><strong>tenentis</strong></span> <span class='ocrx_word' id='word_1_116' title='bbox 1317 2185 1420 2245; x_wconf 91' lang='lat' dir='ltr'><strong>locum</strong></span> <span class='ocrx_word' id='word_1_117' title='bbox 1443 2186 1563 2246; x_wconf 89' lang='lat' dir='ltr'><strong>Decani</strong></span> <span class='ocrx_word' id='word_1_118' title='bbox 1585 2193 1617 2246; x_wconf 89' lang='lat' dir='ltr'><strong>et</strong></span> 
     </span>
     <span class='ocr_line' id='line_1_15' title="bbox 381 2289 1618 2371; baseline 0.002 -20"><span class='ocrx_word' id='word_1_119' title='bbox 381 2291 520 2371; x_wconf 90' lang='lat' dir='ltr'><strong>Capituli</strong></span> <span class='ocrx_word' id='word_1_120' title='bbox 543 2291 673 2352; x_wconf 90' lang='lat' dir='ltr'><strong>ecclesie</strong></span> <span class='ocrx_word' id='word_1_121' title='bbox 693 2295 801 2351; x_wconf 88' lang='lat' dir='ltr'><strong>nostre</strong></span> <span class='ocrx_word' id='word_1_122' title='bbox 832 2289 1084 2360; x_wconf 72' lang='lat' dir='ltr'><strong>sarisburiensis,</strong></span> <span class='ocrx_word' id='word_1_123' title='bbox 1106 2291 1145 2350; x_wconf 93' lang='lat' dir='ltr'><strong>de</strong></span> <span class='ocrx_word' id='word_1_124' title='bbox 1166 2290 1366 2370; x_wconf 90' lang='lat' dir='ltr'><strong>porcionibus</strong></span> <span class='ocrx_word' id='word_1_125' title='bbox 1395 2293 1502 2352; x_wconf 88' lang='lat' dir='ltr'><strong>vicarii</strong></span> <span class='ocrx_word' id='word_1_126' title='bbox 1533 2293 1618 2355; x_wconf 89' lang='lat' dir='ltr'><strong>dicte</strong></span> 
     </span>
     <span class='ocr_line' id='line_1_16' title="bbox 378 2395 1617 2477; baseline 0.002 -20"><span class='ocrx_word' id='word_1_127' title='bbox 378 2397 510 2457; x_wconf 90' lang='lat' dir='ltr'><strong>ecclesie</strong></span> <span class='ocrx_word' id='word_1_128' title='bbox 531 2396 570 2456; x_wconf 93' lang='lat' dir='ltr'><strong>de</strong></span> <span class='ocrx_word' id='word_1_129' title='bbox 592 2395 811 2476; x_wconf 85' lang='lat' dir='ltr'><strong>Schenygield,</strong></span> <span class='ocrx_word' id='word_1_130' title='bbox 834 2395 888 2475; x_wconf 91' lang='lat' dir='ltr'><strong>qui</strong></span> <span class='ocrx_word' id='word_1_131' title='bbox 909 2415 966 2475; x_wconf 92' lang='lat' dir='ltr'><strong>pro</strong></span> <span class='ocrx_word' id='word_1_132' title='bbox 989 2401 1130 2475; x_wconf 86' lang='lat' dir='ltr'><strong>tempore</strong></span> <span class='ocrx_word' id='word_1_133' title='bbox 1151 2395 1254 2468; x_wconf 87' lang='lat' dir='ltr'><strong>inerit,</strong></span> <span class='ocrx_word' id='word_1_134' title='bbox 1278 2417 1339 2476; x_wconf 92' lang='lat' dir='ltr'><strong>que</strong></span> <span class='ocrx_word' id='word_1_135' title='bbox 1361 2417 1398 2458; x_wconf 90' lang='lat' dir='ltr'><strong>eo</strong></span> <span class='ocrx_word' id='word_1_136' title='bbox 1417 2403 1563 2477; x_wconf 86' lang='lat' dir='ltr'><strong>pretextu</strong></span> <span class='ocrx_word' id='word_1_137' title='bbox 1584 2399 1617 2459; x_wconf 92' lang='lat' dir='ltr'><strong>in</strong></span> 
     </span>
     <span class='ocr_line' id='line_1_17' title="bbox 378 2502 1616 2580; baseline 0.002 -17"><span class='ocrx_word' id='word_1_138' title='bbox 378 2508 469 2563; x_wconf 92' lang='lat' dir='ltr'><strong>tanto</strong></span> <span class='ocrx_word' id='word_1_139' title='bbox 496 2503 655 2563; x_wconf 88' lang='lat' dir='ltr'><strong>uberiores</strong></span> <span class='ocrx_word' id='word_1_140' title='bbox 687 2503 837 2572; x_wconf 84' lang='lat' dir='ltr'><strong>existunt,</strong></span> <span class='ocrx_word' id='word_1_141' title='bbox 872 2507 905 2562; x_wconf 92' lang='lat' dir='ltr'><strong>et</strong></span> <span class='ocrx_word' id='word_1_142' title='bbox 935 2502 1147 2580; x_wconf 85' lang='lat' dir='ltr'><strong>pereundam</strong></span> <span class='ocrx_word' id='word_1_143' title='bbox 1177 2503 1328 2562; x_wconf 88' lang='lat' dir='ltr'><strong>vicarium</strong></span> <span class='ocrx_word' id='word_1_144' title='bbox 1358 2505 1508 2564; x_wconf 89' lang='lat' dir='ltr'><strong>canonico</strong></span> <span class='ocrx_word' id='word_1_145' title='bbox 1533 2525 1616 2565; x_wconf 93' lang='lat' dir='ltr'><strong>com-</strong></span> 
     </span>
     <span class='ocr_line' id='line_1_18' title="bbox 381 2606 1617 2689; baseline 0.003 -23"><span class='ocrx_word' id='word_1_146' title='bbox 381 2608 526 2668; x_wconf 90' lang='lat' dir='ltr'><strong>munario</strong></span> <span class='ocrx_word' id='word_1_147' title='bbox 560 2613 668 2668; x_wconf 86' lang='lat' dir='ltr'><strong>nostre</strong></span> <span class='ocrx_word' id='word_1_148' title='bbox 702 2606 833 2668; x_wconf 90' lang='lat' dir='ltr'><strong>ecclesie</strong></span> <span class='ocrx_word' id='word_1_149' title='bbox 866 2606 1118 2678; x_wconf 85' lang='lat' dir='ltr'><strong>Sarisburiensis,</strong></span> <span class='ocrx_word' id='word_1_150' title='bbox 1160 2607 1214 2686; x_wconf 92' lang='lat' dir='ltr'><strong>qui</strong></span> <span class='ocrx_word' id='word_1_151' title='bbox 1248 2627 1305 2687; x_wconf 90' lang='lat' dir='ltr'><strong>pro</strong></span> <span class='ocrx_word' id='word_1_152' title='bbox 1336 2613 1478 2689; x_wconf 88' lang='lat' dir='ltr'><strong>tempore</strong></span> <span class='ocrx_word' id='word_1_153' title='bbox 1513 2609 1617 2682; x_wconf 85' lang='lat' dir='ltr'><strong>inerit,</strong></span> 
     </span>
     <span class='ocr_line' id='line_1_19' title="bbox 378 2712 1616 2794; baseline 0.002 -19"><span class='ocrx_word' id='word_1_154' title='bbox 378 2719 411 2775; x_wconf 91' lang='lat' dir='ltr'><strong>et</strong></span> <span class='ocrx_word' id='word_1_155' title='bbox 450 2734 507 2794; x_wconf 88' lang='lat' dir='ltr'><strong>per</strong></span> <span class='ocrx_word' id='word_1_156' title='bbox 535 2734 607 2774; x_wconf 93' lang='lat' dir='ltr'><strong>eum</strong></span> <span class='ocrx_word' id='word_1_157' title='bbox 636 2713 742 2793; x_wconf 91' lang='lat' dir='ltr'><strong>pueris</strong></span> <span class='ocrx_word' id='word_1_158' title='bbox 775 2712 922 2773; x_wconf 91' lang='lat' dir='ltr'><strong>choristis</strong></span> <span class='ocrx_word' id='word_1_159' title='bbox 953 2713 1096 2791; x_wconf 83' lang='lat' dir='ltr'><strong>ejusdem</strong></span> <span class='ocrx_word' id='word_1_160' title='bbox 1125 2712 1255 2773; x_wconf 88' lang='lat' dir='ltr'><strong>ecclesie</strong></span> <span class='ocrx_word' id='word_1_161' title='bbox 1290 2713 1324 2772; x_wconf 94' lang='lat' dir='ltr'><strong>in</strong></span> <span class='ocrx_word' id='word_1_162' title='bbox 1345 2714 1520 2775; x_wconf 89' lang='lat' dir='ltr'><strong>subsidium</strong></span> <span class='ocrx_word' id='word_1_163' title='bbox 1549 2737 1616 2778; x_wconf 88' lang='lat' dir='ltr'><strong>sus·</strong></span> 
     </span>
     <span class='ocr_line' id='line_1_20' title="bbox 377 2817 1617 2899; baseline -0.001 -18"><span class='ocrx_word' id='word_1_164' title='bbox 377 2820 567 2881; x_wconf 90' lang='lat' dir='ltr'><strong>tentaoionis</strong></span> <span class='ocrx_word' id='word_1_165' title='bbox 588 2839 706 2890; x_wconf 86' lang='lat' dir='ltr'><strong>eornm,</strong></span> <span class='ocrx_word' id='word_1_166' title='bbox 727 2819 761 2877; x_wconf 93' lang='lat' dir='ltr'><strong>in</strong></span> <span class='ocrx_word' id='word_1_167' title='bbox 784 2818 866 2879; x_wconf 81' lang='lat' dir='ltr'><strong>festo</strong></span> <span class='ocrx_word' id='word_1_168' title='bbox 895 2817 1162 2878; x_wconf 88' lang='lat' dir='ltr'><strong>Annunciaoionis</strong></span> <span class='ocrx_word' id='word_1_169' title='bbox 1187 2818 1353 2879; x_wconf 90' lang='lat' dir='ltr'><strong>Dominice</strong></span> <span class='ocrx_word' id='word_1_170' title='bbox 1384 2819 1617 2899; x_wconf 88' lang='lat' dir='ltr'><strong>imperpetuum</strong></span> 
     </span>
     <span class='ocr_line' id='line_1_21' title="bbox 379 2923 1617 3005; baseline 0.002 -19"><span class='ocrx_word' id='word_1_171' title='bbox 379 2925 471 2986; x_wconf 88' lang='lat' dir='ltr'><strong>annis</strong></span> <span class='ocrx_word' id='word_1_172' title='bbox 493 2924 624 3004; x_wconf 86' lang='lat' dir='ltr'><strong>singulis</strong></span> <span class='ocrx_word' id='word_1_173' title='bbox 645 2923 859 3003; x_wconf 84' lang='lat' dir='ltr'><strong>persolvende.</strong></span> <span class='ocrx_word' id='word_1_174' title='bbox 919 2923 963 2983; x_wconf 85' lang='lat' dir='ltr'><strong>Et</strong></span> <span class='ocrx_word' id='word_1_175' title='bbox 984 2923 1024 2983; x_wconf 86' lang='lat' dir='ltr'><strong>ad</strong></span> <span class='ocrx_word' id='word_1_176' title='bbox 1050 2923 1251 2984; x_wconf 72' lang='lat' dir='ltr'><strong>securitatem</strong></span> <span class='ocrx_word' id='word_1_177' title='bbox 1273 2923 1414 2985; x_wconf 87' lang='lat' dir='ltr'><strong>faciende</strong></span> <span class='ocrx_word' id='word_1_178' title='bbox 1435 2925 1617 3005; x_wconf 84' lang='lat' dir='ltr'><strong>hujusmodi</strong></span> 
     </span>
     <span class='ocr_line' id='line_1_22' title="bbox 378 3029 1617 3109; baseline 0.002 -18"><span class='ocrx_word' id='word_1_179' title='bbox 378 3031 549 3091; x_wconf 88' lang='lat' dir='ltr'><strong>solucionis</strong></span> <span class='ocrx_word' id='word_1_180' title='bbox 579 3031 741 3109; x_wconf 87' lang='lat' dir='ltr'><strong>majorem,</strong></span> <span class='ocrx_word' id='word_1_181' title='bbox 778 3030 924 3090; x_wconf 85' lang='lat' dir='ltr'><strong>volumus</strong></span> <span class='ocrx_word' id='word_1_182' title='bbox 959 3033 992 3089; x_wconf 90' lang='lat' dir='ltr'><strong>et</strong></span> <span class='ocrx_word' id='word_1_183' title='bbox 1028 3029 1128 3090; x_wconf 89' lang='lat' dir='ltr'><strong>eciam</strong></span> <span class='ocrx_word' id='word_1_184' title='bbox 1164 3031 1355 3102; x_wconf 90' lang='lat' dir='ltr'><strong>ordinamus,</strong></span> <span class='ocrx_word' id='word_1_185' title='bbox 1384 3031 1423 3091; x_wconf 92' lang='lat' dir='ltr'><strong>de</strong></span> <span class='ocrx_word' id='word_1_186' title='bbox 1460 3051 1617 3094; x_wconf 90' lang='lat' dir='ltr'><strong>consensu</strong></span> 
     </span>
     <span class='ocr_line' id='line_1_23' title="bbox 377 3134 1617 3215; baseline 0.001 -18"><span class='ocrx_word' id='word_1_187' title='bbox 377 3137 564 3197; x_wconf 86' lang='lat' dir='ltr'><strong>venerabilis</strong></span> <span class='ocrx_word' id='word_1_188' title='bbox 579 3135 687 3215; x_wconf 89' lang='lat' dir='ltr'><strong>patris,</strong></span> <span class='ocrx_word' id='word_1_189' title='bbox 705 3134 825 3195; x_wconf 93' lang='lat' dir='ltr'><strong>domini</strong></span> <span class='ocrx_word' id='word_1_190' title='bbox 840 3134 991 3214; x_wconf 87' lang='lat' dir='ltr'><strong>Episcopi</strong></span> <span class='ocrx_word' id='word_1_191' title='bbox 1008 3135 1250 3196; x_wconf 89' lang='lat' dir='ltr'><strong>Hereiordensis</strong></span> <span class='ocrx_word' id='word_1_192' title='bbox 1264 3136 1406 3215; x_wconf 85' lang='lat' dir='ltr'><strong>predicti,</strong></span> <span class='ocrx_word' id='word_1_193' title='bbox 1422 3157 1458 3197; x_wconf 91' lang='grc'><strong>66</strong></span> <span class='ocrx_word' id='word_1_194' title='bbox 1478 3139 1617 3200; x_wconf 89' lang='lat' dir='ltr'><strong>tenentis</strong></span> 
     </span>
     <span class='ocr_line' id='line_1_24' title="bbox 375 3240 1617 3321; baseline 0.002 -18"><span class='ocrx_word' id='word_1_195' title='bbox 375 3243 480 3303; x_wconf 90' lang='lat' dir='ltr'><strong>locum</strong></span> <span class='ocrx_word' id='word_1_196' title='bbox 516 3242 592 3301; x_wconf 90' lang='lat' dir='ltr'><strong>dicti</strong></span> <span class='ocrx_word' id='word_1_197' title='bbox 616 3240 737 3301; x_wconf 88' lang='lat' dir='ltr'><strong>Decani</strong></span> <span class='ocrx_word' id='word_1_198' title='bbox 774 3245 807 3301; x_wconf 92' lang='lat' dir='ltr'><strong>et</strong></span> <span class='ocrx_word' id='word_1_199' title='bbox 839 3241 1057 3319; x_wconf 88' lang='lat' dir='ltr'><strong>Capitulorum</strong></span> <span class='ocrx_word' id='word_1_200' title='bbox 1098 3241 1320 3320; x_wconf 89' lang='lat' dir='ltr'><strong>predictorum,</strong></span> <span class='ocrx_word' id='word_1_201' title='bbox 1363 3243 1447 3321; x_wconf 92' lang='lat' dir='ltr'><strong>quod</strong></span> <span class='ocrx_word' id='word_1_202' title='bbox 1481 3242 1617 3306; x_wconf 90' lang='lat' dir='ltr'><strong>vicarius</strong></span> 
     </span>
     <span class='ocr_line' id='line_1_25' title="bbox 375 3345 1617 3425; baseline -0.002 -15"><span class='ocrx_word' id='word_1_203' title='bbox 375 3348 506 3410; x_wconf 81' lang='lat' dir='ltr'><strong>ecclesie</strong></span> <span class='ocrx_word' id='word_1_204' title='bbox 527 3347 567 3407; x_wconf 92' lang='lat' dir='ltr'><strong>de</strong></span> <span class='ocrx_word' id='word_1_205' title='bbox 601 3345 811 3425; x_wconf 83' lang='lat' dir='ltr'><strong>Schenygield</strong></span> <span class='ocrx_word' id='word_1_206' title='bbox 843 3351 875 3406; x_wconf 87' lang='lat' dir='ltr'><strong>et</strong></span> <span class='ocrx_word' id='word_1_207' title='bbox 903 3346 952 3406; x_wconf 91' lang='lat' dir='ltr'><strong>sui</strong></span> <span class='ocrx_word' id='word_1_208' title='bbox 974 3365 1170 3407; x_wconf 89' lang='lat' dir='ltr'><strong>successores</strong></span> <span class='ocrx_word' id='word_1_209' title='bbox 1199 3347 1231 3405; x_wconf 94' lang='lat' dir='ltr'><strong>in</strong></span> <span class='ocrx_word' id='word_1_210' title='bbox 1262 3347 1380 3416; x_wconf 89' lang='lat' dir='ltr'><strong>eadem,</strong></span> <span class='ocrx_word' id='word_1_211' title='bbox 1410 3347 1519 3408; x_wconf 88' lang='lat' dir='ltr'><strong>statim</strong></span> <span class='ocrx_word' id='word_1_212' title='bbox 1543 3369 1617 3408; x_wconf 92' lang='lat' dir='ltr'><strong>cum</strong></span> 
     </span>
     <span class='ocr_line' id='line_1_26' title="bbox 375 3453 1616 3534; baseline 0.002 -20"><span class='ocrx_word' id='word_1_213' title='bbox 375 3455 516 3516; x_wconf 90' lang='lat' dir='ltr'><strong>instituti</strong></span> <span class='ocrx_word' id='word_1_214' title='bbox 543 3454 661 3514; x_wconf 85' lang='lat' dir='ltr'><strong>fuerint</strong></span> <span class='ocrx_word' id='word_1_215' title='bbox 690 3453 724 3512; x_wconf 92' lang='lat' dir='ltr'><strong>in</strong></span> <span class='ocrx_word' id='word_1_216' title='bbox 760 3453 877 3514; x_wconf 84' lang='lat' dir='ltr'><strong>vicaria</strong></span> <span class='ocrx_word' id='word_1_217' title='bbox 906 3453 1057 3532; x_wconf 86' lang='lat' dir='ltr'><strong>predicta,</strong></span> <span class='ocrx_word' id='word_1_218' title='bbox 1089 3458 1232 3533; x_wconf 91' lang='lat' dir='ltr'><strong>prestent</strong></span> <span class='ocrx_word' id='word_1_219' title='bbox 1255 3453 1406 3533; x_wconf 88' lang='lat' dir='ltr'><strong>inspectis</strong></span> <span class='ocrx_word' id='word_1_220' title='bbox 1434 3455 1616 3534; x_wconf 87' lang='lat' dir='ltr'><strong>Evangeliis</strong></span> 
     </span>
     <span class='ocr_line' id='line_1_27' title="bbox 375 3558 1616 3641; baseline -0.001 -20"><span class='ocrx_word' id='word_1_221' title='bbox 375 3562 591 3641; x_wconf 81' lang='lat' dir='ltr'><strong>juramentum</strong></span> <span class='ocrx_word' id='word_1_222' title='bbox 620 3559 704 3639; x_wconf 93' lang='lat' dir='ltr'><strong>quod</strong></span> <span class='ocrx_word' id='word_1_223' title='bbox 731 3558 866 3619; x_wconf 89' lang='lat' dir='ltr'><strong>fideliter</strong></span> <span class='ocrx_word' id='word_1_224' title='bbox 886 3558 1010 3619; x_wconf 89' lang='lat' dir='ltr'><strong>solvent</strong></span> <span class='ocrx_word' id='word_1_225' title='bbox 1038 3559 1202 3618; x_wconf 86' lang='lat' dir='ltr'><strong>annuatim</strong></span> <span class='ocrx_word' id='word_1_226' title='bbox 1229 3559 1414 3638; x_wconf 89' lang='lat' dir='ltr'><strong>pensionem</strong></span> <span class='ocrx_word' id='word_1_227' title='bbox 1442 3561 1616 3640; x_wconf 86' lang='lat' dir='ltr'><strong>predictam</strong></span> 
     </span>
     <span class='ocr_line' id='line_1_28' title="bbox 375 3650 1616 3746; baseline 0.001 -20"><span class='ocrx_word' id='word_1_228' title='bbox 375 3650 471 3746; x_wconf 82' lang='lat' dir='ltr'><strong>prout</strong></span> <span class='ocrx_word' id='word_1_229' title='bbox 499 3665 644 3746; x_wconf 91' lang='lat' dir='ltr'><strong>superius</strong></span> <span class='ocrx_word' id='word_1_230' title='bbox 668 3664 839 3725; x_wconf 90' lang='lat' dir='ltr'><strong>ordinatur.</strong></span> <span class='ocrx_word' id='word_1_231' title='bbox 882 3664 923 3723; x_wconf 92' lang='lat' dir='ltr'><strong>In</strong></span> <span class='ocrx_word' id='word_1_232' title='bbox 950 3683 1084 3742; x_wconf 90' lang='lat' dir='ltr'><strong>quorum</strong></span> <span class='ocrx_word' id='word_1_233' title='bbox 1112 3663 1254 3724; x_wconf 90' lang='lat' dir='ltr'><strong>omnium</strong></span> <span class='ocrx_word' id='word_1_234' title='bbox 1279 3664 1496 3725; x_wconf 89' lang='lat' dir='ltr'><strong>testimonium</strong></span> <span class='ocrx_word' id='word_1_235' title='bbox 1521 3671 1616 3745; x_wconf 87' lang='lat' dir='ltr'><strong>atque</strong></span> 
     </span>
     <span class='ocr_line' id='line_1_29' title="bbox 377 3768 1616 3850; baseline 0.001 -19"><span class='ocrx_word' id='word_1_236' title='bbox 377 3772 474 3832; x_wconf 86' lang='lat' dir='ltr'><strong>fidem</strong></span> <span class='ocrx_word' id='word_1_237' title='bbox 489 3791 557 3841; x_wconf 89' lang='lat' dir='ltr'><strong>nos,</strong></span> <span class='ocrx_word' id='word_1_238' title='bbox 572 3771 722 3850; x_wconf 86' lang='lat' dir='ltr'><strong>Episcopi</strong></span> <span class='ocrx_word' id='word_1_239' title='bbox 737 3769 919 3849; x_wconf 73' lang='lat' dir='ltr'><strong>supradicti,</strong></span> <span class='ocrx_word' id='word_1_240' title='bbox 933 3774 1097 3848; x_wconf 87' lang='lat' dir='ltr'><strong>presentes</strong></span> <span class='ocrx_word' id='word_1_241' title='bbox 1110 3768 1232 3830; x_wconf 88' lang='lat' dir='ltr'><strong>litteras</strong></span> <span class='ocrx_word' id='word_1_242' title='bbox 1247 3769 1418 3848; x_wconf 85' lang='lat' dir='ltr'><strong>sigillorum</strong></span> <span class='ocrx_word' id='word_1_243' title='bbox 1435 3775 1616 3832; x_wconf 89' lang='lat' dir='ltr'><strong>nostrorum</strong></span> 
     </span>
     <span class='ocr_line' id='line_1_30' title="bbox 379 3874 1615 3956; baseline 0 -20"><span class='ocrx_word' id='word_1_244' title='bbox 379 3876 587 3956; x_wconf 87' lang='lat' dir='ltr'><strong>impressione</strong></span> <span class='ocrx_word' id='word_1_245' title='bbox 618 3875 805 3936; x_wconf 91' lang='lat' dir='ltr'><strong>communiri</strong></span> <span class='ocrx_word' id='word_1_246' title='bbox 836 3875 969 3935; x_wconf 82' lang='lat' dir='ltr'><strong>fecimus</strong></span> <span class='ocrx_word' id='word_1_247' title='bbox 1000 3880 1032 3935; x_wconf 96' lang='lat' dir='ltr'><strong>et</strong></span> <span class='ocrx_word' id='word_1_248' title='bbox 1052 3874 1152 3935; x_wconf 87' lang='lat' dir='ltr'><strong>eciam</strong></span> <span class='ocrx_word' id='word_1_249' title='bbox 1180 3874 1342 3954; x_wconf 89' lang='lat' dir='ltr'><strong>duplicari,</strong></span> <span class='ocrx_word' id='word_1_250' title='bbox 1364 3895 1497 3955; x_wconf 85' lang='lat' dir='ltr'><strong>quarum</strong></span> <span class='ocrx_word' id='word_1_251' title='bbox 1517 3896 1615 3937; x_wconf 89' lang='lat' dir='ltr'><strong>unam</strong></span> 
     </span>
     <span class='ocr_line' id='line_1_31' title="bbox 377 3980 1615 4061; baseline 0 -19"><span class='ocrx_word' id='word_1_252' title='bbox 377 4001 477 4061; x_wconf 90' lang='lat' dir='ltr'><strong>penes</strong></span> <span class='ocrx_word' id='word_1_253' title='bbox 499 3980 680 4060; x_wconf 83' lang='lat' dir='ltr'><strong>Capitulum</strong></span> <span class='ocrx_word' id='word_1_254' title='bbox 708 3980 839 4041; x_wconf 89' lang='lat' dir='ltr'><strong>ecclesie</strong></span> <span class='ocrx_word' id='word_1_255' title='bbox 861 3980 1103 4042; x_wconf 72' lang='lat' dir='ltr'><strong>sarisburiensis</strong></span> <span class='ocrx_word' id='word_1_256' title='bbox 1124 3985 1157 4040; x_wconf 91' lang='lat' dir='ltr'><strong>et</strong></span> <span class='ocrx_word' id='word_1_257' title='bbox 1188 3981 1281 4040; x_wconf 87' lang='lat' dir='ltr'><strong>aliam</strong></span> <span class='ocrx_word' id='word_1_258' title='bbox 1306 4000 1403 4060; x_wconf 89' lang='lat' dir='ltr'><strong>penes</strong></span> <span class='ocrx_word' id='word_1_259' title='bbox 1434 3982 1615 4061; x_wconf 78' lang='lat' dir='ltr'><strong>Capitulum</strong></span> 
     </span>
     <span class='ocr_line' id='line_1_32' title="bbox 377 4085 1615 4167; baseline -0.001 -18"><span class='ocrx_word' id='word_1_260' title='bbox 377 4086 509 4149; x_wconf 88' lang='lat' dir='ltr'><strong>ecclesie</strong></span> <span class='ocrx_word' id='word_1_261' title='bbox 530 4085 772 4147; x_wconf 88' lang='lat' dir='ltr'><strong>Hereiordensis</strong></span> <span class='ocrx_word' id='word_1_262' title='bbox 792 4086 938 4146; x_wconf 80' lang='lat' dir='ltr'><strong>volumus</strong></span> <span class='ocrx_word' id='word_1_263' title='bbox 966 4105 1136 4146; x_wconf 88' lang='lat' dir='ltr'><strong>remanere.</strong></span> <span class='ocrx_word' id='word_1_264' title='bbox 1190 4087 1309 4146; x_wconf 88' lang='lat' dir='ltr'><strong>Datum</strong></span> <span class='ocrx_word' id='word_1_265' title='bbox 1340 4093 1502 4148; x_wconf 83' lang='lat' dir='ltr'><strong>stantum</strong></span> <span class='ocrx_word' id='word_1_266' title='bbox 1531 4089 1615 4167; x_wconf 91' lang='lat' dir='ltr'><strong>apud</strong></span> 
     </span>
     <span class='ocr_line' id='line_1_33' title="bbox 377 4190 1614 4272; baseline 0.001 -18"><span class='ocrx_word' id='word_1_267' title='bbox 377 4193 554 4272; x_wconf 84' lang='lat' dir='ltr'><strong>Sonnygge,</strong></span> <span class='ocrx_word' id='word_1_268' title='bbox 583 4192 619 4269; x_wconf 85' lang='lat' dir='ltr'><strong>ij⁰</strong></span> <span class='ocrx_word' id='word_1_269' title='bbox 649 4192 731 4252; x_wconf 92' lang='lat' dir='ltr'><strong>Non.</strong></span> <span class='ocrx_word' id='word_1_270' title='bbox 767 4190 966 4262; x_wconf 89' lang='lat' dir='ltr'><strong>Novembris,</strong></span> <span class='ocrx_word' id='word_1_271' title='bbox 1002 4212 1085 4252; x_wconf 90' lang='lat' dir='ltr'><strong>anno</strong></span> <span class='ocrx_word' id='word_1_272' title='bbox 1114 4191 1242 4252; x_wconf 93' lang='lat' dir='ltr'><strong>Domini</strong></span> <span class='ocrx_word' id='word_1_273' title='bbox 1276 4193 1443 4254; x_wconf 90' lang='lat' dir='ltr'><strong>millesimo</strong></span> <span class='ocrx_word' id='word_1_274' title='bbox 1464 4193 1614 4266; x_wconf 79' lang='lat' dir='ltr'><strong>CCC⁰xs⁰,</strong></span> 
     </span>
     <span class='ocr_line' id='line_1_34' title="bbox 375 4296 1615 4379; baseline 0.003 -21"><span class='ocrx_word' id='word_1_275' title='bbox 375 4298 577 4379; x_wconf 87' lang='lat' dir='ltr'><strong>presentibus</strong></span> <span class='ocrx_word' id='word_1_276' title='bbox 592 4297 729 4358; x_wconf 91' lang='lat' dir='ltr'><strong>dominis</strong></span> <span class='ocrx_word' id='word_1_277' title='bbox 743 4302 776 4358; x_wconf 91' lang='grc'><strong>61</strong></span> <span class='ocrx_word' id='word_1_278' title='bbox 792 4297 951 4377; x_wconf 85' lang='lat' dir='ltr'><strong>magistris</strong></span> <span class='ocrx_word' id='word_1_279' title='bbox 966 4297 1129 4368; x_wconf 90' lang='lat' dir='ltr'><strong>Nicbolao,</strong></span> <span class='ocrx_word' id='word_1_280' title='bbox 1146 4296 1267 4358; x_wconf 88' lang='lat' dir='ltr'><strong>Abbato</strong></span> <span class='ocrx_word' id='word_1_281' title='bbox 1282 4297 1459 4376; x_wconf 83' lang='lat' dir='ltr'><strong>Radynges,</strong></span> <span class='ocrx_word' id='word_1_282' title='bbox 1475 4299 1615 4362; x_wconf 89' lang='lat' dir='ltr'><strong>Henrico</strong></span> 
     </span>
     <span class='ocr_line' id='line_1_35' title="bbox 376 4403 1613 4484; baseline 0.001 -17"><span class='ocrx_word' id='word_1_283' title='bbox 376 4406 494 4475; x_wconf 86' lang='lat' dir='ltr'><strong>Goher,</strong></span> <span class='ocrx_word' id='word_1_284' title='bbox 515 4405 595 4484; x_wconf 87' lang='lat' dir='ltr'><strong>juris</strong></span> <span class='ocrx_word' id='word_1_285' title='bbox 617 4404 717 4466; x_wconf 88' lang='lat' dir='ltr'><strong>civilis</strong></span> <span class='ocrx_word' id='word_1_286' title='bbox 736 4403 922 4483; x_wconf 79' lang='lat' dir='ltr'><strong>professore,</strong></span> <span class='ocrx_word' id='word_1_287' title='bbox 942 4404 1102 4464; x_wconf 90' lang='lat' dir='ltr'><strong>Willelmo</strong></span> <span class='ocrx_word' id='word_1_288' title='bbox 1125 4404 1164 4464; x_wconf 88' lang='lat' dir='ltr'><strong>do</strong></span> <span class='ocrx_word' id='word_1_289' title='bbox 1194 4403 1346 4474; x_wconf 81' lang='lat' dir='ltr'><strong>Saltones,</strong></span> <span class='ocrx_word' id='word_1_290' title='bbox 1368 4405 1492 4464; x_wconf 91' lang='lat' dir='ltr'><strong>officiali</strong></span> <span class='ocrx_word' id='word_1_291' title='bbox 1516 4405 1613 4468; x_wconf 83' lang='lat' dir='ltr'><strong>Saris-</strong></span> 
     </span>
     <span class='ocr_line' id='line_1_36' title="bbox 375 4508 1615 4583; baseline -0.001 -9"><span class='ocrx_word' id='word_1_292' title='bbox 375 4513 525 4583; x_wconf 88' lang='lat' dir='ltr'><strong>buriensi,</strong></span> <span class='ocrx_word' id='word_1_293' title='bbox 546 4511 668 4572; x_wconf 82' lang='lat' dir='ltr'><strong>Thomu</strong></span> <span class='ocrx_word' id='word_1_294' title='bbox 699 4511 819 4581; x_wconf 83' lang='lat' dir='ltr'><strong>Talbot,</strong></span> <span class='ocrx_word' id='word_1_295' title='bbox 846 4511 980 4571; x_wconf 88' lang='lat' dir='ltr'><strong>Rectore</strong></span> <span class='ocrx_word' id='word_1_296' title='bbox 1001 4509 1132 4570; x_wconf 87' lang='lat' dir='ltr'><strong>ecclesie</strong></span> <span class='ocrx_word' id='word_1_297' title='bbox 1160 4509 1199 4570; x_wconf 94' lang='lat' dir='ltr'><strong>de</strong></span> <span class='ocrx_word' id='word_1_298' title='bbox 1222 4508 1377 4580; x_wconf 82' lang='lat' dir='ltr'><strong>Laxeield,</strong></span> <span class='ocrx_word' id='word_1_299' title='bbox 1402 4511 1615 4574; x_wconf 88' lang='lat' dir='ltr'><strong>Norwioensis</strong></span> 
     </span>
     <span class='ocr_line' id='line_1_37' title="bbox 376 4614 1615 4689; baseline -0.002 -9"><span class='ocrx_word' id='word_1_300' title='bbox 376 4619 520 4689; x_wconf 90' lang='lat' dir='ltr'><strong>diocesis,</strong></span> <span class='ocrx_word' id='word_1_301' title='bbox 550 4618 688 4679; x_wconf 88' lang='lat' dir='ltr'><strong>Roberto</strong></span> <span class='ocrx_word' id='word_1_302' title='bbox 715 4617 754 4678; x_wconf 91' lang='lat' dir='ltr'><strong>de</strong></span> <span class='ocrx_word' id='word_1_303' title='bbox 789 4617 932 4686; x_wconf 88' lang='lat' dir='ltr'><strong>Worthe,</strong></span> <span class='ocrx_word' id='word_1_304' title='bbox 969 4617 1148 4677; x_wconf 90' lang='lat' dir='ltr'><strong>subdecano</strong></span> <span class='ocrx_word' id='word_1_305' title='bbox 1180 4614 1413 4685; x_wconf 87' lang='lat' dir='ltr'><strong>Sarisbnriensi,</strong></span> <span class='ocrx_word' id='word_1_306' title='bbox 1446 4615 1547 4676; x_wconf 90' lang='lat' dir='ltr'><strong>Adam</strong></span> <span class='ocrx_word' id='word_1_307' title='bbox 1576 4618 1615 4679; x_wconf 89' lang='lat' dir='ltr'><strong>de</strong></span> 
     </span>
    </p>
   </div>
   <div class='ocr_carea' id='block_1_3' title="bbox 376 4711 1616 5183">
    <p class='ocr_par' dir='ltr' id='par_1_3' title="bbox 376 4711 1616 5183">
     <span class='ocr_line' id='line_1_38' title="bbox 377 4711 1614 4798; baseline -0.002 -21"><span class='ocrx_word' id='word_1_308' title='bbox 377 4718 575 4798; x_wconf 85' lang='lat' dir='ltr'><strong>Aylinetone,</strong></span> <span class='ocrx_word' id='word_1_309' title='bbox 599 4715 733 4776; x_wconf 85' lang='lat' dir='ltr'><strong>Rectore</strong></span> <span class='ocrx_word' id='word_1_310' title='bbox 761 4713 892 4774; x_wconf 87' lang='lat' dir='ltr'><strong>ecclesie</strong></span> <span class='ocrx_word' id='word_1_311' title='bbox 912 4714 952 4774; x_wconf 93' lang='lat' dir='ltr'><strong>de</strong></span> <span class='ocrx_word' id='word_1_312' title='bbox 977 4712 1185 4783; x_wconf 85' lang='lat' dir='ltr'><strong>Mordeforde,</strong></span> <span class='ocrx_word' id='word_1_313' title='bbox 1209 4711 1450 4774; x_wconf 86' lang='lat' dir='ltr'><strong>Hereiordensis</strong></span> <span class='ocrx_word' id='word_1_314' title='bbox 1471 4713 1614 4786; x_wconf 89' lang='lat' dir='ltr'><strong>diocesis,</strong></span> 
     </span>
     <span class='ocr_line' id='line_1_39' title="bbox 376 4809 1616 4890; baseline -0.002 -14"><span class='ocrx_word' id='word_1_315' title='bbox 376 4815 525 4876; x_wconf 83' lang='lat' dir='ltr'><strong>Jobanne</strong></span> <span class='ocrx_word' id='word_1_316' title='bbox 556 4813 595 4873; x_wconf 88' lang='lat' dir='ltr'><strong>de</strong></span> <span class='ocrx_word' id='word_1_317' title='bbox 627 4813 772 4881; x_wconf 80' lang='lat' dir='ltr'><strong>Tarenta,</strong></span> <span class='ocrx_word' id='word_1_318' title='bbox 801 4810 1021 4871; x_wconf 88' lang='lat' dir='ltr'><strong>Archidiaconi</strong></span> <span class='ocrx_word' id='word_1_319' title='bbox 1051 4809 1292 4871; x_wconf 88' lang='lat' dir='ltr'><strong>Sarisburiensis</strong></span> <span class='ocrx_word' id='word_1_320' title='bbox 1322 4809 1456 4882; x_wconf 90' lang='lat' dir='ltr'><strong>officiali,</strong></span> <span class='ocrx_word' id='word_1_321' title='bbox 1479 4810 1616 4890; x_wconf 85' lang='lat' dir='ltr'><strong>Hugone</strong></span> 
     </span>
     <span class='ocr_line' id='line_1_40' title="bbox 380 4907 1614 4990; baseline -0.003 -18"><span class='ocrx_word' id='word_1_322' title='bbox 380 4913 421 4974; x_wconf 91' lang='lat' dir='ltr'><strong>de</strong></span> <span class='ocrx_word' id='word_1_323' title='bbox 452 4911 687 4990; x_wconf 86' lang='lat' dir='ltr'><strong>Knossyntone,</strong></span> <span class='ocrx_word' id='word_1_324' title='bbox 719 4909 855 4969; x_wconf 86' lang='lat' dir='ltr'><strong>Rectore</strong></span> <span class='ocrx_word' id='word_1_325' title='bbox 890 4907 1022 4968; x_wconf 89' lang='lat' dir='ltr'><strong>ecclesie</strong></span> <span class='ocrx_word' id='word_1_326' title='bbox 1050 4908 1088 4968; x_wconf 90' lang='lat' dir='ltr'><strong>de</strong></span> <span class='ocrx_word' id='word_1_327' title='bbox 1117 4908 1250 4969; x_wconf 82' lang='lat' dir='ltr'><strong>Gildone</strong></span> <span class='ocrx_word' id='word_1_328' title='bbox 1279 4907 1434 4978; x_wconf 90' lang='lat' dir='ltr'><strong>Mortone,</strong></span> <span class='ocrx_word' id='word_1_329' title='bbox 1469 4907 1614 4968; x_wconf 64' lang='grc'><strong>1111166111-</strong></span> 
     </span>
     <span class='ocr_line' id='line_1_41' title="bbox 379 5004 1615 5080; baseline -0.002 -10"><span class='ocrx_word' id='word_1_330' title='bbox 379 5010 477 5072; x_wconf 83' lang='grc'><strong>1611616</strong></span> <span class='ocrx_word' id='word_1_331' title='bbox 498 5008 641 5078; x_wconf 90' lang='lat' dir='ltr'><strong>diocesis,</strong></span> <span class='ocrx_word' id='word_1_332' title='bbox 656 5006 829 5067; x_wconf 91' lang='lat' dir='ltr'><strong>Vincencio</strong></span> <span class='ocrx_word' id='word_1_333' title='bbox 847 5005 887 5067; x_wconf 88' lang='lat' dir='ltr'><strong>de</strong></span> <span class='ocrx_word' id='word_1_334' title='bbox 908 5005 1053 5078; x_wconf 83' lang='lat' dir='ltr'><strong>Taranta,</strong></span> <span class='ocrx_word' id='word_1_335' title='bbox 1074 5005 1208 5066; x_wconf 87' lang='lat' dir='ltr'><strong>Ricardo</strong></span> <span class='ocrx_word' id='word_1_336' title='bbox 1227 5004 1266 5065; x_wconf 93' lang='lat' dir='ltr'><strong>de</strong></span> <span class='ocrx_word' id='word_1_337' title='bbox 1285 5004 1449 5077; x_wconf 88' lang='lat' dir='ltr'><strong>Estenore,</strong></span> <span class='ocrx_word' id='word_1_338' title='bbox 1474 5006 1615 5080; x_wconf 87' lang='lat' dir='ltr'><strong>notariis,</strong></span> 
     </span>
     <span class='ocr_line' id='line_1_42' title="bbox 381 5099 1296 5183; baseline -0.01 -14"><span class='ocrx_word' id='word_1_339' title='bbox 381 5106 517 5169; x_wconf 82' lang='lat' dir='ltr'><strong>testibus</strong></span> <span class='ocrx_word' id='word_1_340' title='bbox 538 5105 577 5164; x_wconf 91' lang='lat' dir='ltr'><strong>ad</strong></span> <span class='ocrx_word' id='word_1_341' title='bbox 598 5104 752 5183; x_wconf 87' lang='lat' dir='ltr'><strong>premissa</strong></span> <span class='ocrx_word' id='word_1_342' title='bbox 771 5103 892 5165; x_wconf 86' lang='lat' dir='ltr'><strong>vocatis</strong></span> <span class='ocrx_word' id='word_1_343' title='bbox 919 5101 1098 5183; x_wconf 86' lang='lat' dir='ltr'><strong>specialiter</strong></span> <span class='ocrx_word' id='word_1_344' title='bbox 1118 5109 1150 5164; x_wconf 89' lang='grc'><strong>61</strong></span> <span class='ocrx_word' id='word_1_345' title='bbox 1170 5099 1296 5181; x_wconf 84' lang='lat' dir='ltr'><strong>rogatis.</strong></span> 
     </span>
    </p>
   </div>
   <div class='ocr_carea' id='block_1_4' title="bbox 0 0 1931 5917">
    <p class='ocr_par' dir='ltr' id='par_1_4' title="bbox 0 0 1931 5917">
     <span class='ocr_line' id='line_1_43' title="bbox 0 0 1931 5917; baseline 0 0"><span class='ocrx_word' id='word_1_346' title='bbox 0 0 1931 5917; x_wconf 95' lang='lat' dir='ltr'><strong> </strong></span> 
     </span>
    </p>
   </div>
  </div>
 </body>
</html>
