3850 5917
85 916 156 956 A-D.
176 914 238 955 lm.

141 4894 189 4938 ΡοΙ.
201 4890 250 4935 seb.

688 677 837 757 Episcopi
865 676 1108 756 Hercfordcnsis.
1455 676 1515 737 357

282 910 315 967 et
356 904 507 967 vicarium
547 909 734 984 perpetuum
781 902 929 963 canonice
978 902 1207 963 instituendum
1246 902 1279 961 in
1323 901 1442 971 eadem,
1478 921 1514 961 ac

283 1009 316 1069 in
357 1008 549 1089 corporalem
590 1008 821 1089 possessionem
862 1007 1003 1085 ejusdem
1044 1006 1159 1067 vicarie
1202 1006 1423 1077 inducendum,
1465 1006 1512 1065 in-

284 1115 395 1176 ducive
422 1135 478 1195 per
512 1114 608 1175 alium
642 1113 828 1185 iaciendum,
864 1132 987 1175 necnon
1021 1112 1061 1172 ad
1095 1112 1201 1173 omnia
1235 1112 1296 1173 alia
1325 1117 1358 1173 et
1388 1110 1513 1191 singula

284 1219 427 1281 iacienda
459 1224 491 1281 et
525 1219 717 1299 expedienda
750 1238 810 1299 que
848 1218 1028 1297 hujusmodi
1062 1217 1306 1297 permutacionis
1347 1216 1512 1296 negocium

285 1326 380 1405 exigit
410 1330 442 1387 et
472 1326 611 1405 requirit,
639 1329 742 1386 vestre
769 1324 952 1404 paternitati
980 1324 1157 1394 reverende,
1185 1323 1333 1403 quatinus
1362 1322 1517 1401 premissa

285 1449 344 1491 nos
363 1434 564 1501 concernunt,
590 1434 698 1490 tenore
723 1428 921 1508 presencium
943 1447 1016 1489 cum
1040 1428 1211 1488 coercionis
1235 1426 1384 1487 canonice
1407 1432 1513 1506 potes·

286 1540 351 1597 tate
375 1536 602 1596 committimus
629 1534 713 1596 vices
744 1539 877 1607 nostras,
908 1538 1054 1614 rogantes
1082 1533 1239 1613 quatinus,
1265 1552 1345 1594 onus
1367 1532 1512 1594 commis·

286 1640 383 1702 sionis
404 1645 510 1701 nostre
531 1640 721 1719 hujusmodi,
736 1640 762 1701 si
776 1640 880 1711 libeat,
896 1639 1108 1709 admittentes,
1130 1658 1188 1700 nos
1209 1639 1285 1719 qnid
1298 1638 1331 1697 in
1349 1639 1512 1717 premissis

286 1745 422 1807 feceritis
446 1746 609 1826 oportunis
635 1746 704 1807 loco
728 1750 760 1807 et
791 1752 931 1825 tempore
958 1745 1130 1807 certificare
1156 1745 1268 1815 velitis,
1290 1750 1349 1806 etc.
1392 1745 1512 1805 Datum

287 1853 370 1931 apud
392 1852 592 1932 Hertlebury,
616 1852 726 1931 quinto
754 1853 836 1913 Non.
859 1851 980 1918 Marcii,
1001 1871 1085 1912 anno
1106 1851 1234 1911 Domini
1262 1850 1401 1913 M⁰GOO⁰
1430 1851 1513 1912 vice·

287 1956 368 2018 simo
389 1957 508 2037 quinto.

287 2208 380 2289 April
399 2208 534 2269 5.-Thc
560 2208 679 2288 Bishop
702 2209 737 2287 of
762 2207 912 2287 Horosord
930 2208 1058 2287 ccrtcfics
1075 2208 1123 2268 the
1147 2207 1266 2288 Bishop
1289 2209 1324 2287 os
1352 2208 1516 2271 Worccster

410 2288 849 2431 piporpietdiwoppoocowotioncd
872 2289 1022 2367 mahange
1045 2289 1080 2369 os
1102 2288 1240 2367 beneficos
1266 2288 1321 2349 ias
1346 2287 1417 2350 icco
1440 2290 1516 2369 duty

371 2524 672 2587 Oaar1r1osronruu
694 2544 844 2587 nsusnnu
865 2526 1328 2587 torennense-Venerabili
1342 2526 1376 2587 in
1392 2526 1521 2590 Ohristo

288 2631 380 2712 patri,
409 2631 536 2693 domino
570 2630 698 2703 Thome,
734 2630 793 2693 Dei
821 2631 925 2711 gracia
952 2631 1172 2711 Wygorniensi
1203 2632 1371 2713 Episcopo,
1407 2633 1517 2705 Adam,

289 2743 359 2809 etc..
384 2737 531 2818 quicquid
553 2742 658 2817 potest
682 2736 858 2798 reverencie
890 2742 922 2798 et
952 2737 1080 2798 honoris
1107 2757 1180 2797 oum
1211 2736 1348 2798 fraterne
1376 2739 1517 2800 mutatis

291 2848 467 2924 augmento.
511 2844 647 2905 Litteras
671 2848 792 2904 vestras
816 2862 915 2922 nuper
938 2842 1114 2922 recepimus
1133 2848 1274 2904 tenorem
1298 2844 1351 2923 qui
1376 2844 1519 2924 sequitur

290 2949 488 3011 continentes
504 2948 738 3019 z-Venerabili,
764 2952 833 3018 eta,
854 2952 890 3007 ut
911 2968 1014 3027 supra.
1057 2946 1245 3027 Approbatis
1267 2946 1361 3027 igitur
1385 2950 1518 3009 auctori-

291 3060 357 3117 tate
397 3060 502 3115 vestra
543 3057 575 3115 et
615 3058 723 3114 nostra
763 3057 835 3132 post
876 3052 1058 3132 diligentem
1103 3052 1370 3113 examinacionem
1414 3054 1519 3116 cauma

290 3158 535 3240 permutacionis
571 3158 719 3237 predicte,
758 3178 794 3217 ac
827 3155 1093 3237 resignacionibus
1129 3156 1284 3216 dictorum
1321 3156 1520 3219 dominorum

290 3263 429 3343 Philippi
457 3268 489 3323 et
516 3262 647 3323 Walteri
679 3262 717 3323 de
747 3261 871 3323 vicariis
899 3262 965 3322 suis
992 3260 1179 3341 supradictis
1206 3280 1263 3340 par
1283 3281 1341 3323 nos
1368 3264 1519 3325 canonice

290 3368 437 3447 acceptis,
461 3368 636 3447 predictum
657 3367 832 3428 Walterum
856 3366 897 3426 ad
923 3366 1072 3427 vicariam
1093 3365 1222 3427 ecclesie
1249 3366 1288 3427 de
1316 3366 1518 3447 Fromptone,

291 3478 394 3536 vestre
423 3472 564 3544 diocesis,
592 3475 625 3532 et
653 3471 808 3551 prefatum
847 3470 1028 3550 Philippum
1066 3470 1107 3530 ad
1137 3470 1285 3530 vicariam
1316 3471 1446 3533 ecclesie
1477 3473 1516 3534 de

292 3579 489 3649 Stetesdone,
510 3583 617 3639 nostre
648 3577 779 3638 diocesis
811 3576 998 3656 supradicte,
1027 3575 1219 3645 admisimus,
1241 3581 1273 3636 et
1297 3575 1383 3655 ipsos
1410 3597 1519 3657 perpe·

291 3690 364 3747 tuos
402 3684 534 3744 vicarios
568 3683 716 3743 canonice
757 3681 952 3742 instituimus
993 3682 1026 3740 in
1060 3680 1184 3742 vicariis
1217 3682 1375 3760 predictis,
1412 3703 1448 3743 ac
1482 3684 1516 3743 in

291 3788 483 3869 corporalem
520 3788 751 3868 possessionem
788 3787 957 3849 earundem
999 3786 1104 3847 induci
1142 3786 1369 3859 mandavimus,
1399 3793 1436 3848 ut
1467 3794 1517 3849 est

292 3894 396 3956 moris.
453 3894 478 3953 A
508 3894 592 3954 dicto
620 3893 747 3972 insuper
777 3891 926 3963 Walter0,
961 3892 1077 3953 vicario
1097 3891 1227 3953 ecclesie
1258 3893 1297 3953 de
1317 3892 1520 3972 Fromptone,

291 4018 386 4078 super
413 3996 563 4058 canonica
586 3996 766 4058 obediencia
789 4001 822 4057 et
845 3996 996 4057 continua
1016 3996 1189 4057 residencia
1208 3997 1364 4075 personali
1392 3998 1520 4059 nomina

291 4109 396 4166 vestro
417 4103 545 4164 solitum
568 4102 742 4181 recepimus
765 4102 989 4181 juramentum.
1046 4102 1164 4162 Datum
1186 4102 1270 4181 apud
1293 4102 1520 4182 Schenygielda

290 4218 323 4271 v⁰
343 4208 393 4270 die
421 4206 538 4269 mensis
566 4206 690 4286 Aprilis,
719 4225 802 4267 anno
831 4205 959 4266 Domini
988 4205 1219 4283 M⁰OCG⁰xnvj⁰.

292 4467 374 4529 Mor.
390 4466 524 4528 a-Tiae
544 4464 662 4545 Bishop
675 4465 710 4545 os
727 4463 887 4545 Horcsord,
908 4464 1012 4542 octiap
1024 4464 1082 4605 [pr
1096 4463 1145 4524 the
1158 4463 1277 4544 Bishop
1290 4464 1325 4543 of
1346 4464 1519 4537 Worccstcr,

413 4544 619 4608 coromissicos
645 4545 694 4605 tic
717 4544 913 4605 Archdcocoa
936 4545 971 4624 os
993 4544 1021 4605 G
1052 4551 1175 4617 uocstca
1200 4564 1234 4605 or
1259 4544 1307 4605 iis
1335 4544 1462 4635 Officiol,
1488 4556 1518 4607 to

416 4626 487 4688 hold
512 4626 560 4687 tic
584 4626 676 4686 mirol
700 4625 826 4704 iaquiry
855 4625 920 4686 into
948 4625 998 4686 tic
1024 4644 1158 4703 vaccrrcy
1182 4626 1217 4704 of
1242 4625 1291 4685 ihc
1322 4626 1467 4704 Vicorapc
1486 4628 1524 4707 of

414 4708 771 4787 lincopiensis-Severa.

374 4863 566 4923 Mannauuu
614 4880 783 4922 nmaonnn
828 4879 1050 4923 ancroarnirn
1092 4860 1326 4923 Ocuurssmnrs
1368 4862 1524 4924 Errscorr

292 4971 549 5033 Wraoanrnrssrs
569 4986 611 5029 ao
632 4969 1025 5041 recursurum-Adam,
1047 4974 1116 5039 eta,
1141 4967 1275 5027 discreto
1292 4966 1368 5040 viro,
1389 4968 1517 5031 domino

293 5075 520 5138 Archidiacono
548 5075 793 5137 Gloucestrienai
813 5075 862 5137 vel
890 5074 958 5155 ejus
987 5073 1128 5145 Officiali,
1149 5072 1292 5144 salutem,
1314 5078 1373 5135 etc.
1429 5074 1521 5136 Gom-
