3850 5917
409 704 449 764 84
787 706 967 785 Repirtram
992 709 1059 769 Ado
1085 708 1122 769 de
1152 709 1276 770 Orleton

238 960 366 1000 ΛΜΝ·
409 955 486 1016 Νου.
515 955 692 1016 13.-Jota
718 956 755 1017 de
777 957 939 1036 Kncpcton
965 976 1105 1036 appears,
1134 979 1169 1019 aa
1204 957 1332 1018 Proctor
1355 959 1411 1037 scr
1442 958 1583 1018 william
1610 959 1649 1020 de

531 1037 702 1116 Knopetca,
732 1045 761 1098 to
789 1037 891 1116 recipe
919 1038 969 1098 ibe
996 1037 1135 1098 Prebmd
1162 1039 1198 1118 of
1222 1038 1355 1099 Hintoa.

491 1191 693 1260 Gouramcro
708 1210 950 1254 Paoouaaroars
965 1213 1116 1254 nassonia
1132 1212 1287 1255 uenisset
1302 1195 1456 1255 W.-Die
1470 1214 1544 1255 vero
1556 1195 1647 1256 Luna

408 1299 549 1378 proxima
576 1303 649 1378 post
670 1298 786 1360 festum
815 1301 916 1361 sancti
938 1301 1079 1372 Martini,
1109 1300 1253 1361 videlicet
1281 1301 1348 1380 nij⁰
1377 1300 1429 1361 die
1456 1299 1646 1362 Novembris

408 1423 491 1464 anno
522 1404 672 1482 predicte,
698 1403 874 1483 comparuit
901 1410 1087 1485 procurator
1114 1404 1255 1484 magistri
1293 1405 1343 1465 W.
1378 1404 1511 1484 predicti
1539 1425 1645 1464 coram

407 1509 576 1571 venerabili
605 1517 695 1590 patre
722 1513 864 1592 predicto
891 1512 924 1571 in
959 1513 1098 1592 capitulo
1126 1512 1257 1573 ecclesie
1292 1512 1535 1574 Herefcrdensis
1567 1513 1646 1573 exis-

407 1621 503 1687 tente,
524 1615 675 1678 exhibens
696 1618 946 1696 procuratorium
972 1619 1091 1680 tenoris
1118 1617 1292 1698 sequentis.

489 1771 602 1830 Pateat
624 1770 779 1832 universis
800 1791 856 1850 per
875 1777 1040 1851 presentes
1063 1772 1147 1852 quod
1168 1791 1226 1852 ego
1250 1772 1429 1833 Willelmus
1453 1773 1492 1834 de
1517 1773 1644 1852 Knape-

407 1882 490 1946 tone,
523 1876 663 1946 clericus,
700 1878 869 1938 canonicus
905 1877 1156 1950 Herefordensis,
1197 1879 1237 1938 ad
1273 1879 1522 1940 renunciandum
1558 1898 1646 1958 pure,

406 1986 529 2060 sponte,
564 1985 596 2041 et
631 1980 782 2051 absolute,
818 1981 965 2042 omnibus
999 1981 1123 2053 litteris,
1159 1983 1328 2052 mandatis,
1371 1988 1404 2043 et
1445 1982 1646 2061 processibus

406 2086 523 2147 habitis
544 2093 576 2147 et
596 2086 688 2148 iactis
709 2106 765 2166 per
785 2087 996 2148 venerabilem
1016 2092 1149 2166 patrem,
1171 2087 1334 2148 dominum
1363 2087 1549 2157 walterum,
1571 2093 1642 2157 etc..

406 2197 461 2252 aut
492 2191 588 2252 alium
620 2212 839 2271 quemcunque
870 2192 970 2272 ipsius
998 2193 1075 2262 vice,
1106 2191 1245 2263 nomine,
1277 2193 1327 2253 vel
1360 2192 1519 2261 mandato,
1550 2213 1646 2272 super

405 2297 584 2378 provisione
605 2303 637 2357 et
657 2297 762 2376 gracia
786 2297 973 2357 auctoritate
1001 2297 1086 2358 sedis
1114 2296 1293 2376 Apostolioe
1329 2297 1368 2358 de
1396 2298 1585 2357 canonicatu
1613 2306 1646 2358 et

405 2401 563 2482 prebenda
584 2403 615 2461 in
638 2402 723 2462 dicta
743 2402 875 2463 ecclesia
903 2401 1129 2463 Hereiordensi
1158 2403 1284 2464 racione
1312 2402 1426 2462 indulti
1448 2403 1533 2463 dicto
1561 2405 1646 2483 patri

406 2509 520 2568 asade
540 2507 712 2587 apostolica
733 2507 874 2569 concessi
902 2508 997 2568 michi
1019 2507 1111 2568 factis
1136 2528 1192 2588 per
1213 2508 1349 2569 eundem
1377 2514 1501 2588 patrem
1529 2509 1645 2570 Rever-

405 2614 532 2685 endum,
567 2619 600 2674 et
634 2613 675 2673 ad
701 2612 924 2692 resignandum
959 2614 992 2673 in
1028 2633 1133 2675 sacras
1171 2633 1285 2674 manus
1320 2613 1508 2675 venerabilis
1543 2616 1645 2695 patris

406 2719 525 2780 domini
549 2719 623 2790 Ade,
652 2725 722 2790 etc,
750 2719 972 2779 canonicatum
995 2725 1028 2780 et
1061 2719 1252 2799 prebendam
1277 2720 1316 2781 de
1352 2719 1533 2798 Hynetone,
1564 2741 1646 2800 quos

406 2826 488 2886 dicte
501 2825 690 2905 provisionis
709 2830 741 2886 et
755 2825 858 2904 gracie
872 2825 1060 2887 auctoritate
1073 2825 1210 2905 optineo,
1226 2830 1259 2886 et
1273 2825 1325 2905 jus
1339 2825 1435 2885 michi
1450 2826 1643 2900 adquisitum

406 2932 438 2991 in
468 2931 586 2992 eisdem
616 2952 672 3011 per
699 2932 910 3011 provisionem
937 2932 1138 3003 antedictam,
1169 2951 1292 2992 necnon
1321 2931 1360 2990 ad
1391 2931 1644 2992 submittendum

406 3059 457 3099 me
480 3038 636 3098 voluntati
660 3043 692 3098 et
719 3038 821 3116 gracie
842 3039 918 3098 dicti
940 3038 1127 3099 venerabilis
1150 3038 1259 3118 patris,
1288 3058 1383 3116 super
1403 3039 1592 3099 canonicatu
1612 3047 1646 3100 et

405 3143 563 3223 prebenda
581 3143 758 3216 antedictis,
777 3144 927 3206 dilectum
948 3144 1044 3204 michi
1064 3145 1099 3204 in
1117 3144 1245 3205 Christo
1261 3143 1441 3206 Johannem
1460 3145 1499 3205 de
1515 3145 1642 3225 Knapc·

405 3257 488 3320 tone,
511 3251 667 3322 clericum,
690 3257 925 3330 procuratorem
951 3271 1066 3322 meum,
1093 3252 1213 3323 ordino,
1235 3251 1326 3322 facio,
1348 3256 1380 3312 et
1399 3251 1560 3312 constituo
1587 3272 1646 3331 per

404 3362 576 3436 presentes.
633 3357 671 3416 In
705 3357 795 3437 cujus
828 3358 882 3430 rei,
902 3364 962 3419 etc.
1019 3358 1138 3418 Datum
1169 3357 1253 3437 apud
1276 3357 1467 3438 Norwyoum
1495 3357 1564 3436 viij⁰
1592 3357 1640 3417 Id.

407 3462 485 3541 [Phe
505 3462 628 3524 bottom
653 3463 686 3524 of
712 3464 768 3524 the
795 3483 874 3544 page
902 3464 930 3524 is
957 3469 1012 3524 ont
1036 3463 1102 3542 effi]

404 3782 482 3843 Nov.
505 3783 741 3844 ra-thtiam
760 3784 797 3844 de
822 3784 985 3862 Kncpetoa
1005 3783 1121 3862 resima
1144 3782 1193 3843 the
1207 3781 1345 3842 Prebeud
1365 3782 1401 3861 os
1425 3782 1557 3852 Hinton,
1578 3783 1644 3842 crui

528 3865 577 3954 the
600 3863 719 3956 Biabop
743 3864 840 3926 issaar
865 3885 885 3923 a
902 3863 1053 3956 'mndata
1081 3870 1111 3924 to
1150 3863 1199 3923 the
1226 3863 1317 3924 Daca
1343 3861 1407 3923 arrd
1436 3863 1571 3942 Chapter
1614 3873 1646 3923 to

526 3945 635 4006 induet
658 3945 778 4006 Galbert
798 3946 835 4006 de
856 3945 1040 4005 Maddletoa.

487 4127 688 4188 Rss1ouacro
722 4144 897 4186 Parnason
933 4145 978 4186 on
1007 4125 1487 4186 Hranroan.—Memorandum
1515 4123 1644 4202 quidem

405 4235 455 4295 die
485 4234 584 4304 Luna,
612 4235 645 4293 in
680 4234 843 4313 presencia
871 4233 990 4294 domini
1025 4233 1177 4313 Episcopi
1213 4252 1250 4292 ac
1279 4231 1399 4292 Dacani
1434 4237 1467 4291 et
1504 4231 1643 4310 Capituli

406 4339 695 4411 Hereiordensium‚
720 4340 788 4418 ipse
804 4345 988 4419 procurator
1007 4339 1097 4419 juxta
1117 4344 1310 4418 potestatem
1331 4337 1390 4399 sibi
1414 4337 1521 4398 datam
1546 4337 1641 4415 resig-

404 4447 492 4509 navit
536 4449 637 4527 ipsam
679 4447 870 4527 prebendam
911 4447 946 4506 in
982 4467 1095 4507 manus
1133 4444 1253 4506 domini
1298 4443 1458 4523 Episcopi,
1494 4451 1643 4523 presente

405 4554 554 4633 magistro
576 4553 710 4614 Ricardo
738 4554 777 4614 de
805 4553 971 4622 Estenora,
999 4552 1125 4631 publico
1160 4550 1346 4611 auctoritate
1374 4549 1478 4629 papali
1508 4549 1642 4611 notario.

335 4729 339 4738 Ι
405 4661 449 4719 Et
469 4660 537 4738 ipse
558 4659 704 4720 dominus
724 4659 903 4737 Episcopus
924 4657 958 4717 in
979 4657 1080 4737 ipsam
1101 4656 1303 4736 prebendam,
1324 4654 1412 4734 prius
1431 4653 1583 4733 magistro
1604 4656 1643 4714 G.

405 4767 444 4828 de
465 4766 660 4827 Middeltone
684 4765 840 4835 collatam,
863 4765 1034 4835 mandevit,
1056 4784 1113 4843 per
1136 4763 1258 4824 litteras
1277 4781 1352 4822 suas
1370 4761 1490 4822 eisdem
1513 4761 1644 4822 Decano

404 4878 437 4933 et
465 4871 610 4952 Capitulo
631 4872 775 4942 directas,
799 4871 903 4949 ipsum
932 4869 1039 4930 induci
1057 4869 1107 4930 vel
1127 4873 1361 4948 procuratorem
1391 4865 1491 4944 ipsius
1514 4866 1644 4928 nomine

404 4978 615 5057 procuratoris
639 4977 671 5037 in
700 4975 893 5056 corporalem
921 4975 1154 5054 possessionem
1182 4972 1291 5053 ipsius,
1316 4971 1453 5042 stallum,
1478 4977 1539 5032 etc.
