3850 5917
691 674 842 755 Episcopi
868 675 1113 755 Herasordcnaia.
1460 676 1520 739 269

77 912 155 951 m.
182 911 241 951 ¹³2⁴.
283 898 425 977 predicta
435 896 676 959 misericorditer
694 897 924 977 dispensamus.
961 898 1001 957 In
1023 898 1113 978 cujus
1135 898 1188 969 rei,
1204 904 1263 959 etc.
1300 900 1419 960 Datum
1438 900 1522 981 apud

285 1004 520 1084 Sehenyglelde,
542 1004 578 1081 ij⁰
591 1003 642 1064 die
662 1003 781 1065 mensis
802 1004 952 1074 Januarii,
976 1023 1059 1063 anno
1082 1004 1210 1065 Domini
1231 1004 1456 1084 M⁰ccc⁰rxiij⁰

77 1318 158 1359 Μ),
182 1318 240 1358 ,ω
283 1278 355 1338 Dec.
376 1276 531 1337 10.-The
550 1274 669 1354 Biehop
689 1275 725 1354 os
741 1274 872 1335 Loradon
883 1274 1042 1415 {prucrds
1057 1282 1087 1335 to
1109 1275 1157 1335 the
1179 1274 1297 1355 Bishop
1311 1275 1347 1354 of
1367 1275 1519 1355 Haresord

406 1377 427 1417 a
446 1356 590 1417 rrrondutc
610 1356 645 1435 of
673 1356 722 1416 tlte
749 1355 879 1416 Arcbbis
917 1376 941 1433 p
965 1356 1000 1435 os
1026 1355 1225 1433 Canterbury,
1254 1356 1446 1433 arrmmoar'ap
1472 1356 1521 1417 the

407 1437 541 1516 Biabops
568 1436 632 1497 aad
658 1436 765 1514 clcrqy
794 1443 823 1497 to
851 1457 871 1496 a
895 1436 1076 1497 Provincial
1106 1436 1234 1497 Ooancil
1254 1457 1293 1497 ou
1314 1437 1387 1497 Jaa.
1409 1442 1458 1497 20.

366 1592 558 1651 Mannarurr
580 1590 989 1651 Er1soorrLorvnou1nns1s
1010 1608 1186 1651 aecurrunt
1206 1600 1290 1652 xV1J⁰
1308 1610 1365 1651 nra
1387 1592 1523 1652 Dncsrr-

285 1696 588 1758 sars-Venerabili
619 1696 653 1756 in
675 1695 801 1757 christo
822 1696 913 1776 patri,
935 1697 1063 1758 domino
1085 1697 1145 1758 Dei
1168 1698 1272 1777 gracia
1297 1697 1521 1759 Hereiordensi

286 1805 453 1884 Episcopo,
477 1803 665 1882 Stephanus,
691 1802 832 1882 ejusdem
854 1802 1060 1883 permissione
1082 1803 1312 1865 Londoniensis
1335 1804 1520 1883 Episcopus,

286 1910 420 1971 salutem
446 1915 478 1970 et
496 1908 617 1969 sincere
636 1907 816 1969 dileccionis
836 1908 1021 1968 continuum
1044 1908 1282 1970 incrementum.
1334 1910 1521 1971 Mandatum

286 2014 446 2076 reverendi
481 2012 513 2072 in
549 2011 675 2072 christo
706 2011 805 2091 patris
836 2017 868 2073 et
903 2012 1032 2083 domini,
1075 2012 1192 2072 domini
1235 2014 1295 2085 W,
1328 2014 1387 2075 Dei
1418 2015 1523 2093 gracia

287 2118 522 2182 cantuariensis
556 2118 800 2197 Archiepiscopi,
829 2119 927 2179 totius
960 2118 1070 2198 Anglie
1102 2118 1259 2191 Primatie,
1285 2120 1460 2200 recepimus
1488 2120 1522 2180 in

286 2227 345 2288 hec
369 2225 692 2295 verba:—Walterus,
724 2230 794 2296 etc,
826 2224 994 2286 venerabili
1027 2224 1115 2285 fratri
1154 2230 1270 2297 nostro,
1307 2224 1434 2288 domino
1462 2226 1523 2287 Dei

286 2332 389 2413 gracia
410 2330 623 2392 Londoniensi
646 2329 813 2409 Episcopo,
836 2330 979 2402 salutem,
1002 2334 1061 2391 etc.
1105 2329 1152 2389 Ad
1177 2336 1295 2392 statum
1320 2331 1522 2392 ecclesiarum

287 2444 320 2499 et
338 2435 619 2499 ecclesiasticarum
638 2455 843 2515 personarum
862 2441 970 2497 nostre
990 2436 1106 2497 mentis
1124 2436 1274 2497 intuitum
1292 2436 1469 2517 dirigentes,
1490 2438 1523 2498 id

287 2544 392 2604 animo
426 2542 558 2602 firmiter
582 2541 754 2621 alligamus,
790 2540 823 2600 id
857 2540 1066 2602 meditacione
1101 2541 1210 2603 sedula
1243 2562 1450 2613 recensemus,
1486 2547 1523 2603 ut

288 2649 419 2711 ecclesia
442 2648 475 2707 in
503 2646 569 2708 suis
595 2645 717 2726 juribus
744 2651 777 2706 et
809 2645 1006 2707 libertatibus
1034 2646 1160 2727 fulgeat,
1199 2646 1359 2727 ipsiusque
1387 2646 1523 2707 ministri

288 2754 455 2835 cujuslibet
476 2752 703 2833 inquietudinis
725 2757 757 2813 et
787 2751 979 2813 turbacionis
1008 2751 1141 2813 forensis
1165 2752 1296 2813 materia
1323 2757 1445 2813 semota
1465 2772 1524 2813 suo

288 2860 415 2922 liberius
436 2859 470 2919 in
490 2858 619 2939 agendis
639 2858 805 2937 pociantur
832 2857 960 2918 honoro.
1003 2857 1047 2917 Et
1068 2857 1141 2918 licet
1162 2877 1218 2936 pro
1246 2856 1422 2919 variacione
1444 2862 1522 2918 tem·

288 2986 398 3048 porum
429 2984 466 3025 ac
496 2964 626 3025 adverso
653 2963 852 3043 negociorum
888 2968 1012 3035 eventu,
1044 2962 1181 3042 prelatos
1204 2968 1236 3023 et
1271 2962 1388 3023 clerum
1416 2968 1524 3023 nostre

287 3070 522 3135 Cantuarieneis
539 3069 699 3150 provincie
713 3068 934 3129 vocacionibue
951 3068 1149 3148 frequencius
1166 3069 1307 3148 repetitis
1322 3068 1410 3148 juxte
1425 3068 1521 3149 quaii-

289 3184 387 3239 tatem
401 3175 601 3255 agendorum,
616 3173 700 3253 quod
717 3172 808 3233 anxie
824 3173 970 3252 gerimus,
988 3172 1118 3253 fatigare
1138 3192 1319 3253 cogeremur
1336 3172 1523 3234 multociens

289 3290 321 3345 et
342 3282 442 3353 inviti,
463 3280 586 3341 instans
615 3284 721 3339 tamen
742 3276 873 3338 ecclesie
897 3298 934 3338 ac
965 3278 1010 3339 rei
1041 3277 1164 3357 publice
1196 3278 1366 3357 Anglicane
1395 3276 1523 3339 evidens

287 3388 417 3458 utilitas,
454 3384 647 3447 sanctissimi
684 3382 784 3463 patris
822 3387 854 3443 et
888 3383 1017 3456 domini,
1057 3384 1175 3444 domini
1214 3384 1378 3454 Johannis,
1418 3384 1524 3445 divina

288 3492 489 3575 providencia
516 3492 714 3551 sacrosancte
748 3488 890 3548 Romane
928 3508 965 3549 ac
999 3490 1185 3550 universalis
1222 3489 1352 3550 ecclesie
1402 3489 1524 3550 Summi

288 3598 452 3662 Pontifieis
472 3594 651 3657 exhortacio
671 3593 814 3665 salubris,
836 3614 873 3653 ao
892 3594 1013 3654 domini
1035 3594 1133 3656 nostri
1152 3595 1283 3656 illustris
1300 3595 1395 3675 Regis
1412 3594 1523 3675 Anglie

289 3704 412 3766 solicita
441 3720 570 3782 precum
601 3698 760 3768 excitacio,
796 3699 835 3759 ad
870 3699 1131 3761 convocacionem
1165 3700 1356 3780 prelatorum
1385 3706 1417 3762 et
1449 3701 1523 3761 cleri

289 3816 397 3871 nostre
430 3806 589 3887 provincie
625 3805 860 3866 cantuariensis
891 3805 924 3864 in
955 3806 1098 3886 proximo
1129 3806 1303 3867 faciendam
1334 3806 1436 3868 arcius
1465 3827 1524 3868 nos

289 3915 464 3995 impellunt,
482 3932 520 3973 co
541 3910 705 3991 presertim
725 3930 788 3990 quo
805 3931 843 3971 ex
863 3912 1028 3973 tractando
1049 3917 1081 3973 et
1102 3912 1222 3992 agendo
1244 3912 1276 3972 in
1298 3912 1523 3975 deliberacione

290 4020 450 4083 communi
470 4018 598 4079 honoris
619 4015 749 4077 ecclesie
770 4023 975 4096 augmentum
1002 4023 1034 4078 et
1055 4018 1171 4097 grande
1199 4019 1398 4078 commodum
1420 4038 1523 4098 spera-

290 4148 362 4189 mus
381 4125 533 4189 veraciter
552 4122 725 4202 provenire.
768 4122 921 4197 Quocirca
948 4123 1137 4185 fraternitati
1165 4130 1268 4185 vestre
1297 4125 1524 4186 committimus

290 4240 323 4295 et
344 4232 529 4292 mandamus
558 4228 707 4309 quatinus
735 4248 807 4288 cum
836 4227 941 4289 debita
971 4229 1131 4291 celeritate
1160 4229 1306 4291 iratribus
1331 4230 1524 4311 coepiscopis

291 4346 397 4401 nostre
432 4335 668 4399 cantuariensis
703 4334 833 4396 ecclesie
867 4341 899 4396 et
934 4336 1094 4415 provincie
1135 4335 1340 4417 suffraganeis
1383 4336 1450 4397 vice
1491 4342 1524 4397 et

291 4444 477 4507 auctoritate
501 4446 609 4502 nostra
628 4439 799 4519 injungatis
822 4460 877 4500 seu
898 4440 1021 4502 iacietis
1043 4441 1173 4521 injungi,
1195 4446 1231 4501 ut
1252 4442 1353 4502 eidem
1374 4441 1525 4521 Episcopi

292 4569 402 4612 omnes
428 4553 460 4609 et
487 4546 602 4626 singuli
630 4545 663 4605 in
691 4545 757 4606 suis
786 4545 962 4607 diocesibus
991 4548 1144 4619 Decanos,
1170 4547 1293 4607 Priores
1322 4546 1524 4608 ecclesiarum

292 4652 527 4724 cathedralium,
549 4650 686 4712 Abbatee
706 4654 868 4730 exemptos
889 4656 922 4711 et
941 4672 1006 4713 non
1027 4658 1198 4731 exemptos,
1220 4672 1256 4713 ac
1271 4651 1524 4725 Archidiaconcs,

292 4781 414 4824 necnon
449 4758 574 4819 Priores
607 4762 771 4836 exemptos
807 4755 989 4819 conventus
1027 4778 1083 4839 per
1117 4778 1151 4820 se
1185 4764 1337 4838 regentes,
1373 4757 1457 4837 qnod
1490 4757 1525 4817 in

292 4866 426 4948 propriis
446 4862 597 4945 personis,
619 4862 743 4923 Priores
763 4882 837 4923 vero
868 4862 946 4923 alios
977 4882 1041 4924 non
1072 4868 1235 4943 exemptos
1267 4862 1428 4923 Prioratus
1449 4882 1525 4924 suos

292 4992 349 5054 per
369 4991 403 5033 se
423 4972 576 5049 regentes,
607 4966 692 5047 quod
721 4986 778 5046 per
808 4986 843 5028 se
873 4968 922 5029 vel
942 4988 1000 5048 per
1026 4974 1243 5048 procuratores
1267 4966 1457 5030 sufficienter
1476 4968 1524 5029 in-

293 5082 440 5150 structos,
474 5093 598 5136 necnon
636 5072 781 5153 capitula
814 5074 1008 5154 singularum
1043 5074 1244 5136 ecclesiarum
1287 5074 1523 5148 cathedralium,
