3850 5917
690 669 843 750 apaapt
869 670 1113 749 atramenta.
1351 644 1352 649 ‘
1458 672 1518 732 eea

84 927 161 967 Α-ὓ-
179 926 240 965 Μ·
286 922 368 1003 Sept.
394 921 529 982 1.-Tte
554 921 610 981 Bia
696 920 731 999 of
755 920 906 999 Hercjord
933 920 1062 999 certifica
1092 921 1140 981 tta
1168 920 1360 1000 Archbiehop
1389 921 1455 981 that
1485 922 1521 981 he

408 1002 463 1063 hus
487 1002 563 1080 duty
589 1002 625 1063 hc
684 1001 733 1061 the
757 1001 887 1079 atquiry
914 1000 981 1062 into
1010 1000 1059 1062 the
1085 1001 1213 1063 electiora
1241 1002 1278 1079 by
1308 1002 1356 1063 tte
1386 1002 1521 1081 Chapter

406 1082 442 1162 ο]
458 1082 631 1143 Alexander
650 1082 687 1143 de
708 1082 889 1142 Mormwutb
909 1102 945 1143 aa
967 1082 1085 1162 Bishop
1106 1083 1141 1161 of
1157 1082 1317 1161 Lleadaff.
1360 1082 1409 1143 Hc
1429 1082 1519 1143 sende

409 1171 438 1224 to
463 1163 512 1224 the
536 1162 728 1242 Archbiabop
750 1163 849 1223 under
872 1163 936 1223 acal
960 1163 1006 1223 all
1030 1163 1079 1223 the
1103 1162 1276 1223 documenta
1301 1163 1337 1223 in
1362 1162 1410 1223 the
1434 1183 1510 1223 coac.

367 1342 670 1405 Csarrrrcanomuu
685 1360 809 1401 urssuu
830 1359 954 1402 nouruo
969 1342 1230 1404 Aacnraruscoro
1245 1361 1349 1404 surra
1363 1362 1523 1404 examus-

287 1466 384 1510 croua
420 1466 613 1509 nnacorours
649 1448 1114 1509 barbarensis-Reverendo
1141 1449 1174 1507 in
1214 1448 1340 1511 Christo
1377 1450 1459 1529 putri
1491 1456 1523 1511 et

287 1554 415 1616 domino
449 1575 507 1615 sno
535 1554 709 1626 karissimo,
744 1553 872 1614 domino
901 1554 1051 1624 Waltero,
1080 1553 1140 1614 Dei
1171 1554 1275 1633 gracia
1303 1554 1522 1616 Cantuerienei

289 1659 540 1739 Archiepiscopo,
569 1659 667 1721 totius
697 1658 807 1738 Anglie
835 1658 977 1729 Primati,
1003 1658 1113 1729 Adam,
1144 1659 1286 1738 ejusdem
1316 1659 1523 1737 permissione

290 1765 530 1826 Herefordensis
559 1764 746 1843 Episcopus,
774 1764 923 1843 quicquid
944 1769 1050 1844 potest
1077 1763 1265 1835 obediencie,
1294 1765 1470 1826 reverencie
1491 1770 1524 1825 et

289 1870 426 1930 honoris.
469 1869 657 1930 Mandatum
688 1874 829 1929 vestrum
857 1888 958 1948 nuper
985 1868 1160 1948 recepimus
1185 1873 1327 1929 tenorem
1358 1868 1524 1931 continens

289 1974 524 2054 infrascriptum
540 1973 757 2045 :-Walterus,
794 1978 863 2044 etc,
896 1978 990 2052 prout
1023 1974 1167 2053 superius
1202 1975 1234 2033 in
1270 1974 1414 2054 proximo
1450 1974 1525 2036 solio

291 2080 478 2141 continetur.
521 2080 628 2160 Hujus
657 2078 753 2159 igitur
779 2079 967 2139 auctoritate
995 2080 1135 2140 mandati
1165 2079 1296 2159 prelatis
1318 2080 1463 2159 Capitulo
1491 2086 1524 2141 et

291 2185 402 2245 Electo
429 2184 759 2266 mandavimuaquod
788 2203 893 2244 coram
931 2183 1022 2244 nobis
1053 2191 1271 2263 comparerent
1298 2186 1347 2246 die
1376 2186 1524 2247 Mercurii

290 2290 432 2371 proximo
460 2295 534 2350 ante
561 2289 677 2350 festum
706 2288 830 2349 Natalis
857 2288 948 2349 beate
978 2289 1077 2349 Maris
1098 2290 1236 2369 Virginis
1265 2290 1297 2349 in
1327 2290 1458 2351 ecclesia
1485 2292 1524 2352 de

292 2395 476 2474 Bromyard,
511 2400 618 2455 nostre
639 2394 781 2465 diocesis,
804 2414 876 2454 cum
905 2384 1052 2455 omnibus
1087 2395 1175 2466 actis,
1199 2394 1330 2475 juribuS,
1362 2400 1394 2456 et
1423 2398 1524 2457 muni-

292 2502 408 2563 mentis
435 2521 496 2581 que
526 2501 565 2561 ad
590 2501 833 2561 instruccionem
855 2500 931 2561 dicti
966 2500 1086 2580 negocii
1115 2501 1325 2580 requiruntur,
1356 2500 1470 2562 facturi
1494 2508 1527 2563 et

292 2607 447 2687 recepturi
475 2607 509 2666 in
536 2606 646 2668 eodem
674 2606 804 2685 negocio
828 2607 919 2686 juxta
942 2607 1018 2667 dicti
1040 2607 1180 2666 mandati
1208 2607 1304 2667 vestri
1334 2608 1525 2685 exigenciam

291 2718 324 2775 et
344 2719 487 2775 tenorem
512 2713 595 2793 qnod
620 2712 779 2773 canonicis
803 2713 947 2791 congruit
971 2712 1136 2773 institutis.
1191 2712 1312 2787 Quibus
1333 2712 1383 2774 die
1404 2718 1436 2774 et
1457 2713 1526 2775 loco

292 2823 534 2898 comparuerunt
548 2838 654 2877 coram
668 2817 757 2878 nobis
777 2816 918 2896 prelatus
932 2816 1052 2878 electus
1070 2817 1276 2895 personaliter
1297 2823 1329 2878 et
1344 2817 1525 2897 Capitulum

293 2924 498 2985 Landavense
534 2943 591 3002 per
627 2923 790 2983 dominum
825 2923 1028 2984 Vincentium
1067 2923 1105 2983 de
1133 2923 1326 3003 Bergeveny,
1359 2924 1526 2985 Rectorem

292 3029 423 3091 ecclesie
457 3030 495 3090 de
530 3029 779 3108 Bissoppestone
807 3029 840 3088 in
876 3029 999 3099 Gower,
1036 3030 1221 3090 mandatum
1248 3030 1406 3091 sufficiens
1441 3031 1526 3092 exhi-

292 3134 428 3207 bentem,
449 3155 587 3195 unacum
614 3134 831 3195 venerabilibis
858 3135 943 3207 uiris,
970 3136 1120 3215 magistro
1148 3136 1282 3196 Rioardo
1310 3137 1349 3198 de
1373 3137 1477 3209 Stoke,
1495 3143 1528 3199 et

292 3241 387 3303 Petro
411 3242 449 3302 de
471 3242 601 3312 Bnrera,
623 3241 783 3302 canonicis
803 3241 933 3302 ecclesie
967 3242 1190 3313 Landavensis,
1223 3243 1262 3301 ad
1283 3243 1527 3304 instruccionem

292 3348 367 3409 dicti
387 3348 509 3427 negocii
536 3348 696 3428 peridem
718 3347 899 3427 Capitulum
927 3347 1170 3409 instructoribus
1197 3348 1365 3428 deputatis,
1397 3349 1436 3409 ad
1467 3349 1528 3410 hoc

292 3455 469 3534 specialiter
509 3474 544 3515 ee
581 3454 786 3516 offerentibus
821 3459 898 3515 tunc
932 3454 1057 3515 ibidem.
1114 3454 1158 3514 Et
1205 3453 1346 3514 exhibuit
1387 3454 1528 3533 prefatus

292 3560 438 3621 dominus
472 3560 671 3631 Vincencius,
703 3560 831 3621 nomine
866 3559 1013 3639 Capituli,
1044 3560 1210 3621 eleccionis
1238 3560 1399 3620 decretum
1426 3560 1528 3640 sigillo

292 3666 368 3726 dicti
402 3664 539 3744 Capituli
567 3665 795 3744 consignatum,
831 3685 867 3725 ac
894 3665 1053 3743 quoddam
1087 3664 1333 3726 instrumentum
1366 3665 1528 3745 publicum

291 3790 348 3849 per
387 3789 516 3829 manum
538 3768 683 3830 Nicholai
712 3770 750 3830 de
784 3770 962 3841 Kaerwent,
998 3770 1101 3831 clerici
1134 3770 1350 3831 Lundavensis
1385 3771 1528 3843 diocesis,

292 3876 408 3956 publici
429 3875 601 3955 apostolice
625 3876 812 3937 auctoritate
830 3876 945 3937 notarii
965 3876 1152 3947 confectum,
1172 3876 1339 3937 continens
1356 3883 1528 3939 memorate

292 3983 458 4045 eleccionis
488 4001 679 4061 processum,
703 4002 740 4043 ac
768 3982 889 4045 litteras
921 3983 1022 4062 regias
1054 4002 1148 4061 super
1175 4002 1306 4043 assensu
1334 3982 1419 4061 regio
1446 3983 1529 4043 dicte

292 4087 440 4149 eleccioni
461 4086 603 4167 prestito,
628 4106 752 4147 necnon
768 4092 801 4148 et
820 4092 955 4166 quatuor
973 4086 1186 4166 procuratoris
1202 4086 1424 4147 canonicorum
1445 4086 1529 4148 dicte

293 4193 423 4255 ecclesie
453 4192 645 4263 absencium,
674 4212 746 4252 cum
770 4192 981 4254 ratificaoione
1014 4192 1116 4273 quinti
1151 4192 1292 4253 canonici
1329 4191 1468 4253 absentis
1496 4200 1529 4255 et

294 4299 326 4359 in
347 4298 502 4360 eleccione
526 4297 727 4359 nullomodo
752 4299 973 4378 comparentis,
1002 4304 1034 4360 et
1055 4298 1175 4359 duabus
1203 4298 1272 4358 aliis
1300 4298 1414 4359 litteris
1435 4318 1530 4378 super

293 4404 442 4465 mandato
470 4402 555 4464 dicto
600 4403 727 4463 domino
758 4404 925 4465 Vincentio
964 4409 997 4465 et
1026 4403 1157 4483 prelatis
1193 4402 1435 4464 instructoribus
1472 4424 1529 4484 per

295 4508 476 4589 Capitulum
504 4506 624 4568 dictum
652 4506 745 4579 iacto,
769 4513 802 4569 et
829 4507 900 4569 aliis
927 4508 1050 4568 duabus
1077 4506 1192 4568 litteris
1217 4507 1257 4566 ad
1285 4507 1529 4569 instruccionem

294 4613 474 4695 hujusmodi
512 4612 633 4693 negocii
662 4613 894 4691 pertinentibus
921 4613 1024 4693 sigillo
1052 4613 1128 4673 dicti
1159 4611 1296 4691 Capituli
1327 4612 1529 4692 consignatis.

295 4720 416 4795 Quibus
438 4718 594 4789 exhibitis,
620 4738 715 4798 super
738 4719 896 4780 contentis
921 4719 955 4777 in
985 4718 1107 4798 prelato
1128 4716 1294 4778 eleccionis
1316 4716 1441 4778 decreto
1462 4738 1529 4797 pre·
1604 4719 1606 4728 ⁴

294 4825 396 4887 dictos
420 4824 626 4886 instructores
646 4825 734 4904 prius
755 4844 860 4885 coram
880 4825 972 4887 nobis
995 4825 1116 4904 juratos
1135 4822 1382 4884 examinavimus
1399 4823 1529 4896 curiose,

295 4938 328 4994 et
357 4952 466 4993 eorum
495 4930 718 4993 attestaciones
750 4931 783 4991 in
814 4931 940 5011 scriptis
968 4932 1111 4992 redactas
1146 4949 1283 4990 unacum
1310 4928 1530 4993 instrumentis

295 5044 329 5100 et
355 5037 470 5099 litteris
501 5037 690 5117 supradictis
713 5056 771 5116 per
801 5058 860 5099 nos
894 5037 1060 5117 diligenter
1087 5036 1239 5115 inspectis
1265 5040 1298 5096 et
1331 5034 1529 5109 examinatis,
