3850 5917
703 715 855 796 Episcopi
881 716 1125 797 Hercsordcmia
1471 721 1532 779 213

110 943 171 982 Μ)-
190 944 251 982 ¹³¹²
293 937 404 997 boram
445 957 645 1017 vesperarum
688 939 771 1000 dicte
812 940 883 1010 diei,
926 961 1010 1002 anno
1049 941 1089 1002 ab
1133 942 1359 1003 lucarnacione
1400 943 1529 1003 Domini

293 1044 466 1103 secundum
488 1064 615 1105 cursum
635 1045 766 1106 ecclesie
787 1045 958 1125 Anglicane
976 1047 1210 1127 M0oco⁰xviij⁰,
1231 1047 1405 1110 indiccione
1427 1048 1474 1128 ij·,
1497 1048 1531 1108 in

294 1148 356 1209 mei
378 1149 492 1209 notarii
519 1149 636 1228 publici
660 1150 850 1230 infrascripti
871 1157 904 1212 et
924 1152 1055 1212 testium
1080 1152 1328 1232 subscriptorum
1356 1155 1529 1233 presencia,

295 1272 402 1314 coram
438 1253 605 1315 venerabili
637 1255 669 1314 in
705 1255 832 1316 Christo
869 1262 968 1336 patre,
1007 1257 1135 1318 domino
1164 1257 1239 1330 Ada,
1277 1264 1346 1330 eto,
1382 1260 1530 1320 dominus

295 1359 458 1420 Johannes
482 1361 521 1420 de
549 1361 715 1440 Brunsope
746 1361 797 1421 cui
827 1362 866 1422 de
887 1363 1075 1423 canonicatu
1099 1369 1131 1424 st
1152 1363 1310 1442 prebenda
1338 1365 1370 1424 in
1397 1365 1531 1427 ecclesia

296 1466 530 1537 Herelordensi,
576 1467 666 1546 cujus
704 1466 834 1537 fructus,
876 1467 1027 1538 redditus,
1062 1474 1094 1528 et
1121 1475 1293 1547 proventus
1322 1491 1341 1530 x
1383 1470 1534 1531 librarum

294 1572 433 1632 valorem
468 1592 608 1632 annuum
643 1592 706 1632 non
741 1573 905 1642 excedunt,
940 1593 1036 1652 quam
1065 1574 1193 1634 duceret
1226 1576 1460 1653 acceptandam,
1495 1583 1533 1636 ut

295 1678 419 1739 dicebat
443 1698 500 1757 per
526 1684 671 1739 sanctum
701 1680 837 1750 Patrem,
869 1679 1032 1739 dominum
1065 1679 1253 1751 Johannem,
1289 1681 1395 1741 divina
1429 1683 1532 1760 provi-

296 1785 407 1845 dencia
431 1785 550 1864 Papam
575 1785 649 1864 xxij,
674 1805 775 1863 nuper
807 1785 911 1863 gracia
934 1784 1019 1845 facta
1050 1785 1118 1856 fuit,
1148 1785 1321 1847 Londoniis
1332 1786 1365 1844 in
1407 1807 1533 1848 camera

296 1890 429 1969 hospicii
457 1890 643 1951 venerabilis
670 1891 738 1961 viri,
766 1890 908 1970 magistri
932 1890 1066 1952 Gilberti
1095 1891 1133 1952 de
1158 1891 1362 1962 Middlotone‚
1387 1892 1529 1954 officialis

296 1997 390 2058 Curis
411 1996 655 2066 cantuariensis,
677 1996 709 2056 in
727 1997 796 2056 vico
814 1997 868 2076 qui
889 2002 1020 2056 vocatur
1047 1997 1298 2076 Oldedenyslane
1325 1999 1534 2077 personaliter

296 2102 488 2162 constitutus
526 2101 672 2162 submisit
702 2122 736 2162 se
767 2107 799 2163 et
830 2102 946 2162 dictam
978 2102 1115 2182 graciam
1147 2122 1236 2163 suam
1271 2103 1464 2164 ordinacioni
1499 2109 1533 2166 et

296 2208 526 2288 dispensacioni
551 2208 626 2268 dicti
647 2209 755 2286 patris,
784 2207 972 2286 promittens
1004 2228 1038 2268 se
1065 2208 1187 2268 litterae
1217 2209 1405 2287 apostolicas
1436 2229 1532 2289 super

296 2313 380 2373 dicta
399 2312 504 2392 gracia
525 2312 680 2382 obtentas,
703 2318 735 2372 et
755 2331 937 2391 processum
959 2332 1054 2391 super
1076 2313 1121 2372 eis
1146 2312 1289 2372 habitum
1321 2313 1422 2374 eidem
1449 2315 1533 2393 patri

295 2417 346 2478 vel
373 2438 430 2478 suo
451 2417 574 2479 officiali
599 2404 897 2478 redditurum‘citra
921 2417 1039 2478 festum
1066 2418 1188 2479 Pasche
1215 2419 1357 2498 proxime
1378 2418 1530 2480 futurum.

296 2525 340 2584 Et
373 2524 490 2603 juravit
520 2523 603 2584 idem
638 2524 784 2584 dominus
813 2524 984 2594 Johannes,
1020 2525 1139 2584 sanctis
1172 2525 1232 2584 Dei
1260 2525 1441 2604 Evangeliis
1475 2546 1534 2605 per

295 2630 430 2690 eundem
465 2630 615 2708 inspectis
646 2636 679 2690 et
713 2630 915 2708 corporaliter
945 2629 1049 2701 tactis,
1079 2649 1113 2690 ss
1148 2635 1257 2690 contra
1288 2630 1530 2697 submissionem

295 2755 385 2796 suam
404 2735 577 2815 predictam
591 2735 686 2795 verbo
707 2735 755 2796 vel
776 2734 860 2795 facto
881 2735 965 2795 nolle
981 2735 1092 2814 quovis
1112 2737 1205 2796 modo
1227 2736 1342 2806 venire,
1364 2743 1396 2797 et
1413 2737 1529 2808 omnia,

295 2850 332 2904 ut
362 2842 563 2921 premittitur,
595 2841 740 2921 promisit
764 2841 897 2902 fideliter
919 2840 1093 2902 observare.
1147 2841 1225 2901 Acta
1261 2848 1336 2902 sunt
1367 2843 1425 2903 hec
1456 2853 1531 2922 post

296 2950 404 3010 horam
424 2967 624 3027 vesperarum
655 2947 716 3007 diei
735 2947 915 3026 supradicti,
937 2966 1030 3018 anno,
1053 2947 1130 3018 loco,
1156 2953 1188 3008 et
1213 2947 1388 3009 indiccione
1416 2969 1528 3028 preno-

296 3055 380 3125 tatis,
409 3054 607 3133 presentibus
628 3053 797 3114 venerabili
818 3058 908 3132 patre
928 3054 1079 3132 predicto,
1099 3053 1242 3114 discretis
1263 3054 1347 3126 viris,
1373 3057 1532 3136 magistris

295 3162 334 3221 G.
356 3160 395 3220 de
418 3160 612 3220 Middletone
633 3160 822 3239 supradicto,
843 3165 876 3220 et
897 3159 1032 3220 Ricardo
1054 3159 1092 3219 de
1110 3160 1268 3230 Vernoun,
1287 3160 1366 3239 juris
1387 3163 1531 3223 canonici

295 3266 479 3346 professore,
507 3264 642 3326 testibus
662 3266 702 3326 ad
726 3265 880 3344 premissa
900 3265 1020 3326 vocatis
1041 3271 1073 3325 et
1094 3265 1219 3344 rogatis.

377 3398 421 3458 Et
441 3417 498 3476 ego
529 3396 706 3457 Willelmus
728 3397 832 3456 dictus
866 3396 986 3456 Pachet
1013 3396 1052 3455 de
1082 3397 1374 3466 Westmonasterio,
1400 3398 1531 3460 clericus

296 3503 526 3564 londoniensis
558 3502 700 3572 diocesis,
728 3500 872 3580 publicus
897 3501 1069 3580 apostolica
1097 3505 1129 3561 et
1158 3501 1311 3579 imperiali
1340 3503 1528 3564 auctoritate

295 3607 445 3678 notarius,
483 3607 645 3686 premissis
684 3605 830 3666 omnibus
865 3610 897 3666 et
935 3606 1076 3685 singulis,
1115 3611 1208 3684 prout
1243 3607 1528 3685 suprascribuntur,

294 3733 431 3773 unacum
459 3713 593 3773 testibus
620 3711 842 3791 suprascriptis
868 3731 999 3790 presens
1030 3711 1167 3782 intertui,
1189 3693 1287 3790 eaque
1308 3712 1353 3772 sio
1374 3711 1441 3773 fieri
1466 3715 1531 3774 vidi

294 3825 327 3880 et
347 3819 461 3888 audivi,
486 3824 519 3879 et
554 3819 586 3877 in
620 3817 702 3878 hanc
736 3817 893 3896 publicam
925 3817 1058 3877 formam
1093 3817 1207 3896 redegi,
1231 3837 1364 3897 meoque
1385 3819 1475 3898 signo
1496 3827 1529 3881 et

293 3926 422 3986 nomine
445 3925 604 3986 consuetis
628 3923 748 4003 signavi
769 3928 906 4002 rogatus.

294 4202 376 4262 Mar.
401 4199 557 4261 rra-The
581 4198 699 4277 Bisbop
723 4197 759 4256 ia
781 4196 965 4257 accordcncc
999 4195 1076 4255 wilt
1095 4215 1116 4254 c
1138 4194 1222 4254 latter
1240 4195 1325 4273 from
1347 4194 1395 4256 tlrc
1415 4195 1523 4275 Popc's

413 4279 627 4357 Pcaitcutiary
651 4285 757 4356 prorata
778 4298 798 4339 a
818 4275 1031 4356 dispensation
1052 4283 1081 4335 to
1099 4275 1240 4335 Wiltiam
1259 4275 1295 4335 dc
1314 4275 1523 4354 Sarzqucnnic,

415 4361 464 4421 tha
483 4360 611 4421 Proctor
630 4360 666 4438 of
684 4359 781 4436 Lyra,
800 4359 855 4437 jor
878 4356 1098 4417 ecclesiasticcl
1117 4355 1341 4434 irrepulcrdr'as
1364 4356 1401 4434 by
1422 4357 1525 4418 whr'cb

414 4442 450 4502 bc
475 4441 537 4502 had
560 4439 705 4502 incamcd
731 4437 1033 4500 excommunicatae.

375 4599 520 4658 erraaa
542 4611 787 4656 rarrrnacnarr
818 4594 907 4652 Para
938 4610 1000 4667 rao
1028 4593 1266 4652 Paocuaaroas
1298 4609 1340 4650 na
1372 4591 1463 4663 liras,
1484 4609 1528 4650 nr

292 4721 503 4766 nrsrausacro
524 4700 918 4779 Emecoaa—Episcopus,
933 4704 1003 4770 etc,
1025 4697 1168 4777 religioso
1188 4696 1263 4767 viro,
1284 4696 1372 4756 tratri
1393 4697 1442 4768 G,
1457 4701 1528 4768 stc..

292 4818 329 4872 ut
349 4810 439 4881 infra,
461 4809 605 4879 salutem,
635 4812 695 4868 etc.
739 4805 875 4866 Litteras
898 4802 1085 4866 venerabilis
1113 4801 1221 4883 patris,
1247 4801 1366 4862 domini
1391 4801 1439 4874 B,
1467 4802 1529 4864 Dei

292 4916 396 4996 gracia
417 4914 576 4995 Episcopi,
590 4913 681 4974 nobis
695 4911 864 4974 exhibuisti
885 4916 1027 4972 tenorem
1041 4909 1094 4989 qui
1114 4908 1256 4990 sequitur
1272 4908 1470 4970 continentes
1478 4929 1527 4969 :—

292 5021 470 5084 Vsnerabili
504 5020 537 5080 in
578 5019 705 5080 Christo
737 5017 829 5097 patri,
868 5016 928 5078 Dei
958 5015 1063 5095 gracia
1096 5015 1255 5095 Episcopo
1290 5013 1525 5086 Herslordansi,

293 5128 343 5190 val
367 5128 437 5207 ejus
463 5126 579 5188 vicario
607 5127 641 5186 in
668 5123 891 5205 spiritualibus,
931 5121 1149 5200 Borangarius,
1182 5119 1385 5182 miseracione
1419 5120 1527 5181 divina
