3850 5917
673 715 823 796 Episcopi
849 716 1091 797 Herofordensic.
1458 720 1500 780 29

113 943 164 984 Ml·
177 945 225 984 ¹³¹⁷·
263 939 301 1000 de
323 939 464 1020 Sugwas,
485 940 535 1001 die
556 939 688 1002 Veneris
709 940 742 999 in
764 941 901 1002 crastina
929 941 1031 1002 sancti
1052 941 1219 1003 Michaelis
1241 940 1385 1021 proximo
1413 961 1500 1002 nunc

263 1045 369 1116 futuri,
395 1066 490 1125 super
508 1047 567 1108 sibi
591 1047 763 1109 obiciendis
787 1048 820 1107 in
843 1047 944 1109 lorma
963 1049 1043 1128 juris
1067 1048 1275 1128 personaliter
1287 1067 1499 1128 responsurus

263 1156 295 1213 et
324 1152 386 1232 juri
415 1153 585 1233 pariturus,
614 1154 808 1235 ulteriusque
829 1153 969 1216 facturus
990 1159 1023 1216 et
1050 1160 1233 1234 recepturus
1256 1154 1341 1235 quod
1366 1155 1497 1234 justicia

264 1258 416 1319 suadebit.
479 1258 523 1319 Et
557 1259 633 1340 quid
667 1261 700 1318 in
740 1260 903 1340 premissis
939 1259 1087 1332 feceritis,
1129 1265 1188 1322 etc.
1252 1261 1372 1321 Datum
1414 1261 1501 1340 apud

264 1364 393 1444 Sugwm
427 1365 614 1444 predictum,
649 1365 723 1445 xviij
756 1366 807 1428 die
841 1366 960 1428 mensis
996 1366 1199 1447 Septembris,
1242 1387 1326 1428 anno
1368 1367 1500 1428 Domini

262 1469 525 1550 Mwooovxvije
547 1475 606 1532 eto.
670 1472 777 1552 Hujus
798 1471 893 1552 igitur
913 1472 1101 1534 auctoritate
1134 1472 1275 1533 mandati
1304 1472 1499 1534 Willelmum

262 1577 299 1637 de
329 1577 360 1637 la
388 1577 472 1656 Hay,
493 1578 721 1658 presbyterum,
753 1579 947 1640 antedictum
973 1578 1134 1640 subditum
1163 1584 1309 1640 nostrum
1344 1583 1377 1640 et
1403 1580 1497 1660 juris·

262 1681 412 1744 diccionis
432 1683 604 1745 decanatus
633 1683 874 1745 Hereiordensis
899 1684 1022 1745 notorie
1052 1684 1239 1745 existentem
1265 1689 1299 1746 et
1325 1685 1359 1744 in
1387 1685 1499 1746 eadem

259 1786 479 1865 jurisdiccione
500 1794 758 1860 commorantem,
779 1788 820 1850 ob
842 1789 924 1850 tanti
944 1789 1045 1869 patris
1075 1790 1297 1862 reverenciam,
1321 1790 1396 1851 licet
1417 1791 1497 1852 elias

262 1913 323 1955 non
357 1899 537 1956 teneremur
570 1896 742 1956 secuudum
777 1897 842 1957 vim
877 1902 909 1958 et
935 1898 1071 1957 formam
1105 1903 1139 1958 et
1176 1896 1325 1958 effectum
1354 1897 1498 1958 mandati

261 1998 356 2058 vestri
383 1998 526 2076 predicti,
547 1999 754 2077 personaliter
774 1999 863 2061 citari
891 2000 1023 2063 fecimus
1052 2002 1135 2081 quod
1165 2007 1361 2081 compareret
1389 2022 1496 2063 coram

261 2103 349 2165 vobis
384 2105 435 2165 die
480 2109 512 2166 et
549 2105 619 2166 loco
655 2107 814 2185 predictis,
856 2106 997 2169 fasanus
1031 2112 1064 2169 et
1098 2111 1291 2188 recepturus,
1331 2110 1392 2180 iic,
1427 2108 1499 2188 jure

261 2209 381 2270 domini
407 2210 509 2271 nostri
543 2211 662 2271 domini
697 2212 807 2273 decani
838 2218 871 2274 et
896 2212 1128 2293 jurisdiccionis
1149 2233 1205 2275 sue
1238 2233 1364 2293 semper
1399 2214 1497 2276 salvo.

262 2319 382 2378 Datum
421 2316 615 2388 Hereiordie,
654 2317 687 2397 iij
723 2318 792 2378 Kal.
824 2318 979 2389 Octobris,
1015 2338 1100 2379 auno
1141 2318 1271 2379 Domini
1306 2319 1496 2398 supradicto.

262 2423 319 2484 Cui
348 2422 477 2483 domino
505 2422 663 2484 Willelmo
692 2423 784 2484 dictis
821 2424 872 2485 die
903 2429 935 2485 et
966 2424 1035 2485 loco
1064 2444 1170 2485 eoram
1200 2424 1371 2486 venerabili
1406 2429 1499 2504 patre

260 2528 401 2608 predicto
421 2528 628 2607 personaliter
648 2531 842 2609 competenti
863 2529 990 2610 prefixit
1021 2530 1105 2592 idem
1136 2530 1284 2592 dominus
1314 2530 1498 2611 Episcopus

261 2634 341 2696 diem
364 2634 479 2694 Martis
506 2635 648 2714 proximo
669 2640 746 2695 tuno
774 2640 958 2716 sequentem
983 2635 1023 2695 ad
1047 2636 1293 2715 comparendum
1322 2655 1429 2697 coram
1457 2655 1497 2697 eo

261 2739 294 2798 in
317 2739 438 2818 capella
458 2738 549 2800 beate
579 2738 680 2801 Maris
701 2740 888 2820 Magdalene
910 2741 1000 2821 juxta
1027 2741 1180 2821 majorem
1204 2740 1370 2802 ecclesiam
1395 2741 1497 2802 Here·

261 2845 446 2916 ferdensem,
468 2851 501 2906 et
532 2845 572 2905 ad
592 2845 846 2926 respondendum
870 2845 1078 2926 personaliter
1108 2865 1205 2926 super
1235 2845 1296 2906 sibi
1322 2845 1498 2907 obiciendis

263 2950 293 3010 in
314 2950 417 3012 forma
440 2951 528 3031 juris,
554 2955 613 3012 etc.

262 3179 341 3260 Sept.
364 3179 522 3240 28-le
552 3179 671 3258 Bishop
701 3179 803 3239 writes
828 3186 857 3240 to
890 3179 938 3240 the
969 3178 1161 3259 Archbisbop
1190 3178 1258 3239 that
1289 3178 1325 3239 he
1360 3178 1416 3239 lucc
1450 3198 1497 3239 rc·

383 3259 485 3321 oeiosd
505 3279 597 3338 cscay
627 3259 808 3339 complaints
839 3260 1020 3338 occemuinq
1049 3260 1098 3320 the
1128 3267 1193 3321 acts
1227 3260 1263 3340 of
1295 3259 1428 3338 [Gilberl
1459 3259 1498 3320 dc

385 3340 626 3420 Sotbecbesford]
667 3341 716 3401 the
735 3340 952 3421 Archbisbop's
976 3348 1065 3418 opaci
1094 3340 1130 3401 ia
1165 3340 1213 3401 the
1233 3339 1360 3402 Dabam
1380 3339 1497 3418 durinc

384 3421 666 3581 &vaporemus
693 3421 742 3483 the
764 3421 841 3483 See:
878 3421 941 3482 aad
972 3421 1043 3482 aske
1076 3421 1144 3482 stat
1166 3420 1315 3482 ramici
1343 3439 1497 3482 messuros

343 3660 492 3719 Lis-runs
511 3677 629 3720 nomm
651 3659 721 3719 Ana
744 3659 1024 3720 Hannsoanansss
1055 3658 1210 3718 Emsoom
1230 3673 1356 3717 nonme
1377 3655 1499 3716 Anem-

263 3782 419 3826 uerscoro
440 3763 683 3826 cincinnus
705 3763 1082 3825 amnena-Reverendo
1105 3762 1139 3822 in
1163 3761 1291 3824 Christo
1314 3760 1406 3840 patri,
1425 3764 1498 3833 etc„

263 3870 483 3932 Cantusriensi
507 3871 760 3952 Archiepiscopo,
796 3870 906 3943 Adam,
938 3876 998 3931 etc.
1041 3869 1214 3949 Postquam
1241 3886 1343 3946 nuper
1372 3867 1497 3928 litteras

261 3981 383 4036 vestrm
404 3975 608 4036 suavissimas
626 3975 681 4037 leti
700 3975 877 4056 recepimus
893 3975 1063 4036 clamorem
1082 3972 1254 4033 multorum
1268 3971 1497 4051 religiosorum,

262 4081 456 4154 clericorum,
477 4081 637 4154 laicorum,
658 4081 811 4143 nobilium
832 4087 865 4144 et
885 4081 1018 4143 aliorum
1043 4080 1215 4140 multorum
1236 4082 1343 4138 nostre
1362 4075 1499 4138 diocesis

261 4187 440 4248 audivimus
470 4192 715 4267 conquerentem
745 4187 784 4248 de
815 4185 910 4247 variis
940 4183 1198 4266 oppressionibus
1230 4185 1263 4243 et
1297 4181 1421 4261 injuriis
1449 4180 1498 4242 eis

262 4293 356 4354 illatis
377 4313 435 4372 per
465 4294 622 4372 quendam
653 4293 812 4373 bigamum
843 4293 1025 4353 ministrum
1049 4289 1277 4360 detestabilem,
1300 4288 1373 4349 sede
1395 4287 1497 4348 Hers-

262 4396 400 4459 lordsnsi
424 4403 566 4470 vacante,
595 4398 628 4457 in
652 4397 752 4478 ipsius
780 4397 896 4459 diocesi
917 4397 958 4457 ad
985 4394 1162 4476 spiritualia
1182 4394 1378 4473 deputatum.
1422 4392 1499 4473 Ipse

262 4524 399 4586 namque
433 4509 585 4584 tanquam
615 4505 709 4584 lupus
740 4504 902 4566 famelicus
937 4503 978 4563 ad
1008 4522 1062 4564 eos
1096 4501 1269 4561 inhumane
1305 4519 1339 4561 se
1373 4517 1497 4578 gerens,

263 4610 398 4672 incussis
420 4608 599 4682 terroribus,
622 4609 783 4671 violenciis
810 4614 843 4671 et
870 4607 966 4669 minis
989 4607 1095 4678 illatis,
1116 4605 1234 4667 dolosis
1258 4603 1499 4665 inductionibus

263 4719 295 4774 et
321 4713 485 4774 fraudibus
512 4713 681 4794 requisitis,
708 4713 795 4775 velut
829 4732 1000 4774 concussor
1026 4711 1154 4790 iniquus
1181 4729 1236 4772 eos
1266 4707 1500 4770 extorcionibus

263 4816 522 4879 intollerabilibus
541 4818 747 4898 pregravavit,
779 4822 811 4880 et
842 4818 882 4878 ad
907 4817 985 4878 alios
1013 4823 1144 4896 questus
1175 4815 1301 4875 illicitos
1329 4818 1362 4874 et
1386 4812 1496 4892 damp-

264 4928 355 4984 natos
387 4943 451 4983 non
473 4922 514 4982 ad
545 4923 682 4983 fructum
710 4923 915 4985 correccionis
943 4923 1000 4984 sed
1031 4920 1244 5001 corrupcionis
1273 4918 1500 4980 detrimentum

264 5034 296 5089 et
316 5029 356 5090 ad
387 5028 558 5090 saturando
585 5028 767 5109 cupiditatis
795 5029 944 5090 affectum
975 5046 1069 5088 suum
1090 5026 1213 5088 exacuit
1245 5024 1415 5104 ingenium,
1438 5041 1500 5083 nec

266 5133 303 5195 de
337 5133 432 5194 modo
455 5152 514 5194 nec
541 5133 580 5195 de
618 5153 713 5195 causa
744 5133 874 5205 curavit,
908 5133 986 5193 adeo
1013 5131 1098 5212 quod
1131 5130 1223 5191 multi
1252 5128 1353 5190 nostri
1380 5125 1500 5188 subditi
