3850 5917
417 694 458 752 48
792 691 972 772 Reqistrum
998 692 1063 754 Adc
1089 692 1127 754 'de
1157 693 1280 755 Orleton

244 925 303 965 Μ·
318 925 373 964 ¹³²⁰·
414 917 659 998 depredacionss
692 938 866 998 pauperum
901 917 1026 979 felicem
1065 918 1214 979 habuisse
1252 919 1451 999 reperiuntur
1491 925 1649 980 eventum.

415 1023 506 1085 Inter
536 1025 595 1086 hec
626 1024 726 1085 eciam
758 1024 816 1085 Ille
844 1024 898 1104 qui
928 1024 1048 1104 judicat
1079 1031 1111 1086 et
1139 1025 1242 1104 arguit
1273 1044 1329 1104 pro
1357 1025 1532 1086 mansuetis
1558 1031 1650 1098 terre,

415 1131 585 1212 gemitibus
615 1150 837 1211 oppressorum
864 1130 916 1210 pie
947 1130 1156 1210 compaciens,
1184 1136 1312 1210 propter
1338 1131 1516 1210 injusticias
1543 1131 1651 1211 hujus·

416 1236 503 1296 modi
530 1255 636 1315 regem
660 1239 692 1296 et
716 1253 847 1314 regnum
873 1234 1029 1305 humiliat,
1050 1254 1166 1314 eosque
1190 1233 1314 1295 abillis
1338 1234 1452 1314 quibus
1476 1235 1551 1296 olim
1579 1255 1652 1296 con·

419 1343 587 1402 sueverant
625 1341 779 1420 imperare
813 1339 995 1401 immaniter
1032 1339 1127 1419 affligi
1157 1340 1345 1426 permittens
1385 1361 1494 1401 eorum
1533 1345 1653 1402 statum

416 1447 625 1528 ignominiose
646 1446 819 1508 conculcat.
862 1445 1017 1506 Miramur
1044 1445 1138 1525 igitur
1159 1445 1186 1506 si
1211 1452 1242 1507 te
1271 1445 1304 1504 in
1328 1445 1500 1525 premissis,
1525 1466 1595 1526 que,
1617 1451 1654 1508 nt

416 1557 583 1627 credimus,
605 1557 748 1636 ignorare
769 1575 833 1616 non
856 1558 957 1634 potes,
979 1553 1065 1614 zelus
1086 1552 1215 1614 Domini
1234 1558 1290 1613 aut
1312 1552 1442 1614 ecclesie
1464 1572 1528 1612 non
1550 1552 1653 1632 tangit

415 1662 558 1734 affliccio,
589 1661 616 1722 si
637 1661 718 1741 regis
743 1665 775 1722 et
798 1660 886 1740 regni
910 1659 1087 1739 compassio
1118 1664 1150 1719 te
1174 1678 1238 1719 non
1264 1664 1377 1719 movet.
1427 1657 1582 1717 Miramur
1615 1657 1653 1729 si,

418 1766 517 1829 veluti
530 1766 629 1827 canis
657 1771 765 1826 mutus
799 1764 913 1826 latrare
943 1784 1007 1825 non
1036 1763 1144 1824 valens
1172 1769 1227 1824 aut
1255 1763 1336 1824 forte
1363 1783 1422 1824 nec
1449 1763 1567 1834 volens,
1595 1763 1653 1822 im·

419 1873 571 1954 pietatem
594 1893 683 1934 suam
707 1891 771 1932 non
791 1871 1032 1932 annunciaveris
1049 1869 1164 1949 impiis,
1185 1890 1235 1942 ne,
1257 1870 1284 1931 si
1305 1869 1338 1929 in
1359 1869 1521 1949 impietate
1536 1868 1654 1930 mortui

417 1978 544 2051 fuerint,
576 1997 684 2040 eorum
716 1976 821 2037 anima
852 1976 890 2037 de
921 1977 986 2037 tuis
1017 1976 1163 2036 manibus
1197 1975 1381 2055 requiratur.
1437 1974 1592 2035 Miramur
1625 1975 1651 2037 si

417 2084 600 2164 hujusmodi
617 2082 760 2144 deferens
781 2087 891 2142 contra
912 2082 1017 2142 Deum
1036 2080 1184 2141 officiales
1204 2080 1370 2159 predictos,
1389 2085 1537 2151 avertere,
1555 2101 1652 2160 quan·

418 2195 488 2251 tum
521 2189 554 2248 in
579 2195 611 2249 te
638 2187 708 2259 fuit,
740 2187 779 2248 ab
812 2187 872 2247 hac
900 2187 1074 2246 inhumana
1102 2186 1267 2265 tyrannide
1302 2185 1445 2246 timuisti.
1498 2185 1653 2266 Quicquid

418 2300 526 2356 autem
554 2293 604 2366 sit,
633 2293 863 2354 fraternitatem
889 2296 976 2353 tuam
1009 2292 1195 2352 movendam
1223 2291 1370 2352 duximus
1404 2297 1436 2352 et
1464 2293 1652 2353 hortandam

417 2399 452 2460 in
482 2399 609 2460 domino
633 2399 710 2460 Jesu
742 2399 877 2469 Christo,
910 2419 968 2477 per
998 2397 1169 2476 apostolica
1196 2397 1419 2459 nichilominus
1448 2397 1565 2477 scripta
1597 2399 1653 2460 tibi

417 2505 620 2586 precipiendo
656 2504 843 2564 mandantes
878 2504 1028 2583 quatinus
1066 2504 1105 2563 ad
1134 2503 1320 2564 excellencie
1361 2503 1444 2583 regie
1481 2505 1652 2582 puritatem

416 2601 540 2692 gratam
568 2611 646 2691 Regi
667 2630 785 2690 regum,
812 2630 870 2690 per
898 2630 993 2690 quem
1021 2611 1114 2669 datur
1140 2628 1270 2689 regnare
1297 2609 1500 2690 principibus,
1528 2630 1652 2672 conser-

419 2717 555 2778 vandam
583 2716 751 2778 intendens
775 2716 879 2796 ipsum
907 2715 941 2775 in
966 2734 1062 2795 regno
1090 2735 1157 2786 suo,
1180 2715 1325 2794 idemque
1345 2735 1476 2795 regnum
1504 2715 1563 2777 sub
1585 2717 1653 2793 ejus

419 2823 571 2902 regimine
601 2823 733 2902 dirigere
771 2843 828 2903 pro
859 2822 978 2883 viribus
1007 2828 1140 2900 satagas,
1177 2841 1311 2901 eumque
1343 2841 1381 2882 ex
1417 2822 1652 2884 hortacionibus

420 2927 600 2989 efficacibus
621 2927 764 2989 sollerter
783 2928 914 2988 inducas
934 2927 1019 3007 quod
1038 2926 1185 2987 ecclesias
1204 2932 1237 2986 et
1255 2945 1405 3005 personas
1427 2927 1656 2988 ecclesiasticas

417 3033 506 3112 regni
541 3033 590 3094 eui
622 3053 746 3112 semper
778 3032 892 3093 habeat
927 3033 960 3092 in
992 3032 1120 3103 honore,
1152 3030 1191 3091 ab
1223 3051 1332 3091 earum
1365 3031 1488 3109 injuriis
1523 3032 1653 3093 omnino

417 3139 560 3210 desistat,
585 3159 721 3219 suosque
746 3139 894 3200 officiales
918 3137 1070 3200 desistere
1094 3137 1197 3207 faciat,
1218 3140 1288 3215 jura
1308 3143 1340 3198 et
1361 3136 1521 3198 libertates
1545 3157 1653 3198 earum

417 3249 630 3316 manuteneat,
655 3249 808 3325 protegat,
831 3249 863 3305 et
885 3243 1042 3314 defendat,
1071 3262 1108 3302 ac
1128 3261 1182 3303 eas
1203 3241 1415 3303 favorabiliter
1434 3249 1651 3322 prosequatur,

417 3353 637 3433 expediciones
658 3351 785 3413 bellicas
806 3371 870 3412 non
898 3351 937 3412 ds
962 3350 1165 3410 ecclesiarum
1188 3348 1238 3410 vel
1261 3368 1436 3428 pauperum
1459 3349 1567 3429 spoliis
1596 3350 1652 3411 sed

416 3460 456 3520 de
481 3459 579 3520 fiscali
603 3458 703 3519 erario
730 3457 834 3526 faciat,
859 3461 895 3516 nt
923 3476 978 3517 eas
1005 3454 1174 3515 feliciorem
1197 3453 1316 3514 exitum
1341 3454 1455 3514 habere
1479 3455 1651 3535 contingat,

417 3566 576 3627 ministret
590 3569 623 3626 et
642 3564 736 3625 faciat
754 3563 934 3633 ministrari,
956 3561 1097 3640 talesque
1118 3559 1279 3620 ministros
1297 3559 1413 3639 publici
1432 3561 1511 3638 juris
1532 3566 1653 3622 statuat

418 3670 473 3751 qui
498 3671 601 3731 Deum
627 3669 768 3738 timeant,
785 3666 946 3747 justiciam
967 3666 1108 3746 diligant,
1127 3671 1160 3726 et
1181 3665 1300 3747 nullam
1319 3665 1352 3724 in
1371 3666 1441 3743 ejus
1464 3667 1653 3728 sxecucione

416 3776 595 3844 formident,
621 3773 675 3854 qui
700 3794 763 3834 non
785 3784 957 3852 sequantur
977 3770 1203 3831 retribuciones
1227 3777 1260 3831 et
1284 3790 1423 3842 munera,
1448 3771 1501 3851 qui
1522 3792 1650 3851 person·

417 3901 507 3942 arum
541 3880 677 3962 graciam
705 3899 769 3940 non
794 3877 959 3958 accipiant,
996 3883 1028 3938 et
1062 3877 1114 3956 qui
1145 3877 1183 3938 de
1211 3877 1429 3938 assistencinm
1458 3877 1518 3938 sibi
1545 3878 1652 3940 favore

416 3963 565 4047 dduciam
599 3985 798 4065 impunitatis
836 3989 891 4044 aut
923 3983 1087 4044 audaciam
1123 4002 1187 4043 non
1211 3982 1348 4043 habeant
1378 3983 1539 4054 renuendi,
1567 3985 1651 4064 quod

417 4092 517 4154 eciam
532 4092 600 4172 ipse
621 4092 704 4152 idem
720 4090 879 4151 interdum
894 4089 1028 4150 subditis
1042 4109 1076 4149 se
1097 4088 1260 4159 visibilem,
1274 4088 1421 4149 adibilem
1441 4094 1474 4149 et
1494 4089 1651 4150 affabilem

416 4198 555 4280 prebeat,
580 4218 686 4259 eorum
713 4198 865 4257 clamores
893 4201 925 4256 et
948 4196 1085 4276 gemitus
1112 4215 1176 4256 non
1200 4201 1413 4273 contempnat,
1438 4198 1535 4256 immo
1559 4195 1653 4257 vidue

416 4305 457 4366 ad
474 4303 663 4364 auditorium
678 4322 771 4364 suum
785 4302 952 4371 introeant,
968 4301 1186 4380 oppressiones
1200 4319 1373 4379 pauperum
1389 4301 1515 4370 relevet,
1532 4300 1652 4381 pupillo

417 4416 451 4472 et
481 4409 622 4489 orphano
656 4408 698 4469 sit
729 4407 863 4485 adjutor,
897 4411 1125 4486 conquerentes
1153 4407 1191 4466 de
1225 4425 1268 4476 se,
1301 4411 1356 4466 aut
1391 4406 1574 4467 officialibus
1602 4407 1652 4468 vel

416 4515 623 4577 familiaribus
644 4515 718 4584 suis,
741 4513 847 4574 audiat
868 4513 1038 4592 pacienter,
1059 4513 1156 4574 cicius
1180 4532 1273 4592 quarn
1297 4511 1375 4572 alios
1398 4511 1469 4573 illos
1496 4513 1650 4592 expediat,

417 4642 476 4683 nec
499 4619 648 4681 conviciis
670 4619 759 4689 affici,
781 4623 836 4678 aut
855 4617 1156 4678 comminacionibus
1177 4618 1291 4678 deterri
1310 4618 1483 4696 permittat,
1506 4624 1537 4679 et
1558 4625 1594 4678 ut
1614 4639 1653 4680 ea

418 4745 625 4806 semperque
652 4725 746 4804 digna
768 4729 843 4785 sunt
864 4723 1007 4803 principe
1031 4723 1146 4802 cogitet
1167 4728 1199 4784 et
1219 4743 1254 4783 ee
1274 4722 1307 4782 in
1328 4723 1390 4784 illis
1411 4723 1544 4784 libenter
1567 4745 1653 4786 exer·

416 4839 495 4904 ceat,
517 4832 655 4912 prelatos
675 4836 708 4891 st
728 4830 812 4890 viros
835 4829 913 4890 alios
932 4829 1107 4890 timoratos¹
1130 4849 1187 4890 suo
1208 4829 1393 4890 assistentes
1416 4829 1530 4890 habeat
1552 4831 1653 4904 lateri,

415 4938 470 5019 qui
498 4957 535 4999 ea
562 4936 744 4997 maturitate
769 4941 801 4996 et
825 4936 992 4996 honestate
1014 4935 1154 5013 fulgeant
1181 4934 1264 5014 quod
1293 4935 1324 4993 in
1353 4954 1461 4996 eorum
1488 4938 1653 5014 presencia

935 5069 1130 5118 l-God-fearinfl.
