3850 5917
396 679 456 738 190
771 682 950 761 Rapistrum
977 683 1042 745 Adc
1069 685 1106 746 de
1136 686 1258 748 Orlctoa

226 908 283 948 Λ-ὓ·
299 908 354 946 ¹³²¹·
397 901 517 964 amicus
539 909 646 965 noster
666 905 699 964 in
724 905 860 977 Christo,
895 907 1045 986 magister
1077 908 1250 971 Nicholaus
1275 911 1313 972 de
1335 911 1510 984 Lodelowe,
1547 915 1631 993 quod

398 1008 562 1070 Mattheus
589 1009 686 1071 irater
708 1030 784 1072 suus
813 1013 951 1091 quedam
979 1013 1074 1074 verba
1101 1014 1269 1077 inhonesta
1291 1037 1355 1078 non
1376 1021 1483 1079 tamen
1507 1018 1631 1099 publiee

398 1119 447 1174 set
481 1114 629 1195 privatim
665 1116 797 1196 protulit
834 1137 939 1179 coram
967 1119 1085 1199 paucis,
1121 1140 1181 1202 que
1210 1121 1283 1183 licet
1317 1123 1350 1183 in
1385 1123 1532 1204 injuriam
1575 1145 1631 1187 seu

399 1219 627 1300 blasphemiam
655 1222 781 1302 gloriosi
815 1225 941 1303 patroni
975 1226 1085 1298 nostri,
1115 1227 1217 1288 sancti
1245 1228 1374 1302 Thomu,
1403 1235 1435 1291 et
1466 1229 1630 1292 recolende

399 1327 549 1386 memorie
583 1326 631 1397 R,
663 1327 876 1407 proximorum
904 1331 1159 1409 predecessorum
1187 1338 1376 1405 nostrorum,
1413 1335 1515 1414 prima
1551 1335 1630 1397 facie

398 1431 526 1492 tendere
553 1431 748 1505 videbantur,
770 1439 878 1494 tamen
905 1454 943 1495 ea
970 1455 1008 1496 ex
1035 1436 1171 1515 quadam
1199 1437 1326 1499 levitate
1354 1443 1387 1499 et
1413 1459 1476 1500 non
1499 1460 1537 1501 ex
1560 1460 1628 1519 per·

400 1539 517 1600 tinacia
538 1560 594 1600 seu
610 1539 718 1602 dolosa
735 1542 912 1602 temeritate
931 1562 989 1602 nec
1004 1543 1109 1604 animo
1126 1541 1295 1622 injuriandi
1318 1563 1374 1604 seu
1390 1543 1628 1624 blasphemandi

397 1645 513 1706 dicitur
532 1645 709 1725 protulisse.
751 1647 855 1720 Quare
883 1647 1070 1709 venerabilis
1098 1647 1154 1718 vir,
1186 1649 1335 1728 magister
1363 1649 1398 1708 A.
1431 1649 1630 1712 Murimouth

398 1757 431 1812 et
455 1751 539 1812 idem
560 1751 733 1819 Nieholaus
753 1752 845 1813 nobis
868 1753 1031 1815 humiliter
1058 1753 1274 1834 supplicarunt
1309 1761 1465 1835 quatenus
1493 1756 1628 1817 eundem

399 1858 565 1920 Matheum
593 1878 656 1938 quo
677 1860 716 1920 ad
737 1859 865 1919 modum
887 1858 1075 1939 prolationis
1103 1881 1210 1922 eorum
1242 1883 1276 1922 se
1300 1882 1449 1924 excusare
1469 1862 1628 1925 volentem

396 1966 563 2027 admittere
591 1966 798 2046 dignaremur.
842 1966 935 2028 Unde
958 1966 1048 2028 nobis
1069 1966 1315 2028 attendentibus¹
1336 1968 1429 2047 quod,
1450 1967 1524 2028 licet
1544 1968 1629 2029 idem

398 2071 548 2131 Matheus
573 2070 606 2129 in
637 2070 696 2130 hac
716 2075 806 2150 parte
833 2071 998 2150 culpabilis
1019 2070 1061 2130 sit
1092 2074 1243 2150 repertus,
1265 2092 1302 2132 ex
1331 2071 1436 2132 labore
1467 2077 1574 2132 tamen
1595 2077 1629 2134 et

392 2177 512 2256 pudore
531 2196 610 2257 quos
630 2181 759 2256 propter
778 2176 861 2236 hanc
881 2197 1009 2236 causam
1029 2177 1159 2237 incurrit
1179 2182 1339 2258 utcunque
1359 2177 1499 2256 punitus,
1519 2177 1627 2256 hujus-

398 2282 484 2343 modi
509 2282 587 2342 levis
611 2281 703 2360 culpa
724 2282 754 2342 ei
778 2281 890 2342 leniter
909 2282 1027 2361 poterit
1051 2282 1212 2363 indulgeri,
1238 2283 1379 2344 sufficere
1407 2283 1530 2344 videtur
1544 2285 1628 2365 quod

393 2409 432 2450 ex
451 2409 514 2469 quo
533 2387 617 2449 dicta
640 2389 735 2450 verba
758 2409 815 2468 per
835 2389 1028 2450 delacionem
1049 2389 1224 2468 aliquorum
1239 2395 1271 2450 et
1291 2395 1429 2451 vestrum
1445 2409 1629 2469 processum

394 2496 428 2554 in
449 2495 599 2556 noticiam
618 2494 775 2574 publicam
796 2495 998 2566 devenerunt,
1016 2495 1098 2556 idem
1114 2495 1263 2557 Matheus
1280 2495 1384 2577 aliquo
1401 2495 1452 2557 die
1473 2494 1627 2576 solempni

394 2601 477 2662 inira
498 2601 665 2662 missarum
692 2601 875 2681 solempnia,
903 2601 1030 2681 quando
1059 2621 1159 2680 major
1190 2601 1289 2663 aderit
1309 2602 1416 2682 populi
1447 2601 1626 2674 multitude,

395 2713 469 2787 post
490 2707 685 2768 offertorium
706 2707 907 2768 decantatum
930 2707 964 2766 in
984 2707 1155 2787 parochiali
1183 2707 1314 2768 ecclesia
1335 2707 1373 2768 de
1399 2707 1564 2769 Lodelowe
1586 2709 1627 2768 ad

393 2813 632 2875 excusacionem
662 2809 751 2873 suam
785 2812 909 2892 publice
936 2817 1148 2892 recognoscat,
1179 2833 1236 2892 per
1268 2832 1301 2873 se
1329 2811 1378 2872 vel
1417 2811 1626 2891 presbiterum

392 2918 616 2999 parochialem,
645 2917 698 2997 qui
726 2917 854 2978 nomine
882 2937 939 2978 suo
967 2919 1001 2977 in
1022 2939 1079 2979 sua
1106 2919 1268 2998 presencia
1288 2919 1346 2979 hee
1371 2918 1515 2990 declaret,
1541 2919 1626 2999 quod

393 3045 459 3086 non
482 3025 588 3084 animo
617 3023 795 3103 injuriandi,
825 3023 1072 3103 blasphemandi,
1098 3044 1154 3085 seu
1183 3024 1376 3096 detrahendi,
1405 3045 1463 3085 nec
1491 3022 1523 3083 in
1552 3045 1624 3085 con-

392 3135 549 3211 temptum
578 3135 758 3191 sanctorum
786 3129 881 3190 verba
901 3129 1021 3191 dixerat
1049 3129 1236 3210 supradicta.
1292 3129 1446 3191 Volumus
1474 3129 1569 3209 igitur
1588 3135 1625 3190 ut

392 3239 518 3318 quoad
541 3237 695 3317 premissa
722 3236 824 3315 agatis
852 3236 965 3295 micius
986 3254 1058 3295 cum
1086 3255 1131 3306 eo,
1153 3255 1266 3314 penam
1295 3233 1451 3315 publicam
1481 3235 1508 3296 si
1528 3254 1623 3314 quam

391 3345 496 3404 eidem
537 3363 575 3404 ea
610 3342 737 3402 accione
771 3341 971 3402 decreveritis
1012 3340 1236 3421 injungendam
1270 3340 1303 3400 in
1345 3340 1438 3401 aliam
1481 3341 1549 3402 Deo
1591 3345 1624 3401 et

394 3448 519 3509 Sanctis
539 3452 661 3527 gratam
682 3445 847 3525 benignius
867 3446 1099 3506 commutando.
1143 3447 1261 3506 Datum
1285 3445 1466 3518 Londoniis,
1494 3455 1546 3506 xv⁰
1573 3447 1623 3508 die

391 3553 561 3615 Februarii.

392 3821 474 3900 Sept.
503 3818 691 3878 ae-Ftnaz
719 3824 878 3877 statement
907 3818 942 3896 os
975 3817 1023 3877 the
1052 3817 1178 3896 resorms
1208 3817 1328 3896 affected
1358 3817 1395 3895 by
1426 3817 1474 3877 tho
1503 3817 1623 3898 Bietop
1654 3837 1658 3846 ·

507 3898 756 4040 &mim
778 3899 814 3978 of
833 3898 1060 3976 Abcrpcveany,
1083 3897 1119 3957 iu
1140 3898 1324 3959 accordante
1344 3898 1421 3958 with
1443 3898 1491 3958 the
1514 3898 1623 3978 Pope's

468 4137 648 4197 Issovscm
668 4153 927 4195 arrosnscmurs
958 4151 1136 4194 saroasrus
1164 4152 1208 4193 ns
1230 4133 1619 4197 ennemase-Univer-

386 4244 439 4314 sis,
462 4248 520 4304 ete.
545 4247 580 4302 ut
601 4243 717 4321 supra,²
736 4261 836 4320 usque
857 4261 916 4300 nos
937 4240 1040 4319 igitur,
1065 4239 1207 4330 volentes
1235 4239 1414 4319 hujusmodi
1435 4241 1618 4301 mandatum

385 4348 593 4428 apostolicum
615 4351 793 4407 reverenter
813 4346 933 4425 exequi,
953 4351 990 4405 ut
1010 4351 1163 4418 tenemur,
1185 4351 1217 4406 et
1238 4347 1277 4406 ad
1297 4346 1470 4425 predictam
1490 4347 1618 4408 domum

385 4476 446 4536 que
474 4455 639 4534 prioratus,
665 4457 701 4512 ut
727 4452 930 4532 premittitur,
960 4458 1168 4532 nuncupatur,
1199 4453 1249 4512 die
1269 4451 1358 4513 Jovis
1385 4453 1525 4532 proxima
1546 4459 1620 4532 post

385 4562 501 4622 festum
546 4559 652 4620 Sancti
695 4559 817 4619 Mathai
854 4557 996 4637 Apostoli
1041 4564 1073 4618 et
1115 4557 1325 4637 Evangeliste,
1364 4579 1447 4618 anno
1489 4559 1617 4618 Domini

387 4667 526 4728 M⁰OCG⁰
546 4665 703 4735 vicesimo,
732 4664 938 4744 personaliter
969 4665 1162 4734 accedentes,
1191 4663 1506 4745 competentibusque
1533 4663 1619 4725 dicto

385 4773 489 4834 disin
514 4770 645 4833 eeclesia
666 4768 866 4831 conventuali
893 4769 1050 4848 prioratus
1071 4768 1203 4848 predicti
1224 4788 1329 4829 coram
1357 4767 1455 4838 nobis,
1478 4767 1510 4828 iu
1533 4768 1618 4830 dieto

385 4878 515 4959 negocio
542 4898 599 4957 pro
620 4877 826 4956 inquisicione
852 4876 885 4934 in
916 4896 954 4936 ea
985 4881 1074 4955 parte
1101 4893 1236 4955 pernes
1264 4874 1450 4935 auctoritate
1476 4874 1619 4954 predicta

385 4984 528 5045 facienda
561 4981 752 5052 sedentibus,
789 4981 926 5061 quodam
957 4980 1053 5041 fratre
1089 4981 1227 5042 Fulcoue
1260 4980 1396 5042 Gustard
1423 4985 1616 5060 nuncupato,

521 5119 585 5159 t-ln
599 5119 709 5159 tisanae
722 5115 887 5158 attendentes.
1168 5137 1170 5142 ·
1259 5113 1342 5156 2-Sec
1357 5127 1378 5162 e.
1394 5115 1436 5155 151.
