3850 5917
214 909 271 950 Μ).
286 909 342 949 1³2⁰.

217 2655 276 2696 Μ).
290 2655 347 2696 1812.

384 677 443 738 166
757 675 937 756 Βῳίεεναηι
964 676 1029 738 Ado
1056 675 1093 737 dc
1123 677 1246 738 Orletoa

384 903 491 964 delicti
511 908 639 982 propter
657 907 778 964 metum
799 921 932 980 persone
953 902 998 962 ire
1015 923 1079 963 non
1101 903 1223 974 audeat,
1240 904 1344 965 nudus
1361 909 1393 965 et
1410 903 1618 975 discalciatus

384 1009 505 1070 braccis
533 1009 698 1068 dumtaxat
726 1008 867 1079 retentis,
902 1007 1029 1087 virgam·
1055 1008 1159 1069 ferens
1180 1009 1212 1068 in
1238 1009 1382 1070 manibus
1403 1015 1435 1070 et
1457 1009 1620 1090 corrigiam

386 1115 469 1175 circa
496 1113 620 1184 collum,
660 1113 686 1174 si
723 1133 832 1174 secure
870 1113 996 1192 poterit,
1025 1113 1158 1185 incedat,
1195 1118 1227 1173 et
1262 1119 1335 1174 ante
1370 1114 1452 1175 iores
1480 1114 1620 1194 ipsarum

389 1219 592 1280 ecclesiarum
613 1239 632 1278 a
652 1219 833 1298 presbiteris
854 1218 1025 1278 earundem
1047 1218 1204 1297 psalmum
1228 1219 1469 1298 penitencialem
1491 1219 1620 1280 dicenti-

388 1326 447 1386 bus
465 1346 499 1386 se
519 1325 614 1385 facist
632 1324 796 1396 verberari,
819 1323 944 1404 quando
967 1323 1068 1403 maJ'or
1084 1323 1117 1382 in
1138 1325 1184 1385 eis
1202 1324 1301 1384 ederit
1318 1325 1425 1404 populi
1442 1325 1621 1397 multitudo,

390 1451 483 1492 suum
513 1431 637 1511 publice
666 1431 845 1492 confitendo
877 1436 1000 1491 rectum
1012 1450 1019 1501 ;
1059 1430 1188 1492 ecclesie
1224 1436 1330 1492 autem
1365 1431 1392 1492 si
1427 1431 1478 1490 cui
1516 1431 1620 1492 dictus

386 1537 509 1598 occisus
533 1537 687 1617 presbiter
710 1537 865 1599 serviebat
887 1537 1061 1598 satisfaciat
1083 1557 1139 1616 per
1159 1557 1193 1598 se
1212 1536 1261 1598 vel
1281 1537 1376 1596 alium
1396 1541 1619 1616 competenter.

386 1651 419 1705 st
448 1645 474 1704 si
496 1644 620 1725 aliquod
648 1643 774 1704 feodum
802 1644 852 1705 vel
878 1645 930 1724 jus
965 1650 1151 1724 potronatus
1179 1644 1219 1704 ab
1246 1644 1315 1723 ipsa
1342 1644 1473 1704 ecclesie
1500 1643 1622 1703 obtinet

391 1751 459 1829 ipse
487 1770 524 1810 uc
537 1750 613 1830 ‚ejus
641 1749 781 1819 heredes,
803 1749 865 1809 illis
885 1755 1038 1828 perpetuo
1060 1749 1124 1809 sint
1150 1749 1274 1828 privati.
1316 1750 1381 1810 Vos
1404 1754 1509 1810 autem
1530 1748 1624 1827 culpe

388 1855 488 1935 ipsius
510 1854 675 1934 diligenter
692 1854 890 1915 considerate
906 1854 1078 1934 injungetis
1100 1854 1172 1915 inde
1194 1854 1253 1915 sibi
1276 1854 1462 1914 auctoritate
1482 1853 1624 1933 predicta

388 1961 609 2041 penitenciam,
631 1981 692 2042 que
723 1960 782 2021 sibi
808 1959 850 2020 sit
884 1960 924 2019 ad
948 1961 1083 2020 salutem
1111 1965 1142 2020 et
1164 1959 1233 2020 aliis
1255 1960 1294 2020 ad
1321 1964 1481 2020 terrorem.
1523 1958 1567 2017 Et
1595 1957 1623 2018 si

389 2087 450 2146 que
475 2067 665 2127 mandantur
686 2067 787 2127 lacere
808 2066 889 2126 forte
906 2066 1140 2144 contempserit,
1158 2065 1354 2126 denuncietis
1375 2065 1479 2144 ipsum
1500 2063 1532 2122 in
1553 2083 1621 2142 pre-

388 2175 506 2235 dictam
527 2173 863 2235 excommunicacionis
884 2173 1078 2234 sentenciam
1106 2172 1262 2233 recidisse.
1315 2172 1432 2232 Detum
1459 2170 1622 2242 Avinione,

389 2281 425 2358 ij⁰
447 2281 517 2341 Kal.
543 2279 740 2350 Novembris,
765 2278 974 2340 Pontificatus
995 2279 1113 2338 domini
1135 2277 1290 2339 Johannis
1311 2279 1397 2357 Pspe
1418 2275 1518 2336 XXII
1540 2297 1625 2337 anno

384 2395 426 2446 v⁰.
482 2385 573 2459 Quod
597 2384 670 2445 inde
697 2389 746 2446 est
773 2390 880 2444 actum
908 2383 1039 2444 inferius
1066 2383 1253 2444 continetur.

388 2626 466 2687 Noc.
494 2625 741 2686 19.-—Gurdc'cal
767 2625 894 2696 Araold,
924 2625 974 2685 the
1001 2625 1104 2704 Pupal
1131 2624 1262 2695 Nuncr‘o,
1291 2623 1405 2684 adarits
1435 2631 1463 2684 to
1487 2644 1623 2704 perrunce

514 2705 655 2766 William
668 2706 704 2765 dc
729 2706 890 2778 Winewod,
905 2705 982 2776 who,
1006 2705 1092 2783 baino
1113 2726 1134 2766 a
1150 2706 1257 2784 prust,
1280 2705 1382 2766 saraed
1403 2725 1438 2765 as
1459 2725 1480 2765 a
1499 2705 1622 2776 soldier,

508 2787 575 2927 pud
587 2786 695 2927 med
715 2786 751 2845 ic
770 2787 894 2848 various
915 2793 981 2846 acts
996 2787 1031 2866 of
1050 2786 1208 2847 homicide.
1265 2785 1313 2846 Hc
1334 2786 1362 2846 is
1383 2793 1436 2846 uot
1458 2792 1486 2846 lo
1508 2805 1624 2845 resume

529 2867 556 2928 is
651 2870 719 2926 crs.l

467 3011 614 3069 erruae
634 3027 879 3069 remunerer-11
899 3009 1220 3071 Pers-Venerabili
1242 3010 1275 3068 in
1297 3009 1422 3070 Ohristo
1447 3009 1538 3088 putri,
1561 3009 1622 3070 Dei

386 3117 491 3196 gracia
511 3116 671 3195 Episcopo
687 3114 920 3186 Herelordensi,
942 3115 993 3176 vel
1010 3116 1078 3194 ejus
1099 3115 1215 3176 vicario
1236 3115 1269 3173 in
1288 3113 1511 3193 spiritualibus,
1527 3115 1624 3176 irater

384 3222 550 3292 Amaldus,
578 3221 783 3282 miseracione
816 3221 922 3281 divine
952 3220 1038 3281 tituli
1070 3227 1178 3282 sancte
1203 3221 1309 3281 Prisce
1336 3220 1490 3300 presbiter
1522 3221 1620 3281 cardi-

384 3327 475 3398 nalis,
491 3326 670 3405 Apostolice
692 3326 782 3387 Sedis
800 3326 944 3398 nuncius,
967 3326 1102 3387 sulutem
1123 3327 1156 3385 in
1178 3326 1324 3387 Domino.
1367 3326 1560 3387 Willelmum
1582 3327 1622 3386 de

385 3435 560 3505 Winewod,
590 3433 798 3513 presbiterum
836 3437 939 3493 vestre
975 3433 1117 3503 diocesis,
1150 3433 1281 3494 latorem
1315 3433 1522 3512 presencium,
1558 3433 1621 3512 qui,

390 3541 473 3601 sicut
510 3540 631 3610 asserit,
660 3539 779 3599 dudum
810 3539 989 3599 temeritate
1016 3539 1142 3618 propria
1169 3539 1229 3599 iuit
1254 3543 1393 3600 armatus
1425 3538 1458 3598 in
1486 3539 1623 3619 quodam

389 3645 538 3716 exercitu,
567 3645 620 3705 ubi
650 3646 756 3724 plures
784 3643 855 3703 laici
883 3644 1040 3705 interfecti
1068 3644 1205 3715 inerunt,
1240 3651 1272 3705 et
1299 3644 1489 3705 occisoribus
1513 3664 1622 3705 eorum

387 3771 483 3830 super
512 3752 573 3810 hoo
600 3750 739 3829 prestitit
762 3748 912 3808 auxilium
935 3755 968 3809 et
1004 3748 1151 3820 favorem,
1181 3755 1213 3810 et
1248 3747 1389 3828 capcion'i
1425 3749 1622 3828 quorundam

386 3855 545 3915 latronum
566 3853 717 3923 interfuit,
739 3858 772 3913 et
792 3856 903 3913 contra
925 3853 1012 3931 ipscs
1033 3853 1087 3932 qui
1107 3854 1309 3932 postmodum
1329 3853 1473 3932 suspensi
1494 3853 1623 3914 fuerunt

385 3980 443 4039 per
470 3959 589 4020 curium
613 3958 787 4020 secularem
815 3956 848 4016 in
871 3957 989 4037 judicio
1017 3959 1203 4037 conscripsit
1226 3963 1296 4018 scta
1320 3964 1413 4038 atque
1438 3959 1621 4032 sententiae,

389 4071 422 4125 et
443 4064 476 4124 in
498 4063 652 4143 quosdam
670 4062 871 4142 presbyteros
893 4064 972 4124 citro
991 4069 1097 4124 tamen
1119 4065 1304 4125 effusionem
1327 4064 1489 4143 sanguinis
1509 4084 1624 4126 manus

386 4170 541 4231 violentas
569 4168 686 4248 injecit,
715 4168 755 4228 ub
776 4169 1113 4230 excommunicacionis
1141 4169 1311 4240 sentencia,
1340 4189 1434 4248 quam
1470 4189 1526 4249 per
1553 4190 1622 4248 pre·

387 4275 504 4336 dictam
529 4294 680 4335 manuum
703 4274 909 4353 injecoionem
931 4273 1072 4346 incurrit,
1094 4275 1249 4335 dictorum
1269 4273 1509 4335 homicidiorum
1529 4273 1621 4335 resti-

387 4382 447 4443 bus
467 4387 500 4442 et
520 4381 590 4442 eliis
619 4381 758 4459 peccetis
788 4381 854 4441 suis
884 4400 945 4459 que
964 4381 1189 4462 penitenciario
1209 4387 1317 4441 nostro
1342 4401 1399 4441 suu
1426 4380 1623 4442 confessione

390 4488 517 4558 detexit,
558 4487 745 4548 auctoritate
783 4486 957 4565 apostolica
986 4487 1076 4549 nobis
1112 4488 1145 4546 in
1176 4488 1236 4547 hac
1260 4493 1349 4566 parte
1381 4507 1538 4559 concessa,
1566 4508 1624 4567 per

387 4594 523 4654 eundem
549 4591 812 4671 penitencierium
850 4591 1030 4652 absolutum
1059 4593 1098 4653 ad
1126 4613 1182 4654 vos
1210 4593 1355 4653 duximus
1387 4593 1622 4666 remittendum,

388 4699 531 4777 ingressu
558 4695 618 4756 sibi
647 4696 778 4756 ecclesie
801 4697 957 4768 restitute,
983 4696 1171 4759 execucione
1196 4703 1302 4758 tamen
1327 4716 1455 4757 suorum
1478 4697 1623 4757 ordinum

388 4803 448 4865 sibi
475 4807 627 4882 perpetuo
657 4802 832 4863 interdicta.
874 4801 940 4864 Vos
974 4808 1079 4864 autem
1108 4803 1208 4882 ipsius
1236 4802 1432 4864 confessione
1459 4802 1625 4882 diligenter

386 4909 495 4970 audita
522 4908 694 4987 injungatis
724 4908 753 4969 ei
774 4928 869 4987 super
896 4909 958 4969 hoc
978 4910 1189 4989 penitenciam
1218 4908 1396 4979 salutarem,
1425 4913 1457 4968 et
1478 4906 1538 4968 alia
1562 4929 1624 4988 que

448 5043 542 5085 1-rnis
554 5047 625 5091 entry
638 5055 716 5084 seems
729 5047 755 5085 to
768 5043 830 5085 have
843 5043 901 5084 been
915 5043 1020 5086 lauded
1034 5056 1061 5087 as
1074 5044 1153 5091 aivins
1166 5055 1181 5085 a
1199 5043 1324 5092 precedent
1341 5047 1367 5086 to
1384 5041 1412 5084 be
1425 5041 1534 5086 followed
1548 5042 1572 5083 tn
1585 5043 1627 5085 the

384 5118 442 5150 enne
454 5105 480 5149 ot
494 5106 565 5152 flush
578 5105 608 5147 de
620 5105 718 5147 cardiff.
