3850 5917
664 715 814 797 Episcopi
841 714 1084 796 Horojordonsis.
1451 716 1491 775 23

111 948 215 989 ΜΠ·
255 966 336 1047 Sept.
360 965 536 1107 afflgiar
559 964 665 1107 othso
689 964 880 1057 drohbisbop
904 964 939 1043 os
962 964 1173 1106 Gabmbwib
1188 964 1407 1107 σοηιρῑιιέῖιίπὲθ
1423 970 1491 1107 tbolt

377 1046 627 1208 baillia
654 1052 969 1204 rttlattt‘t
997 1052 1292 1206 ‘sibisibi‘
1309 1054 1492 1204 abeli„

376 1208 412 1289 of
437 1207 486 1269 ibo
512 1228 648 1286 ooocnoy
676 1207 711 1288 of
736 1207 785 1268 tiso
813 1207 868 1268 Soa
895 1207 930 1286 os
954 1206 1116 1287 Horojord.

136 1421 215 1463 mg
335 1388 483 1447 Iuturnas
502 1405 622 1447 nonnu
653 1386 908 1450 Aucurnrusoorr
940 1386 1204 1448 Gauruanrnusrs
1229 1406 1355 1449 nouruo
1376 1388 1493 1449 Hann-

253 1510 416 1554 roannusr
457 1493 818 1565 cranous-walterus,
859 1492 1068 1573 permissione
1109 1494 1216 1555 divina
1254 1492 1493 1556 cantuariensis

252 1598 525 1680 Archiepiscopus,
547 1598 646 1661 totius
672 1598 783 1679 Anglie
803 1598 931 1678 primas,
953 1599 1123 1660 venerabili
1151 1599 1240 1660 fratri
1265 1599 1393 1661 domino
1414 1600 1491 1673 Ade,

253 1706 312 1767 Dei
330 1706 436 1785 gracia
461 1704 686 1767 Hereiordensi
708 1704 876 1784 Episcopo,
898 1704 1086 1765 salutemet
1106 1704 1278 1766 fraternam
1298 1705 1331 1764 in
1353 1705 1493 1767 Domino

254 1812 427 1873 caritatem.
470 1810 671 1872 Admirantes
711 1811 834 1871 noviter
873 1810 1086 1873 intelleximus
1127 1811 1211 1891 quod
1248 1831 1314 1883 vos,
1354 1810 1388 1871 in
1429 1832 1494 1892 quo

254 1917 409 1979 recumbit
430 1917 570 1978 totaliter
596 1916 675 1978 fides
697 1922 815 1989 nostra,
837 1921 1009 1997 proventus
1030 1918 1184 1997 quosdam
1216 1918 1256 1977 ad
1284 1918 1494 1981 nos'raoione

254 2022 432 2085 vocacionis
463 2022 575 2085 ultime
609 2022 809 2103 episcopatus
838 2023 935 2085 vestri
956 2029 1147 2103 spectantes,
1169 2043 1249 2104 quos
1271 2023 1362 2085 nobis
1390 2025 1494 2087 adhuc

256 2131 428 2192 adiversis
448 2130 591 2210 personis
612 2134 716 2191 vestre
747 2130 881 2193 diocesis
910 2150 969 2211 pro
991 2129 1173 2210 hujusmodi
1204 2130 1382 2192 vocacionis
1413 2135 1493 2193 tem-

256 2256 331 2317 pore
351 2235 476 2297 debitos
492 2234 557 2315 jam
579 2234 659 2315 exigi
676 2234 809 2297 fecimus
829 2241 862 2296 et
882 2235 989 2306 levari,
1010 2241 1132 2296 certum
1151 2235 1191 2295 ad
1212 2235 1272 2296 hoc
1293 2235 1493 2298 collectorem

256 2362 327 2403 cum
370 2346 480 2402 nostra
520 2346 679 2422 potestate
720 2341 897 2421 specialiter
924 2341 1123 2421 deputantes,
1165 2360 1224 2402 neo
1262 2341 1296 2401 in
1336 2362 1374 2402 ea
1403 2348 1495 2422 parte

257 2449 420 2509 credentes
441 2452 496 2507 aut
517 2447 717 2508 intendentes
738 2447 933 2528 prejudicare
960 2447 1023 2527 juri
1043 2446 1133 2508 vobis
1153 2446 1388 2520 quomodolibet
1408 2468 1493 2508 oom-

255 2554 385 2634 petenti‚
407 2552 440 2613 in
468 2553 547 2633 juris
578 2552 678 2615 nostri
707 2559 740 2614 et
761 2552 891 2614 ecclesie
915 2558 1023 2615 nostre
1052 2552 1269 2633 prejudicium,
1301 2554 1385 2633 quod
1412 2554 1494 2615 velle

256 2660 358 2721 ledere
398 2664 454 2719 aut
492 2658 619 2719 turbare
656 2663 760 2720 vestre
798 2656 1093 2737 circumspeccionis
1134 2658 1322 2718 industriam
1360 2657 1495 2720 faciliter

256 2766 381 2827 credere
413 2784 477 2825 non
506 2783 684 2843 possumus,
720 2762 894 2825 vendicatis
915 2769 1025 2824 nostro
1056 2762 1215 2824 collectori
1245 2763 1428 2843 hujusmodi
1459 2764 1493 2824 in

256 2870 315 2930 hoo
335 2868 568 2949 quodammodo
590 2868 806 2929 resistenoiam
827 2867 1007 2929 inferentes.
1048 2868 1167 2929 Verum
1188 2868 1262 2948 quia
1283 2868 1432 2930 devehis
1453 2890 1492 2931 ex

256 2976 386 3056 antiqua
418 2974 613 3054 specialitate
644 2978 807 3035 contracta
835 2972 982 3034 fiduciam
1011 2974 1148 3054 gerimus
1168 2974 1351 3053 pleniorem,
1384 2976 1424 3035 ad
1455 2994 1494 3036 ea

256 3102 315 3162 quo
335 3082 499 3143 internos
520 3086 629 3142 mutue
649 3080 829 3142 dileccionis
850 3081 974 3142 interne
994 3080 1192 3143 dulcedinem
1213 3080 1318 3143 fovere
1342 3087 1493 3162 poterunt

256 3188 356 3267 plenis
399 3186 566 3248 affectibus
608 3187 793 3267 aspirantes,
836 3192 939 3248 vestre
980 3188 1151 3268 prudencie
1191 3188 1417 3269 circumspecte
1459 3195 1494 3252 et

257 3293 438 3355 alleccionis
458 3293 594 3373 gratuite
623 3293 795 3373 puritatem
824 3292 961 3354 corditer
988 3313 1154 3355 exoramus
1184 3294 1334 3374 quatinus
1365 3300 1493 3358 nostros

256 3398 438 3461 collectores
469 3418 527 3479 pro
555 3398 697 3460 levandis
729 3398 821 3459 dictis
849 3398 1054 3477 proventibus
1089 3400 1122 3458 in
1156 3404 1262 3460 vestra
1292 3399 1419 3472 diocesi,
1454 3405 1492 3462 ut

256 3506 458 3585 premittitur,
480 3506 648 3584 deputatos
668 3524 726 3584 pro
746 3505 815 3584 jure
846 3509 955 3565 nostro
988 3508 1021 3565 et
1051 3503 1182 3565 ecclesie
1209 3509 1318 3566 nostre
1345 3506 1429 3585 quod
1457 3506 1491 3565 in

256 3613 314 3673 hac
334 3618 426 3692 parte
447 3612 616 3671 mandatur
640 3610 750 3689 exequi
774 3609 870 3670 libere
894 3609 1096 3688 permittatis,
1122 3610 1168 3670 eis
1192 3610 1219 3670 si
1243 3630 1373 3672 necesse
1397 3611 1493 3673 fuerit

256 3723 397 3779 vestrum
419 3715 569 3777 auxilium
591 3715 772 3794 impensuri,
794 3714 885 3775 nobis
906 3716 946 3775 ad
967 3735 1005 3775 ea
1025 3735 1086 3794 que
1100 3720 1241 3776 vestrum
1261 3721 1294 3777 et
1315 3720 1493 3778 verborum
1619 3729 1624 3743 ‘

257 3822 458 3883 commodum
493 3824 525 3881 et
559 3821 711 3881 honorem
743 3819 916 3899 respiciunt
946 3820 1122 3899 preparatis
1156 3840 1218 3899 que
1251 3826 1341 3899 grata
1375 3821 1493 3883 luerim

256 3928 338 3989 votis
359 3926 475 3988 vestris
503 3926 690 3986 fiducialiter
712 3926 858 4003 quotiens
885 3925 1037 4005 placuerit
1064 3926 1258 3987 intimantes.
1301 3927 1342 3986 In
1365 3927 1493 3990 Christo

257 4031 356 4093 Jbesu
378 4036 410 4092 et
431 4032 500 4111 ejus
521 4036 621 4092 matre
638 4030 757 4110 virgine
778 4030 912 4109 gloriosa
933 4030 1065 4091 feliciter
1084 4031 1224 4092 valeatis.
1267 4033 1386 4093 Datum
1407 4034 1493 4113 apud

258 4136 466 4218 Wyngeham,
491 4136 559 4216 iiijr
579 4136 662 4197 Non.
695 4135 898 4215 Septembris,
921 4135 980 4197 sub
1001 4136 1103 4216 sigillo
1123 4142 1233 4199 nostro
1254 4138 1386 4217 privato.

260 4446 340 4527 Sept.
364 4446 499 4507 9.-Tbo
526 4445 655 4525 Bishop,
680 4446 716 4506 in
745 4447 830 4525 reply
863 4456 891 4507 to
914 4446 964 4507 tha
993 4446 1085 4507 above
1117 4447 1211 4518 letior,
1242 4447 1345 4508 simios
1367 4448 1435 4509 tlsut
1457 4449 1492 4510 bo

382 4526 437 4587 hos
459 4527 495 4586 ire
514 4546 576 4605 acy
605 4547 673 4605 way
702 4528 925 4588 oooctoaoocod
954 4528 1120 4588 resistente
1142 4536 1170 4589 to
1200 4528 1248 4588 ibo
1269 4529 1368 4607 ripbts
1389 4530 1425 4609 os
1443 4530 1493 4591 thr

380 4607 581 4687 Arohbisbop.
638 4609 702 4667 aar
737 4608 786 4667 tho
811 4608 961 4688 proposed
993 4608 1106 4687 impert
1137 4609 1165 4669 is
1193 4629 1214 4669 o
1244 4630 1308 4669 now
1343 4610 1407 4669 arrd
1434 4631 1491 4671 rora

383 4688 528 4768 heard-of
567 4686 677 4766 chiny:
720 4689 783 4749 aad
819 4688 867 4749 tho
901 4688 1021 4767 Bisbop
1056 4688 1123 4767 boos
1159 4689 1208 4749 tho
1242 4689 1434 4771 Arohbisbop
1462 4699 1492 4752 to

377 4776 524 4849 postpono
546 4769 595 4831 tho
615 4776 725 4830 vatter
746 4769 830 4830 until
849 4770 917 4848 thoy
938 4790 998 4830 oon
1016 4776 1092 4830 meet
1112 4790 1167 4831 ons
1186 4770 1321 4842 another,
1343 4772 1406 4831 ond
1421 4772 1493 4850 fiad

382 4870 403 4911 a
423 4869 492 4928 wop
513 4856 566 4911 oct
586 4850 621 4929 os
639 4849 688 4911 tho
710 4850 870 4929 difficulty.

341 5030 527 5091 Rusroasro
548 5046 590 5089 an
613 5030 983 5092 nanuum—Reverendo
1004 5030 1037 5089 in
1059 5030 1185 5092 Christo
1205 5030 1288 5109 patri
1308 5036 1341 5092 et
1364 5030 1493 5094 domino

259 5157 317 5199 suo
337 5134 514 5205 karissimo,
537 5134 664 5196 domino
685 5135 834 5209 waltero,
857 5136 916 5197 Dei
937 5136 1043 5215 gracia
1064 5135 1306 5216 Archiepiscopo
1328 5135 1492 5198 Cantuari-
