3850 5917
231 928 289 966 M).
306 928 360 967 1³21.

403 671 463 730 202
646 640 648 643 ’
777 671 956 749 salsarum
982 671 1048 732 Aa
1076 671 1113 732 a
1143 671 1267 732 aaron

403 922 779 983 Feb.12.—Tbomosde
804 924 943 1001 Bosbury
969 923 996 984 is
1021 923 1168 984 indicated
1193 931 1222 984 io
1248 923 1297 984 tte
1322 924 1468 1003 Vicerepe
1489 925 1525 1004 os
1547 925 1638 984 Stin-

519 1003 596 1081 field
621 1004 659 1081 by
685 1004 734 1064 the
761 1005 881 1082 Offioiel
903 1006 938 1084 os
964 1004 1014 1065 tbe
1037 1005 1234 1065 Arcbdeocou
1257 1005 1292 1084 of
1316 1005 1421 1065 Berlas.

485 1159 645 1219 lnnuccro
666 1161 1036 1222 nauseam-Universis
1057 1165 1165 1240 pateat
1195 1180 1252 1241 per
1275 1165 1438 1240 presentes
1466 1162 1551 1241 quod
1572 1181 1637 1230 nos,

403 1263 553 1325 Officialis
581 1265 700 1325 domini
728 1264 948 1325 Arohidiaconi
976 1266 1134 1337 Berkerie,
1163 1267 1348 1326 mandatum
1386 1266 1562 1345 recepimus
1594 1267 1637 1325 in-

402 1369 810 1451 irascriptum:—Rogerus‚
833 1371 1040 1452 permissione
1061 1372 1167 1432 divina
1190 1373 1430 1433 Sarisburiensis
1452 1373 1640 1453 Episcopus,

402 1477 517 1537 dilecto
547 1478 620 1548 filio,
654 1471 874 1539 Archidiaconi
907 1479 1057 1540 Berkerie
1089 1478 1231 1549 Officiali,
1264 1477 1408 1548 salutem,
1443 1485 1503 1539 etc.
1560 1480 1640 1553 Quia

402 1582 551 1642 dilectum
580 1584 670 1644 nobis
699 1585 730 1643 in
754 1585 880 1645 Christo
907 1584 1061 1644 Thomam
1091 1585 1129 1644 de
1154 1584 1328 1663 Bosebury,
1351 1585 1570 1664 presbiterum,
1600 1586 1638 1645 ad

402 1688 550 1748 vicariam
586 1689 716 1749 ecclesie
758 1690 797 1749 de
842 1688 1068 1768 Schenigielde,
1106 1695 1213 1750 nostre
1255 1690 1397 1758 diocesis,
1445 1691 1638 1759 admisimus,

401 1793 568 1873 ipsumque
602 1795 752 1854 vicarium
778 1800 966 1873 perpetuum
997 1814 1069 1855 cum
1105 1815 1199 1855 onere
1233 1795 1383 1856 continue
1417 1795 1573 1856 residendi
1607 1805 1640 1857 et

401 1898 608 1978 personaliter
648 1899 848 1959 ministrandi
890 1899 1040 1959 canonice
1082 1899 1278 1960 instituimus
1305 1891 1348 1958 ¹in
1390 1901 1508 1971 eadem,
1551 1901 1639 1961 vobis

402 2004 588 2064 mandamus
613 2004 762 2083 quatinus
790 2005 925 2064 eundem
950 2003 1104 2064 Thomam
1132 2006 1164 2064 in
1185 2006 1379 2085 corporalem
1407 2007 1637 2086 possessionem

402 2109 484 2170 dicte
505 2110 619 2170 vicarie
647 2131 719 2170 cum
748 2110 813 2171 suis
840 2110 961 2189 juribus
991 2115 1022 2170 et
1050 2111 1205 2172 univorsis
1229 2111 1432 2190 pertinenciis
1454 2111 1639 2173 inducentes

401 2215 485 2295 quod
519 2222 568 2275 est
602 2220 742 2276 vestrum
777 2215 976 2295 exequamini
1006 2215 1137 2276 ulterius
1172 2217 1205 2274 in
1241 2217 1299 2276 hae
1334 2223 1432 2296 parte.
1490 2217 1637 2278 Valentis.

401 2319 521 2380 Datum
556 2320 639 2399 apud
677 2321 822 2390 Poterne,
858 2320 960 2380 Nonis
996 2320 1167 2391 Februarii,
1199 2341 1282 2381 anno
1315 2321 1444 2381 Domini
1472 2321 1639 2382 millesimo

401 2425 492 2486 000ο
512 2425 670 2496 vicesim0,
692 2432 751 2487 etc.
795 2426 901 2505 Hujus
923 2427 1110 2487 auctoritate
1133 2426 1273 2486 mandati
1297 2446 1354 2486 nos
1378 2426 1528 2487 Officialis
1552 2435 1637 2487 ante·

400 2531 504 2592 dictus
528 2532 684 2610 preiatum
716 2533 870 2593 Thomam
898 2532 931 2591 in
959 2533 1152 2612 corporalem
1187 2533 1419 2612 possessionem
1453 2534 1568 2594 vicarie
1600 2534 1639 2594 de

402 2636 629 2716 Schenygielde
650 2638 816 2708 antediete,
849 2658 921 2698 cum
946 2638 1012 2699 suis
1032 2638 1154 2718 juribus
1185 2644 1217 2699 et
1246 2639 1449 2718 pertinenciis
1473 2639 1637 2707 universis,

399 2748 493 2822 prout
525 2744 701 2814 mandatur,
737 2744 926 2812 induximus,
947 2744 1080 2805 ulterius
1106 2764 1216 2804 sumus
1244 2744 1368 2805 executi
1400 2745 1432 2804 in
1461 2744 1520 2804 hac
1548 2751 1638 2824 parte

399 2849 483 2928 quod
502 2849 541 2908 ad
561 2854 704 2909 nostrum
723 2850 861 2928 pertinet
880 2850 1027 2920 officium,
1046 2850 1193 2911 omnibus
1212 2869 1345 2930 quorum
1367 2849 1499 2910 interest
1520 2850 1636 2929 signifi-

399 2974 508 3014 camus
532 2954 593 3014 hoc
614 2955 706 3014 idem.
763 2955 803 3013 In
838 2955 929 3032 cujus
956 2954 1011 3025 rei,
1041 2959 1100 3015 etc.
1143 2955 1262 3015 Datum
1291 2955 1373 3034 apud
1398 2955 1636 3034 Sebenygieldc,

401 3060 516 3139 iij01d.
539 3060 709 3131 Februarii,
731 3080 815 3120 anno
842 3059 973 3120 Domini
995 3059 1161 3120 millesimo
1183 3058 1273 3120 000ο
1301 3059 1459 3120 vicesimo

403 3328 868 3407 Oet.19.-Memorandumos
889 3348 910 3388 a
931 3327 1154 3407 Dispensation
1177 3327 1305 3406 praeced
1330 3335 1359 3388 to
1383 3327 1504 3407 Pbe'le'p,
1529 3347 1585 3388 son
1606 3328 1642 3408 os

523 3410 631 3487 Henry
658 3409 695 3469 de
726 3409 943 3487 Monlpomerp.

483 3564 701 3623 Drsrsrvssmo
720 3581 781 3622 eno
800 3563 968 3634 Pmnrrro,
989 3581 1072 3622 uiro
1092 3563 1237 3622 Hsrvmcr
1261 3580 1304 3621 oa
1328 3563 1638 3624 Moursoousev.-

402 3673 641 3733 Memorandum
671 3673 753 3752 quod
789 3673 854 3731 xix⁰
884 3672 935 3733 die
975 3671 1129 3742 Octobris,
1160 3691 1243 3731 anno
1278 3671 1408 3731 Domini
1446 3673 1636 3751 supradicto,

401 3779 483 3858 apud
516 3779 687 3857 Bosebury,
720 3778 915 3857 dispensavit
942 3778 1089 3838 dominus
1117 3797 1190 3837 cum
1229 3777 1341 3837 clerico
1375 3777 1517 3857 predicto
1548 3779 1637 3854 juxta

401 3883 533 3942 formam
555 3883 695 3942 mandati
713 3882 886 3961 apostolici,
901 3886 971 3952 etc,
989 3882 1073 3962 quod
1093 3901 1191 3961 penes
1212 3881 1331 3941 dietum
1347 3881 1493 3942 clericum
1517 3882 1636 3942 dimisit

400 3990 658 4050 conservandum.
701 3989 745 4048 Et
766 4009 860 4067 super
880 3987 1062 4067 hujusmodi
1087 3987 1325 4067 dispensacione
1357 3987 1493 4048 obtinuit
1514 3989 1636 4048 litteras

401 4095 434 4154 in
455 4095 555 4156 forma
577 4101 736 4156 consueta.

403 4337 467 4398 Oct.
489 4337 644 4397 16.-Tlie
667 4337 786 4416 Bishop
810 4337 988 4416 apporlions
1015 4339 1063 4399 the
1089 4337 1180 4399 tilher
1203 4338 1266 4398 ond
1289 4338 1375 4398 other
1396 4339 1582 4418 possessione
1602 4339 1639 4418 ο]

523 4417 572 4477 the
602 4418 726 4478 Choreb
752 4420 787 4498 ο]
818 4419 980 4496 lembure
1009 4420 1136 4480 between
1167 4418 1217 4478 the
1248 4419 1339 4480 V'wor
1369 4419 1433 4480 arrd
1461 4419 1509 4480 the
1537 4419 1635 4480 Athos

521 4498 585 4559 end
614 4500 749 4560 Conveni
774 4500 810 4578 os
833 4499 924 4560 Dore.
1010 4553 1012 4556 .

482 4655 665 4716 Oanrnscro
686 4673 728 4714 ar
749 4655 891 4715 Tsxscro
908 4673 1039 4716 vmrrun
1061 4674 1104 4715 nn
1122 4656 1427 4717 Avertantur-Ad
1448 4665 1631 4736 perpetuant

400 4761 444 4822 rei
465 4761 657 4821 memoriam.
701 4761 874 4833 Universis,
895 4768 965 4832 eta,
988 4762 1097 4832 Adam,
1119 4768 1179 4823 etc.
1235 4763 1315 4824 (lum
1337 4782 1396 4823 nos
1417 4762 1580 4824 ecclesiam
1595 4765 1635 4826 de

400 4866 594 4946 Avenebury,
610 4875 717 4927 nostre
737 4866 879 4939 diocesis,
901 4869 934 4927 in
953 4889 1016 4948 qua
1036 4868 1172 4948 religiosi
1193 4867 1260 4940 viri,
1283 4868 1387 4928 Abbas
1405 4873 1436 4929 et
1451 4869 1635 4933 Conventus

398 4974 436 5033 de
456 4974 549 5044 Dora,
570 4978 677 5033 nostre
696 4972 837 5043 diocesis,
860 4973 977 5034 ordinis
999 4972 1226 5044 Cisterciensis,
1246 4973 1298 5053 jus
1320 4973 1466 5053 optinent
1486 4980 1634 5053 patrona-

398 5084 450 5140 tus
474 5099 546 5138 cum
570 5078 733 5149 fructibus,
752 5079 965 5159 proventibus,
989 5087 1021 5141 et
1046 5079 1115 5142 aliis
1137 5080 1203 5142 suis
1222 5080 1344 5160 juribus
1367 5085 1399 5140 et
1420 5081 1633 5160 pertinenciis,
