3850 5917
693 661 843 741 Episcopi
871 662 1116 743 Herejordensis.
1251 648 1267 673 '
1462 667 1522 730 367

85 888 160 927 M>-
181 890 242 929 ¹³²⁶·
285 884 387 946 sarius
408 885 570 947 reverendi
589 885 689 965 patris
704 891 736 947 et
757 887 885 959 domini,
904 888 1025 948 domini
1041 888 1182 962 Walteri,
1196 890 1403 969 permissione
1417 889 1524 951 divina

285 989 522 1052 Oantuariensis
542 990 787 1073 Archiepiscopi,
809 998 878 1065 etc,
900 994 941 1054 ad
959 994 1170 1074 colligendum
1193 1000 1226 1057 et
1246 995 1460 1075 recipiendum
1484 997 1524 1057 de

285 1097 417 1177 singulis
454 1118 493 1157 xx
523 1098 631 1159 solidis
667 1099 820 1160 bonorum
855 1105 888 1161 et
922 1099 1145 1162 beneficiorum
1181 1102 1465 1163 ecclesiasticorum
1490 1103 1524 1161 in

283 1203 446 1283 provincia
469 1204 689 1266 cantuariensi
710 1204 850 1285 singulos
871 1206 1063 1286 quadrantes
1081 1227 1138 1285 pro
1158 1208 1302 1287 expensis
1324 1207 1523 1270 dominorum

285 1308 455 1382 Gnillelmi,
478 1309 538 1370 Dei
556 1309 661 1389 gracia
687 1310 877 1371 Viennensis
902 1310 1147 1393 Archiepiscopi,
1176 1317 1208 1373 et
1233 1313 1389 1393 Hugonis,
1412 1314 1522 1375 eadem

284 1416 344 1477 Dei
379 1416 483 1496 gracia
518 1415 716 1477 Aurasiensis
754 1416 911 1496 Episcopi,
950 1418 1138 1479 nunciorum
1173 1438 1192 1478 a
1228 1419 1308 1480 Sede
1342 1418 1524 1498 Apostolica

284 1522 323 1581 ad
365 1520 509 1601 Angliam
546 1520 812 1591 transmissorum,
845 1520 1021 1601 recepimus
1060 1542 1079 1581 a
1113 1522 1283 1584 reverendo
1319 1522 1352 1581 in
1394 1521 1522 1583 Christo

283 1632 373 1706 patre
398 1632 429 1687 et
450 1626 587 1698 domino,
609 1626 737 1687 domino
763 1627 839 1697 Ada,
861 1631 930 1698 eta,
960 1631 1096 1706 quatuor
1116 1626 1211 1689 libras
1239 1626 1460 1707 sterlingorum
1481 1628 1521 1689 de

283 1731 433 1809 predictis
457 1731 684 1811 quadrantibus
718 1732 751 1790 in
773 1732 890 1792 diocesi
919 1752 976 1793 sua
1003 1731 1144 1812 predicta
1178 1732 1326 1793 collectis.
1369 1733 1409 1792 In
1428 1733 1519 1811 cujus

284 1837 338 1909 rei,
361 1842 419 1897 eto.
462 1837 581 1896 Datum
607 1837 690 1917 apud
720 1837 914 1909 Suthwerke,
937 1838 1005 1918 viij⁰
1026 1838 1096 1897 Kal.
1121 1838 1263 1918 Augusti,
1286 1858 1369 1899 anno
1391 1838 1520 1899 Domini

284 1942 514 2003 M⁰GOO⁰xxvi⁰.

281 2197 359 2275 May
390 2196 636 2257 ›id-Gordiaol
673 2197 833 2269 Gorcoelira,
866 2198 915 2259 the
949 2198 1057 2277 Pope'a
1093 2198 1317 2277 Ponitentiory,
1354 2206 1460 2276 prosto
1499 2221 1521 2259 c

404 2276 616 2357 dispaasotioa
647 2285 676 2339 to
707 2278 820 2339 Robert
840 2278 877 2339 de
908 2278 1079 2350 Alcrertoc,
1105 2278 1217 2339 Rector
1243 2280 1278 2358 os
1296 2280 1461 2351 Stoccton,
1484 2280 1521 2339 in

406 2357 454 2418 ibe
475 2358 582 2418 Forest
603 2359 638 2437 os
654 2358 753 2431 Dean,
781 2359 847 2420 who
870 2359 931 2419 hod
951 2358 1087 2419 received
1112 2360 1196 2437 Holy
1226 2359 1338 2421 Orders
1365 2360 1453 2420 when
1484 2361 1520 2421 lu

403 2459 466 2499 was
488 2439 586 2499 codor
605 2446 740 2501 cennaco
760 2440 795 2519 of
812 2440 1115 2501 excommunicatura.

364 2619 541 2681 Venerabili
563 2620 596 2679 in
617 2620 743 2681 Christo
763 2620 856 2701 patri,
885 2621 944 2682 Dei
976 2621 1081 2700 gracia
1112 2621 1271 2701 Episcopo
1293 2621 1519 2684 Herefordensi

279 2726 329 2787 vel
361 2727 431 2805 ejus
462 2726 578 2788 vicario
608 2746 641 2807 pn
673 2726 896 2806 spiritualibus,
933 2727 1134 2798 Gauoelinus,
1171 2726 1377 2788 miseracione
1412 2728 1519 2790 divina

280 2832 365 2893 tituli
391 2836 572 2893 sanctorum
600 2831 776 2893 Marcellini
803 2838 836 2893 et
863 2832 949 2893 Petri
978 2832 1132 2912 presbiter
1166 2831 1342 2903 cardinalis,
1373 2832 1518 2905 salutem,

279 2943 340 2999 etc.
396 2938 446 2997 Ex
468 2942 557 3017 parte
579 2937 707 2998 Roberti
738 2938 777 2998 de
808 2936 1004 3009 Alurestone,
1025 2936 1200 3017 presbiteri,
1223 2936 1366 2998 Rectoris
1387 2938 1519 3000 ecclesia

279 3043 319 3103 de
342 3043 517 3104 Stauntone
539 3043 571 3102 in
600 3042 731 3104 Foresta
759 3044 797 3103 de
826 3043 925 3115 Dene,
947 3049 1051 3104 vestre
1083 3043 1225 3114 diocesis,
1259 3043 1349 3104 nobis
1377 3044 1519 3104 exhibita

278 3148 395 3228 peticio
423 3148 604 3209 continebat
643 3149 727 3230 quod
759 3150 826 3229 ipse
861 3148 945 3221 olim,
985 3155 1079 3229 prout
1113 3148 1212 3209 lacius
1253 3148 1342 3209 vobis
1370 3155 1516 3229 exponet,

278 3254 409 3315 fratrem
450 3254 672 3327 Bertramium,
709 3256 895 3317 canonicum
931 3256 1117 3317 Monasterii
1148 3256 1187 3315 de
1222 3256 1331 3327 Hales,
1367 3258 1517 3317 Premon-

279 3360 446 3422 stratensis
470 3360 597 3433 ordinis,
621 3361 858 3441 Wygorniensis
885 3360 1028 3432 diocesis,
1058 3366 1169 3421 contra
1191 3361 1291 3440 ipsius
1320 3361 1517 3423 voluntatem

278 3485 335 3546 per
356 3465 479 3526 frenum
507 3466 579 3545 equi
608 3466 666 3537 sui,
695 3486 789 3546 quem
817 3466 988 3546 equitabat,
1010 3485 1118 3527 secum
1149 3465 1300 3537 ducendo,
1333 3471 1366 3527 et
1397 3467 1516 3548 absque

278 3594 409 3637 excessu
430 3575 491 3635 alio
513 3574 630 3635 difficili
661 3575 711 3636 vel
735 3575 855 3636 enormi
886 3595 943 3655 per
979 3574 1104 3655 aliquod
1130 3579 1257 3654 tempus
1281 3575 1315 3634 in
1339 3576 1515 3636 custodiam

278 3681 457 3753 detinendo,
480 3700 573 3761 quem
594 3682 797 3761 postmodum
822 3681 961 3743 restituit
984 3681 1108 3741 illesum
1122 3681 1256 3760 pristine
1286 3681 1432 3753 libertati,
1461 3702 1512 3743 ex·

277 3786 576 3849 communicaoionis
598 3787 730 3847 incurrit
751 3786 945 3848 sentenciam
971 3786 1004 3845 in
1028 3785 1108 3846 tales
1132 3784 1318 3864 generaliter
1338 3785 1514 3866 promulga

278 3898 353 3964 tam,
383 3898 415 3953 et
443 3892 488 3953 sic
517 3892 632 3972 ligatus
661 3912 724 3953 non
753 3891 883 3953 credens
910 3897 1040 3972 propter
1067 3891 1127 3951 hoc
1152 3891 1289 3971 aliquam
1322 3891 1516 3952 sentenciam

277 3998 456 4070 incurrisse,
498 4018 532 4059 se
571 3998 654 4069 iecit,
683 3998 760 4059 alias
788 3983 894 4058 tamen
934 3997 1003 4067 rite,
1039 3997 1079 4057 ad
1117 4015 1227 4057 omnes
1256 4016 1361 4057 sacros
1389 3997 1515 4058 ordines

277 4106 408 4168 statutis
437 4104 545 4183 ajure
574 4105 767 4185 temporibus
795 4103 982 4183 promoveri,
1012 4107 1044 4163 et
1065 4122 1129 4163 non
1155 4108 1262 4162 tamen
1290 4102 1323 4161 in
1352 4108 1513 4181 contemp

277 4220 346 4275 tum
377 4212 512 4273 clavium
535 4216 584 4272 set
612 4231 668 4291 per
703 4211 936 4290 simplicitatem
966 4214 999 4271 et
1025 4208 1104 4288 juris
1133 4208 1346 4287 ignoranciam
1375 4208 1407 4267 in
1435 4208 1514 4287 ipsis

276 4318 438 4405 ordinibus
466 4316 666 4387 ministravit,
697 4322 729 4378 et
750 4316 827 4377 alias
849 4315 1021 4376 immiscuit
1042 4334 1076 4375 se
1107 4313 1245 4384 divinis;
1274 4332 1369 4392 super
1399 4313 1514 4393 quibus

278 4424 352 4485 lecit
386 4422 547 4482 humiliter
582 4422 751 4501 supplicari
786 4422 846 4483 sibi
881 4423 919 4482 de
954 4426 1110 4501 oportuno
1142 4418 1279 4480 remedio
1310 4438 1367 4497 per
1399 4418 1511 4479 Sedem

276 4528 490 4608 Apostolicam
519 4527 684 4607 provideri.
738 4528 805 4588 Nos
826 4528 921 4607 igitur
942 4526 1129 4587 auctoritate
1161 4524 1281 4585 domini
1313 4524 1398 4604 Pape
1422 4518 1513 4604 cujus

274 4634 499 4715 penitenciarie
528 4654 635 4694 curam
667 4634 812 4713 gerimus,
845 4632 1122 4713 circumspeccioni
1151 4636 1254 4691 vestre
1285 4631 1513 4693 committimus

274 4740 433 4821 quatinus,
456 4739 483 4800 si
505 4744 554 4799 est
575 4740 628 4809 ita,
648 4745 817 4819 postquam
838 4757 932 4818 passo
953 4738 1111 4817 injuriam,
1128 4736 1154 4797 si
1172 4740 1258 4796 extat
1279 4741 1311 4795 et
1332 4755 1396 4795 non
1421 4736 1512 4796 satis·

274 4846 358 4918 iecit,
384 4844 571 4906 satisfecerit
596 4850 819 4924 competenter,
845 4844 949 4924 ipsum
973 4843 1182 4923 presbiterum
1207 4862 1226 4901 a
1244 4842 1328 4901 dicta
1350 4842 1512 4902 sentencia

274 4951 446 5015 absolvatis
465 4950 554 5030 juxta
574 4950 708 5011 formam
729 4951 858 5011 ecclesie
887 4955 1080 5019 consuetam,
1112 4953 1144 5007 et
1176 4946 1318 5026 injuncta
1349 4946 1422 5007 inde
1450 4947 1509 5007 sibi

272 5080 329 5141 pro
351 5057 445 5118 modo
466 5057 557 5137 culpe
573 5058 752 5137 penitencia
772 5058 910 5130 salutari,
926 5076 1025 5137 eoque
1039 5056 1078 5115 ad
1100 5060 1235 5133 tempus,
1254 5057 1346 5131 prout
1361 5052 1508 5132 expedire
