3850 5917
707 689 857 769 Episcopi
885 690 1128 769 Hercfcrdcasis.
1476 692 1536 753 349

105 918 173 958 Μ)-
193 920 257 959 ¹³²⁵·
300 915 525 986 obedienciam,
560 920 619 976 etc.
677 916 862 976 Mandatum
893 922 1033 977 vestrum
1068 918 1136 996 viij⁰
1163 918 1213 978 die
1241 918 1359 979 mensis
1393 917 1536 978 Januarii

301 1021 403 1100 recepi
429 1021 595 1082 continens
620 1021 704 1081 hunc
729 1026 869 1081 tenorem
883 1022 1083 1101 :—-R0gerus,
1106 1031 1175 1092 ete,
1197 1028 1234 1082 ut
1261 1023 1292 1083 in
1322 1033 1353 1083 x⁰
1373 1023 1448 1084 folio
1467 1044 1535 1103 pro-

299 1127 433 1187 cedenti.
490 1127 597 1206 Hujus
626 1126 721 1205 igitur
748 1126 935 1187 auctoritate
977 1128 1118 1187 mandati
1161 1127 1220 1188 feci
1259 1127 1396 1207 legitime
1430 1128 1534 1188 vocari

301 1232 465 1293 Decanum
489 1237 522 1292 et
544 1231 723 1312 Capitulum
753 1231 883 1292 ecclesie
914 1231 1103 1293 cathedralis
1136 1231 1386 1303 Herefordensis,
1417 1232 1534 1292 dictam

300 1338 464 1399 ecclesiam
488 1339 526 1399 de
552 1337 801 1418 Schsnyngfelde
830 1358 901 1399 cum
924 1339 1043 1417 capella
1075 1340 1113 1399 de
1136 1340 1318 1400 Swalelelde
1339 1342 1372 1398 in
1393 1341 1537 1419 proprios

300 1462 377 1504 usus
413 1443 601 1514 obtinentes,
637 1448 669 1504 et
700 1444 851 1504 vicarium
879 1444 1021 1521 ejusdem
1053 1445 1193 1516 ecclesie,
1228 1447 1311 1525 quod
1347 1447 1537 1508 interessent

300 1548 481 1626 hujusmodi
528 1549 726 1629 inquisicioni
763 1569 818 1628 per
856 1570 906 1610 me
948 1550 1090 1611 faciende
1128 1552 1161 1610 in
1200 1552 1292 1612 dictis
1334 1553 1465 1613 ecclesia
1503 1559 1536 1613 et

300 1655 420 1733 capella
441 1659 553 1735 quarto
574 1654 625 1714 die
646 1656 764 1715 mensis
786 1654 956 1725 Februarii,
980 1656 1009 1715 si
1037 1656 1096 1716 sibi
1119 1658 1255 1718 viderint
1277 1658 1430 1736 expedire.
1465 1658 1536 1733 Quo

300 1760 350 1821 die
372 1761 558 1821 adveniente
581 1762 620 1819 ad
641 1761 741 1821 dictas
761 1761 924 1822 ecclesiam
949 1767 982 1823 et
1005 1763 1156 1841 capellam
1179 1763 1386 1843 personaliter
1407 1765 1535 1835 accessi,

300 1872 332 1926 et
357 1865 497 1926 defectus
518 1866 675 1945 predictos
697 1865 777 1925 visui
799 1867 959 1945 supposui,
983 1868 1120 1948 dictique
1142 1870 1289 1930 Decanus
1307 1874 1340 1930 et
1354 1869 1535 1950 Capitulum

300 1977 543 2050 comparuerunt
564 1971 680 2032 ibidem
704 1992 760 2051 per
781 1974 966 2051 magistrum
991 1973 1144 2033 Thomam
1169 1975 1207 2035 de
1229 1975 1356 2054 Boleye‚
1377 1976 1535 2047 clericum,

301 2082 535 2156 procuratorem
579 2097 680 2147 suum,
730 2078 915 2138 litteratorie
951 2079 1171 2152 constitutum,
1207 2086 1239 2140 et
1274 2081 1409 2142 vicarius
1451 2082 1535 2143 dicte

300 2183 431 2243 ecclesie
469 2184 508 2242 de
540 2182 790 2261 Schenyngfelde
824 2183 1032 2261 personaliter
1067 2185 1251 2264 comparuit,
1287 2206 1323 2245 ac
1360 2205 1417 2266 per
1451 2187 1535 2249 viros

300 2288 473 2367 fidedignos
501 2294 533 2348 et
560 2288 690 2365 juratos,
722 2287 980 2367 inquirendorum
1014 2289 1165 2349 noticiam
1201 2291 1390 2362 obtinentes,
1429 2292 1535 2353 inveni

300 2394 384 2475 quod
405 2394 437 2452 in
459 2392 597 2454 cancello
619 2392 749 2453 ecclesie
777 2393 815 2453 de
838 2392 1098 2473 Schenynglelde,
1121 2395 1266 2474 grangiis,
1291 2396 1435 2458 domibus
1455 2396 1534 2468 aliis,

300 2506 332 2561 et
361 2499 513 2560 clausuris
541 2499 581 2559 ad
605 2499 784 2559 Rectoriam
819 2498 950 2559 ecclesie
973 2500 1118 2580 'predicte
1152 2502 1391 2581 pertinentibus,
1419 2503 1535 2563 notorii

300 2610 375 2666 sunt
396 2605 546 2676 defectus,
561 2605 601 2665 ad
622 2624 754 2685 quorum
779 2605 1014 2685 reparacicnem
1035 2606 1185 2667 estimant
1206 2606 1251 2667 illi
1276 2608 1314 2669 de
1329 2608 1536 2689 inquisicione

299 2710 480 2789 hujusmodi
503 2710 555 2790 xiij
572 2710 676 2781 libras,
699 2709 751 2789 xiij
768 2710 893 2781 solidos,
916 2714 948 2771 et
976 2710 1021 2788 iiij
1045 2712 1198 2773 denarios.
1242 2712 1354 2774 Inveni
1375 2714 1475 2774 eciam
1496 2716 1536 2775 de

299 2816 472 2877 defectibus
503 2816 634 2877 notoriis
656 2817 740 2896 quod
767 2816 799 2875 in
829 2816 948 2896 capella
975 2816 1015 2877 de
1044 2817 1227 2879 Swalelelde
1247 2818 1397 2880 deficiunt
1424 2840 1536 2882 omnes

297 2920 368 2981 libri
389 2921 428 2981 de
449 2940 509 2982 usu
538 2920 773 2992 sarisburiensi,
795 2925 930 3001 preterj
961 2922 1146 3001 psalterium
1175 2923 1213 2984 de
1238 2923 1361 2984 minuta
1381 2924 1495 2996 littera,
1520 2926 1532 3003 j

297 3026 563 3106 antiphonarium,
586 3032 618 3087 et
642 3046 741 3087 unum
771 3026 981 3105 ympnarium.
1045 3027 1129 3087 Item
1157 3028 1241 3108 quod
1269 3029 1308 3088 ad
1335 3029 1534 3108 psallendum

297 3139 330 3194 et
350 3133 518 3213 legendum
544 3132 659 3193 ibidem
683 3132 715 3191 in
733 3133 875 3194 cancello,
889 3139 1018 3213 propter
1039 3134 1169 3194 nimiam
1188 3134 1412 3197 obscuritatem
1425 3156 1533 3198 neces·

298 3238 379 3299 sarie
410 3238 513 3299 forent
544 3238 587 3298 ibi
619 3238 680 3299 due
708 3238 853 3309 fenestre,
882 3258 946 3298 una
974 3238 1119 3300 videlicet
1147 3260 1186 3300 ex
1219 3245 1309 3319 parte
1342 3242 1473 3302 australi
1501 3249 1534 3303 et

297 3345 360 3405 alia
380 3365 418 3406 ex
452 3350 541 3425 parte
566 3344 691 3415 boreali,
728 3345 767 3404 ad
796 3364 928 3424 quorum
966 3346 1222 3407 emendacionem
1258 3347 1448 3407 estimantur
1478 3369 1535 3428 per

296 3450 367 3511 illos
392 3451 430 3510 de
451 3449 659 3529 inquisicione
680 3469 719 3508 xx
740 3468 853 3509 marce.
896 3448 980 3509 Item
1008 3450 1091 3510 circa
1113 3451 1346 3530 reparationem
1368 3454 1533 3531 cujusdam

296 3556 423 3635 grangis
445 3556 572 3615 ruinose
596 3554 785 3615 estimantur
812 3574 852 3615 xx
874 3574 988 3615 marce.
1030 3556 1074 3616 Et
1093 3556 1167 3617 lieet
1190 3562 1238 3617 tot
1262 3556 1403 3619 defectus
1418 3559 1533 3619 notorii

296 3683 331 3724 ss
359 3662 530 3724 extendant
559 3662 597 3721 ad
624 3660 860 3722 estimacionem
885 3660 916 3720 xl
938 3660 1097 3733 librarum,
1123 3682 1177 3723 sex
1200 3662 1379 3735 solidorum,
1401 3669 1434 3724 et
1461 3671 1534 3725 octo

296 3768 505 3839 denariorum,
548 3773 580 3827 et
622 3766 728 3827 omnia
765 3766 846 3827 bona
880 3766 1093 3827 ecclesiastica
1134 3767 1249 3828 ibidem
1284 3768 1456 3830 existencia
1493 3772 1533 3830 ud

296 3873 533 3935 estimationem
568 3871 780 3953 predictorum
809 3870 989 3931 defectuum
1023 3892 1088 3932 non
1127 3872 1284 3934 sufficiant
1311 3874 1344 3933 iu
1382 3875 1531 3954 presenti,

296 3979 403 4039 omnia
437 3984 543 4038 tamen
585 3976 667 4038 bona
708 3975 920 4043 ecclesiastica
961 3976 1077 4039 ibidem
1122 3979 1293 4040 existencia
1333 3982 1374 4040 ad
1414 3981 1533 4041 dictam

296 4084 475 4147 Rectoriam
503 4083 698 4164 pertinencia
719 4084 922 4163 sequestravi,
948 4089 981 4145 et
1008 4083 1067 4144 sub
1094 4090 1163 4145 arto
1191 4091 1354 4166 sequestro
1381 4088 1533 4148 custodiri

297 4188 443 4249 mandavi
471 4208 634 4269 quousque
665 4187 806 4247 defectus
838 4187 1019 4267 hujusmodi
1045 4208 1180 4269 congrue
1208 4190 1325 4251 fuerint
1361 4190 1532 4263 reformati,

296 4296 442 4357 inhibens
476 4315 621 4375 expresse
650 4293 708 4356 sub
735 4314 818 4374 pena
852 4294 1004 4355 canonica
1039 4315 1079 4355 ne
1107 4296 1179 4375 quis
1206 4303 1405 4377 sequestrum
1436 4298 1531 4359 inter-

296 4402 435 4480 positum
470 4399 609 4462 violaret.
666 4400 785 4460 Datum
828 4400 912 4479 apud
949 4401 1183 4480 Wynekefslde,
1219 4404 1285 4483 xiiij
1327 4404 1377 4466 die
1414 4406 1532 4467 mensis

297 4506 467 4579 Februarii,
490 4528 573 4567 anno
602 4506 731 4567 Domini
755 4508 944 4587 supradicto.
