<?xml version="1.0" encoding="UTF-8"?>
<!DOCTYPE html PUBLIC "-//W3C//DTD XHTML 1.0 Transitional//EN"
    "http://www.w3.org/TR/xhtml1/DTD/xhtml1-transitional.dtd">
<html xmlns="http://www.w3.org/1999/xhtml" xml:lang="en" lang="en">
 <head>
  <title>
</title>
<meta http-equiv="Content-Type" content="text/html;charset=utf-8" />
  <meta name='ocr-system' content='tesseract 3.04.00' />
  <meta name='ocr-capabilities' content='ocr_page ocr_carea ocr_par ocr_line ocrx_word'/>
</head>
<body>
  <div class='ocr_page' id='page_1' title='image "./registrumadedeo00banngoog_0181.png"; bbox 0 0 3850 5917; ppageno 0'>
   <div class='ocr_carea' id='block_1_1' title="bbox 407 705 1271 784">
    <p class='ocr_par' dir='ltr' id='par_1_1' title="bbox 407 705 1271 784">
     <span class='ocr_line' id='line_1_1' title="bbox 407 705 1271 784; baseline 0.001 -19"><span class='ocrx_word' id='word_1_1' title='bbox 407 706 466 766; x_wconf 84' lang='lat' dir='ltr'><strong>nc</strong></span> <span class='ocrx_word' id='word_1_2' title='bbox 781 706 960 784; x_wconf 57' lang='lat' dir='ltr'><strong>enarrem</strong></span> <span class='ocrx_word' id='word_1_3' title='bbox 987 706 1053 766; x_wconf 74' lang='lat' dir='ltr'><strong>aa</strong></span> <span class='ocrx_word' id='word_1_4' title='bbox 1079 705 1117 766; x_wconf 74' lang='lat' dir='ltr'><strong>a</strong></span> <span class='ocrx_word' id='word_1_5' title='bbox 1147 705 1271 766; x_wconf 67' lang='lat' dir='ltr'><strong>araon</strong></span> 
     </span>
    </p>
   </div>
   <div class='ocr_carea' id='block_1_2' title="bbox 233 929 1646 1644">
    <p class='ocr_par' dir='ltr' id='par_1_2' title="bbox 233 929 1646 1644">
     <span class='ocr_line' id='line_1_2' title="bbox 233 929 1645 1010; baseline 0 -20"><span class='ocrx_word' id='word_1_6' title='bbox 233 935 291 974; x_wconf 49' lang='lat'><strong>4⁰·</strong></span> <span class='ocrx_word' id='word_1_7' title='bbox 307 935 362 974; x_wconf 74' lang='lat'>¹³¹⁹·</span> <span class='ocrx_word' id='word_1_8' title='bbox 405 930 444 990; x_wconf 92' lang='lat' dir='ltr'><strong>de</strong></span> <span class='ocrx_word' id='word_1_9' title='bbox 465 931 582 1001; x_wconf 89' lang='lat' dir='ltr'><strong>Brnko,</strong></span> <span class='ocrx_word' id='word_1_10' title='bbox 604 931 684 992; x_wconf 88' lang='lat' dir='ltr'><strong>laico</strong></span> <span class='ocrx_word' id='word_1_11' title='bbox 705 937 813 992; x_wconf 89' lang='lat' dir='ltr'><strong>nostre</strong></span> <span class='ocrx_word' id='word_1_12' title='bbox 832 931 975 1001; x_wconf 89' lang='lat' dir='ltr'><strong>diocesis,</strong></span> <span class='ocrx_word' id='word_1_13' title='bbox 995 931 1095 992; x_wconf 90' lang='lat' dir='ltr'><strong>latore</strong></span> <span class='ocrx_word' id='word_1_14' title='bbox 1116 931 1265 1010; x_wconf 87' lang='lat' dir='ltr'><strong>ipsarum,</strong></span> <span class='ocrx_word' id='word_1_15' title='bbox 1287 930 1376 991; x_wconf 87' lang='lat' dir='ltr'><strong>vobis</strong></span> <span class='ocrx_word' id='word_1_16' title='bbox 1397 929 1556 990; x_wconf 78' lang='lat' dir='ltr'><strong>mittimus</strong></span> <span class='ocrx_word' id='word_1_17' title='bbox 1576 949 1645 1009; x_wconf 88' lang='lat' dir='ltr'><strong>pre·</strong></span> 
     </span>
     <span class='ocr_line' id='line_1_3' title="bbox 406 1035 1645 1116; baseline -0.001 -20"><span class='ocrx_word' id='word_1_18' title='bbox 406 1037 548 1096; x_wconf 89' lang='lat' dir='ltr'><strong>sentibus</strong></span> <span class='ocrx_word' id='word_1_19' title='bbox 569 1037 765 1108; x_wconf 88' lang='lat' dir='ltr'><strong>interclusas,</strong></span> <span class='ocrx_word' id='word_1_20' title='bbox 788 1038 927 1116; x_wconf 88' lang='lat' dir='ltr'><strong>ipsarum</strong></span> <span class='ocrx_word' id='word_1_21' title='bbox 948 1036 1179 1107; x_wconf 83' lang='lat' dir='ltr'><strong>execucionem,</strong></span> <span class='ocrx_word' id='word_1_22' title='bbox 1194 1056 1268 1096; x_wconf 92' lang='lat' dir='ltr'><strong>curn</strong></span> <span class='ocrx_word' id='word_1_23' title='bbox 1288 1056 1347 1097; x_wconf 93' lang='lat' dir='ltr'><strong>nos</strong></span> <span class='ocrx_word' id='word_1_24' title='bbox 1367 1036 1540 1096; x_wconf 75' lang='lat' dir='ltr'><strong>existamus</strong></span> <span class='ocrx_word' id='word_1_25' title='bbox 1561 1035 1645 1095; x_wconf 86' lang='lat' dir='ltr'><strong>circa</strong></span> 
     </span>
     <span class='ocr_line' id='line_1_4' title="bbox 405 1141 1643 1222; baseline -0.002 -20"><span class='ocrx_word' id='word_1_26' title='bbox 405 1143 466 1202; x_wconf 90' lang='lat' dir='ltr'><strong>alia</strong></span> <span class='ocrx_word' id='word_1_27' title='bbox 500 1143 597 1202; x_wconf 91' lang='lat' dir='ltr'><strong>ardua</strong></span> <span class='ocrx_word' id='word_1_28' title='bbox 625 1143 779 1222; x_wconf 90' lang='lat' dir='ltr'><strong>occupati,</strong></span> <span class='ocrx_word' id='word_1_29' title='bbox 808 1141 906 1212; x_wconf 88' lang='lat' dir='ltr'><strong>vobis,</strong></span> <span class='ocrx_word' id='word_1_30' title='bbox 935 1147 1091 1221; x_wconf 88' lang='lat' dir='ltr'><strong>quantum</strong></span> <span class='ocrx_word' id='word_1_31' title='bbox 1119 1142 1159 1201; x_wconf 91' lang='lat' dir='ltr'><strong>ad</strong></span> <span class='ocrx_word' id='word_1_32' title='bbox 1186 1161 1245 1202; x_wconf 90' lang='lat' dir='ltr'><strong>nos</strong></span> <span class='ocrx_word' id='word_1_33' title='bbox 1276 1141 1400 1212; x_wconf 88' lang='lat' dir='ltr'><strong>attinet,</strong></span> <span class='ocrx_word' id='word_1_34' title='bbox 1432 1145 1542 1201; x_wconf 84' lang='lat' dir='ltr'><strong>tenore</strong></span> <span class='ocrx_word' id='word_1_35' title='bbox 1573 1159 1643 1219; x_wconf 87' lang='lat' dir='ltr'><strong>pre-</strong></span> 
     </span>
     <span class='ocr_line' id='line_1_5' title="bbox 405 1245 1643 1309; baseline -0.002 -1"><span class='ocrx_word' id='word_1_36' title='bbox 405 1249 545 1308; x_wconf 88' lang='lat' dir='ltr'><strong>sencium</strong></span> <span class='ocrx_word' id='word_1_37' title='bbox 568 1249 813 1309; x_wconf 63' lang='lat' dir='ltr'><strong>committentes.</strong></span> <span class='ocrx_word' id='word_1_38' title='bbox 866 1247 990 1308; x_wconf 82' lang='lat' dir='ltr'><strong>duravit</strong></span> <span class='ocrx_word' id='word_1_39' title='bbox 1011 1246 1097 1307; x_wconf 93' lang='lat' dir='ltr'><strong>enim</strong></span> <span class='ocrx_word' id='word_1_40' title='bbox 1118 1247 1221 1308; x_wconf 89' lang='lat' dir='ltr'><strong>dictus</strong></span> <span class='ocrx_word' id='word_1_41' title='bbox 1243 1247 1403 1308; x_wconf 83' lang='lat' dir='ltr'><strong>Walterus</strong></span> <span class='ocrx_word' id='word_1_42' title='bbox 1424 1266 1531 1307; x_wconf 88' lang='lat' dir='ltr'><strong>coram</strong></span> <span class='ocrx_word' id='word_1_43' title='bbox 1552 1245 1643 1307; x_wconf 90' lang='lat' dir='ltr'><strong>nobis</strong></span> 
     </span>
     <span class='ocr_line' id='line_1_6' title="bbox 404 1352 1642 1432; baseline -0.003 -18"><span class='ocrx_word' id='word_1_44' title='bbox 404 1375 439 1414; x_wconf 90' lang='lat' dir='ltr'><strong>se</strong></span> <span class='ocrx_word' id='word_1_45' title='bbox 460 1353 539 1414; x_wconf 91' lang='lat' dir='ltr'><strong>velle</strong></span> <span class='ocrx_word' id='word_1_46' title='bbox 560 1354 626 1414; x_wconf 88' lang='lat' dir='ltr'><strong>leso</strong></span> <span class='ocrx_word' id='word_1_47' title='bbox 647 1353 828 1415; x_wconf 71' lang='lat' dir='ltr'><strong>satisfacere</strong></span> <span class='ocrx_word' id='word_1_48' title='bbox 847 1353 937 1432; x_wconf 83' lang='lat' dir='ltr'><strong>juxta</strong></span> <span class='ocrx_word' id='word_1_49' title='bbox 957 1353 1192 1413; x_wconf 86' lang='lat' dir='ltr'><strong>ordinacionem</strong></span> <span class='ocrx_word' id='word_1_50' title='bbox 1211 1352 1295 1413; x_wconf 90' lang='lat' dir='ltr'><strong>inter</strong></span> <span class='ocrx_word' id='word_1_51' title='bbox 1308 1352 1412 1431; x_wconf 91' lang='lat' dir='ltr'><strong>ipsum</strong></span> <span class='ocrx_word' id='word_1_52' title='bbox 1433 1359 1466 1412; x_wconf 90' lang='lat' dir='ltr'><strong>et</strong></span> <span class='ocrx_word' id='word_1_53' title='bbox 1486 1352 1642 1413; x_wconf 84' lang='lat' dir='ltr'><strong>Thomam</strong></span> 
     </span>
     <span class='ocr_line' id='line_1_7' title="bbox 404 1458 1646 1540; baseline -0.001 -20"><span class='ocrx_word' id='word_1_54' title='bbox 404 1461 444 1520; x_wconf 92' lang='lat' dir='ltr'><strong>de</strong></span> <span class='ocrx_word' id='word_1_55' title='bbox 480 1461 630 1540; x_wconf 88' lang='lat' dir='ltr'><strong>Hoptone</strong></span> <span class='ocrx_word' id='word_1_56' title='bbox 665 1465 842 1520; x_wconf 86' lang='lat' dir='ltr'><strong>tractatam.</strong></span> <span class='ocrx_word' id='word_1_57' title='bbox 913 1460 1032 1519; x_wconf 90' lang='lat' dir='ltr'><strong>Datum</strong></span> <span class='ocrx_word' id='word_1_58' title='bbox 1068 1459 1100 1518; x_wconf 92' lang='lat' dir='ltr'><strong>in</strong></span> <span class='ocrx_word' id='word_1_59' title='bbox 1135 1459 1277 1538; x_wconf 75' lang='lat' dir='ltr'><strong>prioratu</strong></span> <span class='ocrx_word' id='word_1_60' title='bbox 1311 1459 1411 1520; x_wconf 88' lang='lat' dir='ltr'><strong>sancti</strong></span> <span class='ocrx_word' id='word_1_61' title='bbox 1448 1458 1521 1528; x_wconf 80' lang='lat' dir='ltr'><strong>Rufi</strong></span> <span class='ocrx_word' id='word_1_62' title='bbox 1555 1459 1646 1537; x_wconf 84' lang='lat' dir='ltr'><strong>juxta</strong></span> 
     </span>
     <span class='ocr_line' id='line_1_8' title="bbox 405 1563 1240 1644; baseline -0.001 -21"><span class='ocrx_word' id='word_1_63' title='bbox 405 1567 621 1644; x_wconf 77' lang='lat' dir='ltr'><strong>Avynyonem,</strong></span> <span class='ocrx_word' id='word_1_64' title='bbox 647 1565 703 1643; x_wconf 83' lang='lat' dir='ltr'><strong>xij⁰</strong></span> <span class='ocrx_word' id='word_1_65' title='bbox 726 1565 777 1625; x_wconf 89' lang='lat' dir='ltr'><strong>die</strong></span> <span class='ocrx_word' id='word_1_66' title='bbox 801 1564 898 1634; x_wconf 91' lang='lat' dir='ltr'><strong>Junii,</strong></span> <span class='ocrx_word' id='word_1_67' title='bbox 925 1563 1003 1623; x_wconf 73' lang='lat' dir='ltr'><strong>al).</strong></span> <span class='ocrx_word' id='word_1_68' title='bbox 1030 1563 1240 1624; x_wconf 66' lang='lat' dir='ltr'><strong>Mrcccrxixr.</strong></span> 
     </span>
    </p>
   </div>
   <div class='ocr_carea' id='block_1_3' title="bbox 405 1787 1647 2138">
    <p class='ocr_par' dir='ltr' id='par_1_3' title="bbox 405 1787 1647 2138">
     <span class='ocr_line' id='line_1_9' title="bbox 405 1787 1646 1895; baseline 0 -19"><span class='ocrx_word' id='word_1_69' title='bbox 405 1817 487 1877; x_wconf 80' lang='lat' dir='ltr'><strong>Jurrc</strong></span> <span class='ocrx_word' id='word_1_70' title='bbox 508 1787 663 1876; x_wconf 46' lang='lat' dir='ltr'><strong>194le</strong></span> <span class='ocrx_word' id='word_1_71' title='bbox 684 1815 804 1895; x_wconf 80' lang='lat' dir='ltr'><strong>Biahop</strong></span> <span class='ocrx_word' id='word_1_72' title='bbox 824 1815 968 1894; x_wconf 80' lang='lat' dir='ltr'><strong>appoinla</strong></span> <span class='ocrx_word' id='word_1_73' title='bbox 990 1816 1091 1894; x_wconf 74' lang='lat' dir='ltr'><strong>Roqer</strong></span> <span class='ocrx_word' id='word_1_74' title='bbox 1110 1815 1147 1876; x_wconf 83' lang='lat' dir='ltr'><strong>dc</strong></span> <span class='ocrx_word' id='word_1_75' title='bbox 1168 1816 1319 1877; x_wconf 80' lang='lat' dir='ltr'><strong>Breiatoa</strong></span> <span class='ocrx_word' id='word_1_76' title='bbox 1339 1825 1369 1878; x_wconf 81' lang='lat' dir='ltr'><strong>to</strong></span> <span class='ocrx_word' id='word_1_77' title='bbox 1390 1817 1424 1878; x_wconf 84' lang='lat' dir='ltr'><strong>bc</strong></span> <span class='ocrx_word' id='word_1_78' title='bbox 1446 1817 1495 1878; x_wconf 77' lang='lat' dir='ltr'><strong>iria</strong></span> <span class='ocrx_word' id='word_1_79' title='bbox 1516 1818 1646 1878; x_wconf 82' lang='lat' dir='ltr'><strong>Proctor</strong></span> 
     </span>
     <span class='ocr_line' id='line_1_10' title="bbox 521 1895 1645 1976; baseline -0.002 -18"><span class='ocrx_word' id='word_1_80' title='bbox 521 1899 575 1976; x_wconf 77' lang='lat' dir='ltr'><strong>sor</strong></span> <span class='ocrx_word' id='word_1_81' title='bbox 593 1897 711 1976; x_wconf 63' lang='lat' dir='ltr'><strong>pagine</strong></span> <span class='ocrx_word' id='word_1_82' title='bbox 734 1897 782 1956; x_wconf 73' lang='lat' dir='ltr'><strong>his</strong></span> <span class='ocrx_word' id='word_1_83' title='bbox 803 1895 888 1956; x_wconf 79' lang='lat' dir='ltr'><strong>debis</strong></span> <span class='ocrx_word' id='word_1_84' title='bbox 905 1896 970 1956; x_wconf 71' lang='lat' dir='ltr'><strong>arrd</strong></span> <span class='ocrx_word' id='word_1_85' title='bbox 982 1896 1134 1974; x_wconf 73' lang='lat' dir='ltr'><strong>receiving</strong></span> <span class='ocrx_word' id='word_1_86' title='bbox 1148 1917 1254 1974; x_wconf 75' lang='lat' dir='ltr'><strong>money</strong></span> <span class='ocrx_word' id='word_1_87' title='bbox 1268 1897 1367 1975; x_wconf 74' lang='lat' dir='ltr'><strong>owing</strong></span> <span class='ocrx_word' id='word_1_88' title='bbox 1389 1905 1419 1958; x_wconf 84' lang='lat' dir='ltr'><strong>to</strong></span> <span class='ocrx_word' id='word_1_89' title='bbox 1441 1898 1515 1968; x_wconf 76' lang='lat' dir='ltr'><strong>irim,</strong></span> <span class='ocrx_word' id='word_1_90' title='bbox 1536 1898 1645 1976; x_wconf 71' lang='lat' dir='ltr'><strong>giving</strong></span> 
     </span>
     <span class='ocr_line' id='line_1_11' title="bbox 528 1977 1647 2138; baseline 0.003 -101"><span class='ocrx_word' id='word_1_91' title='bbox 528 1979 715 2138; x_wconf 38' lang='lat' dir='ltr'><strong>diaboli&amp;</strong></span> <span class='ocrx_word' id='word_1_92' title='bbox 739 1985 768 2038; x_wconf 79' lang='lat' dir='ltr'><strong>to</strong></span> <span class='ocrx_word' id='word_1_93' title='bbox 794 1978 916 2048; x_wconf 84' lang='lat' dir='ltr'><strong>borrow,</strong></span> <span class='ocrx_word' id='word_1_94' title='bbox 942 1977 978 2036; x_wconf 79' lang='lat' dir='ltr'><strong>in</strong></span> <span class='ocrx_word' id='word_1_95' title='bbox 1003 1978 1053 2037; x_wconf 80' lang='lat' dir='ltr'><strong>tha</strong></span> <span class='ocrx_word' id='word_1_96' title='bbox 1076 1977 1220 2057; x_wconf 79' lang='lat' dir='ltr'><strong>Biahop&#39;a</strong></span> <span class='ocrx_word' id='word_1_97' title='bbox 1244 1999 1342 2049; x_wconf 73' lang='lat' dir='ltr'><strong>nam,</strong></span> <span class='ocrx_word' id='word_1_98' title='bbox 1370 1999 1413 2058; x_wconf 82' lang='lat' dir='ltr'><strong>ap</strong></span> <span class='ocrx_word' id='word_1_99' title='bbox 1441 1987 1470 2040; x_wconf 81' lang='lat' dir='ltr'><strong>to</strong></span> <span class='ocrx_word' id='word_1_100' title='bbox 1499 1979 1549 2039; x_wconf 78' lang='lat' dir='ltr'><strong>ihc</strong></span> <span class='ocrx_word' id='word_1_101' title='bbox 1576 2000 1647 2040; x_wconf 79' lang='lat' dir='ltr'><strong>aum</strong></span> 
     </span>
    </p>
   </div>
   <div class='ocr_carea' id='block_1_4' title="bbox 400 2213 1646 3882">
    <p class='ocr_par' dir='ltr' id='par_1_4' title="bbox 400 2213 1646 3882">
     <span class='ocr_line' id='line_1_12' title="bbox 488 2213 1646 2294; baseline 0.003 -22"><span class='ocrx_word' id='word_1_102' title='bbox 488 2215 768 2274; x_wconf 72' lang='lat' dir='ltr'><strong>Pnocnaa‘roaruu</strong></span> <span class='ocrx_word' id='word_1_103' title='bbox 796 2231 916 2272; x_wconf 83' lang='lat' dir='ltr'><strong>ncnrru</strong></span> <span class='ocrx_word' id='word_1_104' title='bbox 944 2213 982 2272; x_wconf 88' lang='lat' dir='ltr'><strong>R.</strong></span> <span class='ocrx_word' id='word_1_105' title='bbox 1011 2232 1054 2272; x_wconf 84' lang='lat' dir='ltr'><strong>nr</strong></span> <span class='ocrx_word' id='word_1_106' title='bbox 1088 2214 1509 2277; x_wconf 70' lang='lat' dir='ltr'><strong>Bar-irmene-Universis</strong></span> <span class='ocrx_word' id='word_1_107' title='bbox 1536 2221 1646 2294; x_wconf 88' lang='lat' dir='ltr'><strong>pateat</strong></span> 
     </span>
     <span class='ocr_line' id='line_1_13' title="bbox 404 2319 1645 2401; baseline 0.003 -21"><span class='ocrx_word' id='word_1_108' title='bbox 404 2341 461 2401; x_wconf 91' lang='lat' dir='ltr'><strong>per</strong></span> <span class='ocrx_word' id='word_1_109' title='bbox 481 2325 644 2400; x_wconf 86' lang='lat' dir='ltr'><strong>presentes</strong></span> <span class='ocrx_word' id='word_1_110' title='bbox 664 2319 747 2398; x_wconf 92' lang='lat' dir='ltr'><strong>quod</strong></span> <span class='ocrx_word' id='word_1_111' title='bbox 769 2339 827 2380; x_wconf 89' lang='lat' dir='ltr'><strong>nos</strong></span> <span class='ocrx_word' id='word_1_112' title='bbox 847 2319 893 2390; x_wconf 89' lang='grc' dir='ltr'><strong>Α.,</strong></span> <span class='ocrx_word' id='word_1_113' title='bbox 909 2324 979 2390; x_wconf 88' lang='lat' dir='ltr'><strong>etc,</strong></span> <span class='ocrx_word' id='word_1_114' title='bbox 993 2319 1137 2390; x_wconf 86' lang='lat' dir='ltr'><strong>facimus,</strong></span> <span class='ocrx_word' id='word_1_115' title='bbox 1156 2321 1348 2390; x_wconf 83' lang='lat' dir='ltr'><strong>ordinemus,</strong></span> <span class='ocrx_word' id='word_1_116' title='bbox 1367 2326 1400 2382; x_wconf 93' lang='lat' dir='ltr'><strong>et</strong></span> <span class='ocrx_word' id='word_1_117' title='bbox 1419 2323 1645 2384; x_wconf 89' lang='lat' dir='ltr'><strong>constituimus</strong></span> 
     </span>
     <span class='ocr_line' id='line_1_14' title="bbox 405 2426 1644 2506; baseline 0.003 -20"><span class='ocrx_word' id='word_1_118' title='bbox 405 2427 555 2488; x_wconf 88' lang='lat' dir='ltr'><strong>dilectum</strong></span> <span class='ocrx_word' id='word_1_119' title='bbox 583 2427 674 2488; x_wconf 91' lang='lat' dir='ltr'><strong>nobis</strong></span> <span class='ocrx_word' id='word_1_120' title='bbox 705 2427 738 2486; x_wconf 94' lang='lat' dir='ltr'><strong>in</strong></span> <span class='ocrx_word' id='word_1_121' title='bbox 771 2426 897 2488; x_wconf 82' lang='lat' dir='ltr'><strong>Christo</strong></span> <span class='ocrx_word' id='word_1_122' title='bbox 929 2426 1093 2488; x_wconf 90' lang='lat' dir='ltr'><strong>dominum</strong></span> <span class='ocrx_word' id='word_1_123' title='bbox 1120 2426 1158 2486; x_wconf 87' lang='lat' dir='ltr'><strong>R.</strong></span> <span class='ocrx_word' id='word_1_124' title='bbox 1187 2427 1226 2487; x_wconf 89' lang='lat' dir='ltr'><strong>de</strong></span> <span class='ocrx_word' id='word_1_125' title='bbox 1254 2427 1446 2506; x_wconf 88' lang='lat' dir='ltr'><strong>Breyntone,</strong></span> <span class='ocrx_word' id='word_1_126' title='bbox 1475 2429 1644 2490; x_wconf 78' lang='lat' dir='ltr'><strong>Rectorem</strong></span> 
     </span>
     <span class='ocr_line' id='line_1_15' title="bbox 404 2531 1644 2612; baseline -0.001 -16"><span class='ocrx_word' id='word_1_127' title='bbox 404 2534 535 2596; x_wconf 89' lang='lat' dir='ltr'><strong>ecclesie</strong></span> <span class='ocrx_word' id='word_1_128' title='bbox 557 2533 596 2594; x_wconf 90' lang='lat' dir='ltr'><strong>de</strong></span> <span class='ocrx_word' id='word_1_129' title='bbox 619 2533 693 2603; x_wconf 78' lang='lat' dir='ltr'><strong>aka,</strong></span> <span class='ocrx_word' id='word_1_130' title='bbox 715 2539 822 2593; x_wconf 90' lang='lat' dir='ltr'><strong>nostre</strong></span> <span class='ocrx_word' id='word_1_131' title='bbox 845 2531 1088 2592; x_wconf 87' lang='lat' dir='ltr'><strong>Herelordensis</strong></span> <span class='ocrx_word' id='word_1_132' title='bbox 1108 2532 1251 2603; x_wconf 89' lang='lat' dir='ltr'><strong>diocesis,</strong></span> <span class='ocrx_word' id='word_1_133' title='bbox 1272 2532 1500 2612; x_wconf 87' lang='lat' dir='ltr'><strong>presbyterum,</strong></span> <span class='ocrx_word' id='word_1_134' title='bbox 1522 2536 1644 2595; x_wconf 87' lang='lat' dir='ltr'><strong>socium</strong></span> 
     </span>
     <span class='ocr_line' id='line_1_16' title="bbox 405 2638 1643 2717; baseline 0 -17"><span class='ocrx_word' id='word_1_135' title='bbox 405 2641 590 2702; x_wconf 75' lang='lat' dir='ltr'><strong>familiarem</strong></span> <span class='ocrx_word' id='word_1_136' title='bbox 611 2646 765 2710; x_wconf 87' lang='lat' dir='ltr'><strong>nostrum,</strong></span> <span class='ocrx_word' id='word_1_137' title='bbox 787 2644 930 2700; x_wconf 84' lang='lat' dir='ltr'><strong>nostrum</strong></span> <span class='ocrx_word' id='word_1_138' title='bbox 953 2658 1063 2698; x_wconf 89' lang='lat' dir='ltr'><strong>verum</strong></span> <span class='ocrx_word' id='word_1_139' title='bbox 1087 2643 1120 2698; x_wconf 92' lang='lat' dir='ltr'><strong>et</strong></span> <span class='ocrx_word' id='word_1_140' title='bbox 1143 2638 1319 2717; x_wconf 89' lang='lat' dir='ltr'><strong>legitimum</strong></span> <span class='ocrx_word' id='word_1_141' title='bbox 1344 2645 1578 2717; x_wconf 90' lang='lat' dir='ltr'><strong>procuratorem</strong></span> <span class='ocrx_word' id='word_1_142' title='bbox 1604 2640 1643 2700; x_wconf 82' lang='lat' dir='ltr'><strong>ad</strong></span> 
     </span>
     <span class='ocr_line' id='line_1_17' title="bbox 404 2743 1642 2827; baseline -0.002 -19"><span class='ocrx_word' id='word_1_143' title='bbox 404 2747 585 2827; x_wconf 90' lang='lat' dir='ltr'><strong>petendum,</strong></span> <span class='ocrx_word' id='word_1_144' title='bbox 613 2746 809 2825; x_wconf 88' lang='lat' dir='ltr'><strong>exigendum,</strong></span> <span class='ocrx_word' id='word_1_145' title='bbox 838 2749 870 2805; x_wconf 88' lang='lat' dir='ltr'><strong>et</strong></span> <span class='ocrx_word' id='word_1_146' title='bbox 905 2743 1120 2822; x_wconf 89' lang='lat' dir='ltr'><strong>recipiendum</strong></span> <span class='ocrx_word' id='word_1_147' title='bbox 1155 2744 1283 2804; x_wconf 91' lang='lat' dir='ltr'><strong>nomine</strong></span> <span class='ocrx_word' id='word_1_148' title='bbox 1317 2749 1426 2804; x_wconf 89' lang='lat' dir='ltr'><strong>nostro</strong></span> <span class='ocrx_word' id='word_1_149' title='bbox 1460 2765 1480 2804; x_wconf 89' lang='lat' dir='ltr'><strong>a</strong></span> <span class='ocrx_word' id='word_1_150' title='bbox 1513 2745 1642 2824; x_wconf 87' lang='lat' dir='ltr'><strong>quibus·</strong></span> 
     </span>
     <span class='ocr_line' id='line_1_18' title="bbox 402 2843 1641 2932; baseline -0.002 -18"><span class='ocrx_word' id='word_1_151' title='bbox 402 2873 526 2932; x_wconf 90' lang='lat' dir='ltr'><strong>cunque</strong></span> <span class='ocrx_word' id='word_1_152' title='bbox 547 2851 748 2922; x_wconf 88' lang='lat' dir='ltr'><strong>debitoribus,</strong></span> <span class='ocrx_word' id='word_1_153' title='bbox 771 2849 902 2920; x_wconf 85' lang='lat' dir='ltr'><strong>ballivis,</strong></span> <span class='ocrx_word' id='word_1_154' title='bbox 918 2843 950 2910; x_wconf 86' lang='lat' dir='ltr'><strong>et</strong></span> <span class='ocrx_word' id='word_1_155' title='bbox 971 2848 1279 2910; x_wconf 88' lang='lat' dir='ltr'><strong>administratoribus</strong></span> <span class='ocrx_word' id='word_1_156' title='bbox 1299 2849 1416 2910; x_wconf 89' lang='lat' dir='ltr'><strong>nostris</strong></span> <span class='ocrx_word' id='word_1_157' title='bbox 1434 2869 1641 2930; x_wconf 89' lang='lat' dir='ltr'><strong>quascunque</strong></span> 
     </span>
     <span class='ocr_line' id='line_1_19' title="bbox 402 2954 1641 3038; baseline -0.003 -18"><span class='ocrx_word' id='word_1_158' title='bbox 402 2959 607 3038; x_wconf 87' lang='lat' dir='ltr'><strong>pecuniarum</strong></span> <span class='ocrx_word' id='word_1_159' title='bbox 642 2975 783 3018; x_wconf 87' lang='lat' dir='ltr'><strong>summas</strong></span> <span class='ocrx_word' id='word_1_160' title='bbox 818 2954 908 3016; x_wconf 89' lang='lat' dir='ltr'><strong>nobis</strong></span> <span class='ocrx_word' id='word_1_161' title='bbox 943 2975 981 3015; x_wconf 83' lang='lat' dir='ltr'><strong>ex</strong></span> <span class='ocrx_word' id='word_1_162' title='bbox 1015 2974 1203 3034; x_wconf 88' lang='lat' dir='ltr'><strong>quocunque</strong></span> <span class='ocrx_word' id='word_1_163' title='bbox 1237 2954 1330 3014; x_wconf 91' lang='lat' dir='ltr'><strong>titulo</strong></span> <span class='ocrx_word' id='word_1_164' title='bbox 1365 2954 1496 3026; x_wconf 86' lang='lat' dir='ltr'><strong>debitas,</strong></span> <span class='ocrx_word' id='word_1_165' title='bbox 1533 2962 1566 3016; x_wconf 90' lang='lat' dir='ltr'><strong>et</strong></span> <span class='ocrx_word' id='word_1_166' title='bbox 1600 2958 1641 3016; x_wconf 87' lang='lat' dir='ltr'><strong>ad</strong></span> 
     </span>
     <span class='ocr_line' id='line_1_20' title="bbox 402 3058 1642 3142; baseline -0.002 -17"><span class='ocrx_word' id='word_1_167' title='bbox 402 3065 581 3125; x_wconf 87' lang='lat' dir='ltr'><strong>iaciendum</strong></span> <span class='ocrx_word' id='word_1_168' title='bbox 609 3061 823 3142; x_wconf 85' lang='lat' dir='ltr'><strong>aquietancias</strong></span> <span class='ocrx_word' id='word_1_169' title='bbox 851 3061 890 3122; x_wconf 92' lang='lat' dir='ltr'><strong>de</strong></span> <span class='ocrx_word' id='word_1_170' title='bbox 921 3060 980 3121; x_wconf 89' lang='lat' dir='ltr'><strong>sibi</strong></span> <span class='ocrx_word' id='word_1_171' title='bbox 1009 3059 1130 3129; x_wconf 83' lang='lat' dir='ltr'><strong>solutis,</strong></span> <span class='ocrx_word' id='word_1_172' title='bbox 1160 3079 1283 3121; x_wconf 91' lang='lat' dir='ltr'><strong>necnon</strong></span> <span class='ocrx_word' id='word_1_173' title='bbox 1311 3058 1351 3119; x_wconf 88' lang='lat' dir='ltr'><strong>ad</strong></span> <span class='ocrx_word' id='word_1_174' title='bbox 1378 3061 1592 3140; x_wconf 87' lang='lat' dir='ltr'><strong>recipiendum</strong></span> <span class='ocrx_word' id='word_1_175' title='bbox 1622 3084 1642 3122; x_wconf 91' lang='lat' dir='ltr'><strong>a</strong></span> 
     </span>
     <span class='ocr_line' id='line_1_21' title="bbox 402 3165 1642 3251; baseline -0.001 -21"><span class='ocrx_word' id='word_1_176' title='bbox 402 3169 641 3251; x_wconf 91' lang='lat' dir='ltr'><strong>quibuscunque</strong></span> <span class='ocrx_word' id='word_1_177' title='bbox 669 3165 895 3228; x_wconf 89' lang='lat' dir='ltr'><strong>mercatoribus</strong></span> <span class='ocrx_word' id='word_1_178' title='bbox 922 3165 1051 3226; x_wconf 91' lang='lat' dir='ltr'><strong>nomine</strong></span> <span class='ocrx_word' id='word_1_179' title='bbox 1075 3165 1177 3224; x_wconf 92' lang='lat' dir='ltr'><strong>mutui</strong></span> <span class='ocrx_word' id='word_1_180' title='bbox 1203 3165 1242 3224; x_wconf 86' lang='lat' dir='ltr'><strong>ad</strong></span> <span class='ocrx_word' id='word_1_181' title='bbox 1266 3184 1346 3243; x_wconf 92' lang='lat' dir='ltr'><strong>opus</strong></span> <span class='ocrx_word' id='word_1_182' title='bbox 1371 3171 1516 3226; x_wconf 88' lang='lat' dir='ltr'><strong>nostmm</strong></span> <span class='ocrx_word' id='word_1_183' title='bbox 1541 3187 1642 3247; x_wconf 88' lang='lat' dir='ltr'><strong>usque</strong></span> 
     </span>
     <span class='ocr_line' id='line_1_22' title="bbox 404 3269 1641 3353; baseline -0.002 -16"><span class='ocrx_word' id='word_1_184' title='bbox 404 3276 442 3337; x_wconf 86' lang='lat' dir='ltr'><strong>ad</strong></span> <span class='ocrx_word' id='word_1_185' title='bbox 464 3275 516 3337; x_wconf 83' lang='lat' dir='ltr'><strong>CO</strong></span> <span class='ocrx_word' id='word_1_186' title='bbox 537 3274 631 3334; x_wconf 90' lang='lat' dir='ltr'><strong>libras</strong></span> <span class='ocrx_word' id='word_1_187' title='bbox 653 3272 875 3351; x_wconf 87' lang='lat' dir='ltr'><strong>sterlingorum</strong></span> <span class='ocrx_word' id='word_1_188' title='bbox 895 3271 1026 3350; x_wconf 87' lang='lat' dir='ltr'><strong>argenti,</strong></span> <span class='ocrx_word' id='word_1_189' title='bbox 1041 3276 1073 3330; x_wconf 92' lang='lat' dir='ltr'><strong>et</strong></span> <span class='ocrx_word' id='word_1_190' title='bbox 1090 3270 1131 3330; x_wconf 90' lang='lat' dir='ltr'><strong>ad</strong></span> <span class='ocrx_word' id='word_1_191' title='bbox 1151 3269 1352 3350; x_wconf 86' lang='lat' dir='ltr'><strong>obligandum</strong></span> <span class='ocrx_word' id='word_1_192' title='bbox 1374 3291 1433 3332; x_wconf 86' lang='lat' dir='ltr'><strong>nos</strong></span> <span class='ocrx_word' id='word_1_193' title='bbox 1454 3291 1511 3351; x_wconf 87' lang='lat' dir='ltr'><strong>pro</strong></span> <span class='ocrx_word' id='word_1_194' title='bbox 1532 3273 1641 3353; x_wconf 85' lang='lat' dir='ltr'><strong>hujus·</strong></span> 
     </span>
     <span class='ocr_line' id='line_1_23' title="bbox 402 3374 1643 3456; baseline -0.002 -14"><span class='ocrx_word' id='word_1_195' title='bbox 402 3381 487 3442; x_wconf 92' lang='lat' dir='ltr'><strong>modi</strong></span> <span class='ocrx_word' id='word_1_196' title='bbox 519 3385 629 3439; x_wconf 88' lang='lat' dir='ltr'><strong>mutuo</strong></span> <span class='ocrx_word' id='word_1_197' title='bbox 657 3377 836 3456; x_wconf 90' lang='lat' dir='ltr'><strong>recipiendo</strong></span> <span class='ocrx_word' id='word_1_198' title='bbox 864 3375 983 3436; x_wconf 88' lang='lat' dir='ltr'><strong>eisdem</strong></span> <span class='ocrx_word' id='word_1_199' title='bbox 1011 3374 1246 3446; x_wconf 89' lang='lat' dir='ltr'><strong>mercatoribus,</strong></span> <span class='ocrx_word' id='word_1_200' title='bbox 1274 3381 1369 3454; x_wconf 92' lang='lat' dir='ltr'><strong>prout</strong></span> <span class='ocrx_word' id='word_1_201' title='bbox 1396 3376 1455 3437; x_wconf 82' lang='lat' dir='ltr'><strong>sibi</strong></span> <span class='ocrx_word' id='word_1_202' title='bbox 1484 3378 1643 3439; x_wconf 88' lang='lat' dir='ltr'><strong>videbitur</strong></span> 
     </span>
     <span class='ocr_line' id='line_1_24' title="bbox 401 3480 1639 3566; baseline -0.002 -18"><span class='ocrx_word' id='word_1_203' title='bbox 401 3486 555 3566; x_wconf 84' lang='lat' dir='ltr'><strong>expedire,</strong></span> <span class='ocrx_word' id='word_1_204' title='bbox 577 3490 681 3544; x_wconf 86' lang='lat' dir='ltr'><strong>ratum</strong></span> <span class='ocrx_word' id='word_1_205' title='bbox 702 3489 734 3542; x_wconf 88' lang='lat' dir='ltr'><strong>et</strong></span> <span class='ocrx_word' id='word_1_206' title='bbox 751 3481 877 3541; x_wconf 89' lang='lat' dir='ltr'><strong>firmum</strong></span> <span class='ocrx_word' id='word_1_207' title='bbox 891 3487 1045 3560; x_wconf 91' lang='lat' dir='ltr'><strong>perpetuo</strong></span> <span class='ocrx_word' id='word_1_208' title='bbox 1059 3480 1197 3541; x_wconf 89' lang='lat' dir='ltr'><strong>habituri</strong></span> <span class='ocrx_word' id='word_1_209' title='bbox 1211 3481 1360 3562; x_wconf 90' lang='lat' dir='ltr'><strong>quiequid</strong></span> <span class='ocrx_word' id='word_1_210' title='bbox 1381 3482 1463 3542; x_wconf 89' lang='lat' dir='ltr'><strong>idem</strong></span> <span class='ocrx_word' id='word_1_211' title='bbox 1486 3483 1639 3562; x_wconf 86' lang='lat' dir='ltr'><strong>Rogerus,</strong></span> 
     </span>
     <span class='ocr_line' id='line_1_25' title="bbox 402 3586 1642 3672; baseline 0.001 -21"><span class='ocrx_word' id='word_1_212' title='bbox 402 3595 586 3672; x_wconf 89' lang='lat' dir='ltr'><strong>procurator</strong></span> <span class='ocrx_word' id='word_1_213' title='bbox 627 3593 742 3657; x_wconf 87' lang='lat' dir='ltr'><strong>noster,</strong></span> <span class='ocrx_word' id='word_1_214' title='bbox 785 3586 818 3645; x_wconf 92' lang='lat' dir='ltr'><strong>in</strong></span> <span class='ocrx_word' id='word_1_215' title='bbox 859 3586 1021 3665; x_wconf 90' lang='lat' dir='ltr'><strong>premissis</strong></span> <span class='ocrx_word' id='word_1_216' title='bbox 1059 3592 1092 3646; x_wconf 90' lang='lat' dir='ltr'><strong>et</strong></span> <span class='ocrx_word' id='word_1_217' title='bbox 1130 3605 1168 3646; x_wconf 89' lang='lat' dir='ltr'><strong>ea</strong></span> <span class='ocrx_word' id='word_1_218' title='bbox 1205 3587 1470 3666; x_wconf 88' lang='lat' dir='ltr'><strong>contingentibus,</strong></span> <span class='ocrx_word' id='word_1_219' title='bbox 1516 3590 1642 3652; x_wconf 86' lang='lat' dir='ltr'><strong>duxerit</strong></span> 
     </span>
     <span class='ocr_line' id='line_1_26' title="bbox 400 3692 1643 3774; baseline -0.001 -16"><span class='ocrx_word' id='word_1_220' title='bbox 400 3697 589 3758; x_wconf 86' lang='lat' dir='ltr'><strong>laciendum.</strong></span> <span class='ocrx_word' id='word_1_221' title='bbox 632 3693 671 3752; x_wconf 93' lang='lat' dir='ltr'><strong>In</strong></span> <span class='ocrx_word' id='word_1_222' title='bbox 693 3694 783 3772; x_wconf 85' lang='lat' dir='ltr'><strong>cujus</strong></span> <span class='ocrx_word' id='word_1_223' title='bbox 805 3692 858 3762; x_wconf 88' lang='lat' dir='ltr'><strong>rei,</strong></span> <span class='ocrx_word' id='word_1_224' title='bbox 880 3699 939 3752; x_wconf 88' lang='lat' dir='ltr'><strong>eto.</strong></span> <span class='ocrx_word' id='word_1_225' title='bbox 983 3693 1103 3751; x_wconf 90' lang='lat' dir='ltr'><strong>Datum</strong></span> <span class='ocrx_word' id='word_1_226' title='bbox 1124 3692 1157 3750; x_wconf 93' lang='lat' dir='ltr'><strong>in</strong></span> <span class='ocrx_word' id='word_1_227' title='bbox 1178 3693 1319 3771; x_wconf 89' lang='lat' dir='ltr'><strong>prioratu</strong></span> <span class='ocrx_word' id='word_1_228' title='bbox 1340 3694 1442 3754; x_wconf 88' lang='lat' dir='ltr'><strong>sancti</strong></span> <span class='ocrx_word' id='word_1_229' title='bbox 1457 3694 1530 3754; x_wconf 87' lang='lat' dir='ltr'><strong>Rufi</strong></span> <span class='ocrx_word' id='word_1_230' title='bbox 1550 3696 1643 3774; x_wconf 86' lang='lat' dir='ltr'><strong>juxta</strong></span> 
     </span>
     <span class='ocr_line' id='line_1_27' title="bbox 402 3796 1230 3882; baseline -0.007 -19"><span class='ocrx_word' id='word_1_231' title='bbox 402 3805 618 3882; x_wconf 83' lang='lat' dir='ltr'><strong>Avynyonem,</strong></span> <span class='ocrx_word' id='word_1_232' title='bbox 641 3800 703 3858; x_wconf 84' lang='lat' dir='ltr'><strong>xix⁰</strong></span> <span class='ocrx_word' id='word_1_233' title='bbox 724 3799 774 3858; x_wconf 92' lang='lat' dir='ltr'><strong>die</strong></span> <span class='ocrx_word' id='word_1_234' title='bbox 795 3797 892 3868; x_wconf 90' lang='lat' dir='ltr'><strong>Junii,</strong></span> <span class='ocrx_word' id='word_1_235' title='bbox 916 3797 994 3856; x_wconf 74' lang='lat' dir='ltr'><strong>nl).</strong></span> <span class='ocrx_word' id='word_1_236' title='bbox 1022 3796 1230 3858; x_wconf 62' lang='lat' dir='ltr'><strong>Mutuum.</strong></span> 
     </span>
    </p>
   </div>
   <div class='ocr_carea' id='block_1_5' title="bbox 401 4051 1639 4294">
    <p class='ocr_par' dir='ltr' id='par_1_5' title="bbox 401 4051 1639 4294">
     <span class='ocr_line' id='line_1_28' title="bbox 401 4051 1638 4136; baseline -0.001 -18"><span class='ocrx_word' id='word_1_237' title='bbox 401 4057 477 4136; x_wconf 80' lang='lat' dir='ltr'><strong>July</strong></span> <span class='ocrx_word' id='word_1_238' title='bbox 500 4053 784 4132; x_wconf 78' lang='lat' dir='ltr'><strong>9.—Bercaporias,</strong></span> <span class='ocrx_word' id='word_1_239' title='bbox 810 4051 928 4130; x_wconf 77' lang='lat' dir='ltr'><strong>Bishop</strong></span> <span class='ocrx_word' id='word_1_240' title='bbox 949 4051 985 4128; x_wconf 81' lang='lat' dir='ltr'><strong>os</strong></span> <span class='ocrx_word' id='word_1_241' title='bbox 1007 4051 1183 4121; x_wconf 77' lang='lat' dir='ltr'><strong>Tusculum,</strong></span> <span class='ocrx_word' id='word_1_242' title='bbox 1205 4053 1306 4113; x_wconf 77' lang='lat' dir='ltr'><strong>writer</strong></span> <span class='ocrx_word' id='word_1_243' title='bbox 1332 4061 1362 4114; x_wconf 85' lang='lat' dir='ltr'><strong>to</strong></span> <span class='ocrx_word' id='word_1_244' title='bbox 1384 4052 1433 4114; x_wconf 79' lang='lat' dir='ltr'><strong>ihc</strong></span> <span class='ocrx_word' id='word_1_245' title='bbox 1457 4055 1577 4135; x_wconf 80' lang='lat' dir='ltr'><strong>Bisbop</strong></span> <span class='ocrx_word' id='word_1_246' title='bbox 1599 4077 1638 4117; x_wconf 82' lang='lat' dir='ltr'><strong>ou</strong></span> 
     </span>
     <span class='ocr_line' id='line_1_29' title="bbox 526 4132 1639 4214; baseline 0.002 -17"><span class='ocrx_word' id='word_1_247' title='bbox 526 4136 631 4214; x_wconf 84' lang='lat' dir='ltr'><strong>behuls</strong></span> <span class='ocrx_word' id='word_1_248' title='bbox 660 4134 697 4213; x_wconf 75' lang='lat' dir='ltr'><strong>of</strong></span> <span class='ocrx_word' id='word_1_249' title='bbox 728 4133 830 4192; x_wconf 82' lang='lat' dir='ltr'><strong>Homo</strong></span> <span class='ocrx_word' id='word_1_250' title='bbox 867 4132 904 4192; x_wconf 86' lang='lat' dir='ltr'><strong>dc</strong></span> <span class='ocrx_word' id='word_1_251' title='bbox 943 4132 1120 4202; x_wconf 79' lang='lat' dir='ltr'><strong>Saudwiob,</strong></span> <span class='ocrx_word' id='word_1_252' title='bbox 1157 4133 1225 4192; x_wconf 76' lang='lat' dir='ltr'><strong>thar</strong></span> <span class='ocrx_word' id='word_1_253' title='bbox 1262 4135 1343 4212; x_wconf 81' lang='lat' dir='ltr'><strong>after</strong></span> <span class='ocrx_word' id='word_1_254' title='bbox 1381 4135 1417 4194; x_wconf 84' lang='lat' dir='ltr'><strong>hc</strong></span> <span class='ocrx_word' id='word_1_255' title='bbox 1455 4136 1511 4196; x_wconf 82' lang='lat' dir='ltr'><strong>hor</strong></span> <span class='ocrx_word' id='word_1_256' title='bbox 1548 4139 1639 4199; x_wconf 58' lang='lat' dir='ltr'><strong>mu&amp;</strong></span> 
     </span>
     <span class='ocr_line' id='line_1_30' title="bbox 523 4213 1597 4294; baseline 0.003 -18"><span class='ocrx_word' id='word_1_257' title='bbox 523 4215 709 4284; x_wconf 78' lang='lat' dir='ltr'><strong>restitution,</strong></span> <span class='ocrx_word' id='word_1_258' title='bbox 740 4214 775 4274; x_wconf 81' lang='lat' dir='ltr'><strong>hc</strong></span> <span class='ocrx_word' id='word_1_259' title='bbox 802 4233 873 4290; x_wconf 72' lang='lat' dir='ltr'><strong>cury</strong></span> <span class='ocrx_word' id='word_1_260' title='bbox 902 4213 935 4272; x_wconf 87' lang='lat' dir='ltr'><strong>bc</strong></span> <span class='ocrx_word' id='word_1_261' title='bbox 962 4213 1090 4272; x_wconf 72' lang='lat' dir='ltr'><strong>allotted</strong></span> <span class='ocrx_word' id='word_1_262' title='bbox 1118 4221 1147 4272; x_wconf 83' lang='lat' dir='ltr'><strong>to</strong></span> <span class='ocrx_word' id='word_1_263' title='bbox 1175 4213 1282 4273; x_wconf 81' lang='lat' dir='ltr'><strong>obtain</strong></span> <span class='ocrx_word' id='word_1_264' title='bbox 1308 4215 1436 4276; x_wconf 77' lang='lat' dir='ltr'><strong>another</strong></span> <span class='ocrx_word' id='word_1_265' title='bbox 1463 4216 1597 4294; x_wconf 75' lang='lat' dir='ltr'><strong>benefice.</strong></span> 
     </span>
    </p>
   </div>
   <div class='ocr_carea' id='block_1_6' title="bbox 402 4369 1643 5188">
    <p class='ocr_par' dir='ltr' id='par_1_6' title="bbox 402 4369 1643 5188">
     <span class='ocr_line' id='line_1_31' title="bbox 486 4369 1641 4436; baseline 0.003 -5"><span class='ocrx_word' id='word_1_266' title='bbox 486 4375 631 4432; x_wconf 76' lang='lat' dir='ltr'><strong>errnrra</strong></span> <span class='ocrx_word' id='word_1_267' title='bbox 652 4387 898 4431; x_wconf 73' lang='lat' dir='ltr'><strong>rnnrrnnorrau</strong></span> <span class='ocrx_word' id='word_1_268' title='bbox 921 4369 1010 4427; x_wconf 76' lang='lat' dir='ltr'><strong>Para</strong></span> <span class='ocrx_word' id='word_1_269' title='bbox 1033 4386 1095 4429; x_wconf 76' lang='lat' dir='ltr'><strong>eno</strong></span> <span class='ocrx_word' id='word_1_270' title='bbox 1126 4387 1251 4430; x_wconf 84' lang='lat' dir='ltr'><strong>norrmo</strong></span> <span class='ocrx_word' id='word_1_271' title='bbox 1277 4371 1316 4430; x_wconf 87' lang='lat' dir='ltr'><strong>H.</strong></span> <span class='ocrx_word' id='word_1_272' title='bbox 1347 4390 1391 4430; x_wconf 85' lang='lat' dir='ltr'><strong>on</strong></span> <span class='ocrx_word' id='word_1_273' title='bbox 1413 4373 1641 4436; x_wconf 71' lang='lat' dir='ltr'><strong>Sanamem-</strong></span> 
     </span>
     <span class='ocr_line' id='line_1_32' title="bbox 404 4475 1641 4561; baseline 0.001 -19"><span class='ocrx_word' id='word_1_274' title='bbox 404 4479 582 4543; x_wconf 88' lang='lat' dir='ltr'><strong>Venerabili</strong></span> <span class='ocrx_word' id='word_1_275' title='bbox 597 4479 629 4537; x_wconf 93' lang='lat' dir='ltr'><strong>in</strong></span> <span class='ocrx_word' id='word_1_276' title='bbox 643 4477 770 4538; x_wconf 84' lang='lat' dir='ltr'><strong>Christo</strong></span> <span class='ocrx_word' id='word_1_277' title='bbox 784 4475 876 4555; x_wconf 91' lang='lat' dir='ltr'><strong>patri,</strong></span> <span class='ocrx_word' id='word_1_278' title='bbox 892 4475 951 4536; x_wconf 92' lang='lat' dir='ltr'><strong>Dei</strong></span> <span class='ocrx_word' id='word_1_279' title='bbox 966 4475 1070 4554; x_wconf 84' lang='lat' dir='ltr'><strong>gracia</strong></span> <span class='ocrx_word' id='word_1_280' title='bbox 1084 4475 1243 4555; x_wconf 85' lang='lat' dir='ltr'><strong>Episcopo</strong></span> <span class='ocrx_word' id='word_1_281' title='bbox 1258 4477 1491 4548; x_wconf 85' lang='lat' dir='ltr'><strong>Herefordensi,</strong></span> <span class='ocrx_word' id='word_1_282' title='bbox 1507 4481 1556 4541; x_wconf 89' lang='lat' dir='ltr'><strong>vel</strong></span> <span class='ocrx_word' id='word_1_283' title='bbox 1570 4481 1641 4561; x_wconf 85' lang='lat' dir='ltr'><strong>ejus</strong></span> 
     </span>
     <span class='ocr_line' id='line_1_33' title="bbox 402 4580 1637 4666; baseline 0 -18"><span class='ocrx_word' id='word_1_284' title='bbox 402 4587 518 4648; x_wconf 75' lang='lat' dir='ltr'><strong>vicario</strong></span> <span class='ocrx_word' id='word_1_285' title='bbox 544 4586 576 4644; x_wconf 93' lang='lat' dir='ltr'><strong>in</strong></span> <span class='ocrx_word' id='word_1_286' title='bbox 607 4581 831 4663; x_wconf 88' lang='lat' dir='ltr'><strong>spiritualibus,</strong></span> <span class='ocrx_word' id='word_1_287' title='bbox 854 4580 1072 4660; x_wconf 87' lang='lat' dir='ltr'><strong>Berengarius,</strong></span> <span class='ocrx_word' id='word_1_288' title='bbox 1096 4581 1300 4643; x_wconf 89' lang='lat' dir='ltr'><strong>miseracione</strong></span> <span class='ocrx_word' id='word_1_289' title='bbox 1329 4582 1436 4642; x_wconf 87' lang='lat' dir='ltr'><strong>divina</strong></span> <span class='ocrx_word' id='word_1_290' title='bbox 1457 4583 1637 4666; x_wconf 84' lang='lat' dir='ltr'><strong>Episcopus</strong></span> 
     </span>
     <span class='ocr_line' id='line_1_34' title="bbox 403 4687 1637 4770; baseline -0.002 -16"><span class='ocrx_word' id='word_1_291' title='bbox 403 4693 608 4761; x_wconf 81' lang='lat' dir='ltr'><strong>Tusculanus,</strong></span> <span class='ocrx_word' id='word_1_292' title='bbox 630 4689 819 4750; x_wconf 89' lang='lat' dir='ltr'><strong>salutemet</strong></span> <span class='ocrx_word' id='word_1_293' title='bbox 843 4687 998 4747; x_wconf 89' lang='lat' dir='ltr'><strong>sinceram</strong></span> <span class='ocrx_word' id='word_1_294' title='bbox 1026 4687 1059 4746; x_wconf 92' lang='lat' dir='ltr'><strong>in</strong></span> <span class='ocrx_word' id='word_1_295' title='bbox 1087 4688 1225 4748; x_wconf 93' lang='lat' dir='ltr'><strong>Domino</strong></span> <span class='ocrx_word' id='word_1_296' title='bbox 1252 4688 1426 4748; x_wconf 88' lang='lat' dir='ltr'><strong>caritatem.</strong></span> <span class='ocrx_word' id='word_1_297' title='bbox 1469 4689 1519 4748; x_wconf 86' lang='lat' dir='ltr'><strong>Ex</strong></span> <span class='ocrx_word' id='word_1_298' title='bbox 1548 4699 1637 4770; x_wconf 86' lang='lat' dir='ltr'><strong>parte</strong></span> 
     </span>
     <span class='ocr_line' id='line_1_35' title="bbox 404 4793 1643 4879; baseline -0.002 -19"><span class='ocrx_word' id='word_1_299' title='bbox 404 4798 557 4879; x_wconf 87' lang='lat' dir='ltr'><strong>Aymonis</strong></span> <span class='ocrx_word' id='word_1_300' title='bbox 591 4797 630 4856; x_wconf 91' lang='lat' dir='ltr'><strong>de</strong></span> <span class='ocrx_word' id='word_1_301' title='bbox 667 4794 851 4872; x_wconf 84' lang='lat' dir='ltr'><strong>Sandwyoo,</strong></span> <span class='ocrx_word' id='word_1_302' title='bbox 875 4793 1050 4872; x_wconf 90' lang='lat' dir='ltr'><strong>presbyteri</strong></span> <span class='ocrx_word' id='word_1_303' title='bbox 1087 4798 1190 4854; x_wconf 89' lang='lat' dir='ltr'><strong>vestre</strong></span> <span class='ocrx_word' id='word_1_304' title='bbox 1224 4794 1367 4863; x_wconf 86' lang='lat' dir='ltr'><strong>diocesis,</strong></span> <span class='ocrx_word' id='word_1_305' title='bbox 1405 4794 1497 4855; x_wconf 91' lang='lat' dir='ltr'><strong>nobis</strong></span> <span class='ocrx_word' id='word_1_306' title='bbox 1535 4796 1643 4858; x_wconf 85' lang='lat' dir='ltr'><strong>oblata</strong></span> 
     </span>
     <span class='ocr_line' id='line_1_36' title="bbox 404 4898 1639 4985; baseline -0.003 -20"><span class='ocrx_word' id='word_1_307' title='bbox 404 4905 519 4985; x_wconf 89' lang='lat' dir='ltr'><strong>peticio</strong></span> <span class='ocrx_word' id='word_1_308' title='bbox 551 4900 731 4963; x_wconf 89' lang='lat' dir='ltr'><strong>continebat</strong></span> <span class='ocrx_word' id='word_1_309' title='bbox 762 4899 846 4979; x_wconf 92' lang='lat' dir='ltr'><strong>quod</strong></span> <span class='ocrx_word' id='word_1_310' title='bbox 877 4898 950 4958; x_wconf 88' lang='lat' dir='ltr'><strong>licet</strong></span> <span class='ocrx_word' id='word_1_311' title='bbox 985 4898 1060 4957; x_wconf 92' lang='lat' dir='ltr'><strong>olim</strong></span> <span class='ocrx_word' id='word_1_312' title='bbox 1092 4918 1148 4978; x_wconf 91' lang='lat' dir='ltr'><strong>per</strong></span> <span class='ocrx_word' id='word_1_313' title='bbox 1178 4899 1259 4959; x_wconf 92' lang='lat' dir='ltr'><strong>bone</strong></span> <span class='ocrx_word' id='word_1_314' title='bbox 1293 4899 1443 4960; x_wconf 89' lang='lat' dir='ltr'><strong>memorie</strong></span> <span class='ocrx_word' id='word_1_315' title='bbox 1475 4901 1639 4974; x_wconf 89' lang='lat' dir='ltr'><strong>Ottonem,</strong></span> 
     </span>
     <span class='ocr_line' id='line_1_37' title="bbox 407 5003 1641 5089; baseline -0.001 -19"><span class='ocrx_word' id='word_1_316' title='bbox 407 5007 585 5089; x_wconf 82' lang='lat' dir='ltr'><strong>Apostolice</strong></span> <span class='ocrx_word' id='word_1_317' title='bbox 611 5007 700 5068; x_wconf 85' lang='lat' dir='ltr'><strong>Sedis</strong></span> <span class='ocrx_word' id='word_1_318' title='bbox 725 5006 757 5064; x_wconf 92' lang='lat' dir='ltr'><strong>in</strong></span> <span class='ocrx_word' id='word_1_319' title='bbox 783 5004 891 5083; x_wconf 84' lang='lat' dir='ltr'><strong>Regno</strong></span> <span class='ocrx_word' id='word_1_320' title='bbox 916 5003 1028 5083; x_wconf 88' lang='lat' dir='ltr'><strong>Anglie</strong></span> <span class='ocrx_word' id='word_1_321' title='bbox 1055 5004 1202 5083; x_wconf 88' lang='lat' dir='ltr'><strong>legatum,</strong></span> <span class='ocrx_word' id='word_1_322' title='bbox 1231 5005 1342 5065; x_wconf 84' lang='lat' dir='ltr'><strong>fuisset</strong></span> <span class='ocrx_word' id='word_1_323' title='bbox 1369 5004 1485 5068; x_wconf 90' lang='lat' dir='ltr'><strong>ibidem</strong></span> <span class='ocrx_word' id='word_1_324' title='bbox 1508 5009 1641 5086; x_wconf 88' lang='lat' dir='ltr'><strong>proinde</strong></span> 
     </span>
     <span class='ocr_line' id='line_1_38' title="bbox 406 5107 1642 5188; baseline 0 -12"><span class='ocrx_word' id='word_1_325' title='bbox 406 5115 614 5176; x_wconf 85' lang='lat' dir='ltr'><strong>constitutum</strong></span> <span class='ocrx_word' id='word_1_326' title='bbox 643 5111 765 5170; x_wconf 90' lang='lat' dir='ltr'><strong>nullum</strong></span> <span class='ocrx_word' id='word_1_327' title='bbox 800 5109 839 5169; x_wconf 86' lang='lat' dir='ltr'><strong>ad</strong></span> <span class='ocrx_word' id='word_1_328' title='bbox 880 5107 1028 5168; x_wconf 88' lang='lat' dir='ltr'><strong>vicariam</strong></span> <span class='ocrx_word' id='word_1_329' title='bbox 1064 5114 1249 5188; x_wconf 84' lang='lat' dir='ltr'><strong>perpetuam</strong></span> <span class='ocrx_word' id='word_1_330' title='bbox 1287 5110 1474 5188; x_wconf 87' lang='lat' dir='ltr'><strong>parochialis</strong></span> <span class='ocrx_word' id='word_1_331' title='bbox 1508 5113 1642 5176; x_wconf 84' lang='lat' dir='ltr'><strong>ecclesie</strong></span> 
     </span>
    </p>
   </div>
   <div class='ocr_carea' id='block_1_7' title="bbox 0 0 1930 5917">
    <p class='ocr_par' dir='ltr' id='par_1_7' title="bbox 0 0 1930 5917">
     <span class='ocr_line' id='line_1_39' title="bbox 0 0 1930 5917; baseline 0 0"><span class='ocrx_word' id='word_1_332' title='bbox 0 0 1930 5917; x_wconf 95' lang='lat' dir='ltr'><strong> </strong></span> 
     </span>
    </p>
   </div>
  </div>
 </body>
</html>
