3850 5917
416 690 477 757 288
791 690 972 769 Repictrum
986 692 1076 753 'Ade''
1092 692 1128 753 cle
1158 692 1282 754 Or'leton

369 950 374 958 ·
416 916 599 976 monasterii
628 916 730 976 sancti
753 916 840 977 Petri
862 916 1068 989 Gloucestrie,
1096 917 1259 979 eeclesiam
1286 919 1324 980 de
1352 918 1520 981 Ohircham
1549 926 1658 982 nostre

417 1022 551 1084 diocesis
586 1024 619 1083 in
659 1044 737 1085 usus
774 1024 917 1103 proprios
953 1025 1142 1103 optinentes,
1182 1046 1218 1086 ac
1253 1026 1404 1099 Priorem,
1445 1027 1656 1107 Suppriorem,

419 1130 650 1201 Precentorem,
686 1134 718 1190 et
748 1129 949 1201 Celerarium,
978 1130 1017 1191 de
1047 1131 1132 1191 dicto
1153 1131 1318 1192 Conventa
1340 1132 1483 1212 majores,
1505 1132 1589 1211 quod
1618 1132 1657 1194 de

422 1235 645 1315 procuracione
673 1234 798 1295 racione
818 1234 1013 1295 visitacionis
1041 1240 1157 1307 nostre,
1185 1256 1280 1315 quam
1301 1236 1334 1295 in
1361 1236 1446 1297 dicta
1467 1236 1598 1297 ecclesia
1619 1237 1658 1298 de

423 1340 592 1400 Ohircham
622 1340 692 1419 jure
715 1338 873 1400 Ordinarii
894 1359 932 1400 cx
962 1340 1056 1401 officii
1077 1342 1177 1401 nostri
1204 1340 1309 1403 debito
1337 1342 1469 1403 fecimus
1496 1342 1546 1403 die
1568 1343 1657 1404 Lune

423 1450 497 1506 ante
531 1444 648 1506 festum
668 1444 886 1507 -Invencionis
920 1450 1029 1506 sancte
1064 1446 1181 1518 Crucis,
1217 1446 1308 1508 nobie
1345 1446 1427 1507 infra
1461 1468 1501 1509 xv
1537 1447 1603 1508 dias
1639 1468 1658 1508 a

419 1555 561 1630 tempore
591 1551 776 1611 monicionis
814 1555 919 1611 vestre
947 1550 979 1609 in
1016 1551 1147 1612 ecclesia
1178 1552 1216 1613 de
1245 1552 1423 1633 (lhyrcham
1455 1552 1537 1613 facte
1566 1554 1655 1615 satis·

420 1655 547 1727 faciant,
567 1661 604 1716 ut
626 1661 781 1717 tenentur.
848 1656 939 1730 Quod
964 1656 991 1716 si
1012 1656 1242 1717 monicionibus
1263 1657 1376 1719 vestris
1404 1677 1467 1718 non
1496 1659 1657 1737 paruerint

420 1740 453 1822 in
475 1763 534 1824 hac
555 1767 644 1842 parte
664 1762 792 1824 eosdem
813 1764 853 1823 ed
876 1762 959 1823 idem
983 1762 1160 1823 faciendum
1175 1783 1231 1843 par
1252 1783 1400 1825 censurae
1429 1763 1600 1825 ecclesiast
1578 1770 1658 1825 treas

420 1857 624 1950 compellatis
667 1869 711 1929 Et
698 1869 830 1949 tquid
822 1889 856 1927 ιιι
878 1868 1050 1948 premissis,
1066 1874 1124 1930 etc.
1167 1870 1231 1929 Dat
1219 1875 1286 1929 tum
1308 1870 1392 1949 apud
1406 1870 1571 1930 Monemut
1558 1869 1657 1941 tham,

418 1976 486 2055 xiij⁰
506 1976 556 2036 die
578 1974 664 2034 Maii.

269 2294 275 2305 ,
302 2293 306 2304 ,
336 2270 343 2283 «
378 2295 382 2303 ,
425 2235 502 2312 dely
523 2238 572 2294 15
574 2234 729 2293 —Rober
717 2232 988 2310 musicamne]
977 2232 1221 2313 ]Arcbbe'shop
1249 2234 1290 2312 of
1326 2234 1525 2313 Centerbnry,
1560 2236 1658 2297 isariae

545 2322 696 2392 stringent
717 2313 907 2391 injunctions
933 2314 1001 2373 thet
1028 2314 1073 2373 all
1100 2313 1166 2374 cebo
1199 2314 1249 2390 lay
1280 2313 1378 2375 hands
1407 2335 1489 2396 upon
1518 2314 1566 2376 the
1586 2336 1658 2408 pro-

542 2403 632 2475 perty
653 2396 688 2474 of
705 2393 924 2455 eeclesiasticcl
932 2414 1066 2484 persons
1096 2394 1206 2454 should
1231 2394 1264 2455 be
1291 2395 1436 2473 solemnly
1456 2398 1657 2457 cacuminant-

545 2476 641 2536 eeted.
686 2475 779 2536 These
800 2474 990 2553 injunctions
1012 2494 1064 2534 ere
1084 2482 1113 2535 to
1084 2475 1168 2535 tbe
1187 2475 1261 2535 read
1282 2476 1346 2535 eiad
1367 2476 1480 2553 clearly
1496 2477 1659 2557 cepteined

545 2556 580 2615 ιἰι
601 2555 775 2633 Englirh'
761 2576 796 2615 ιιι
816 2556 862 2615 etl
892 2555 1074 2616 Oatbcdrels
1098 2556 1162 2615 ond
1188 2555 1340 2617 Oburebes
1366 2558 1401 2636 os
1430 2557 1478 2617 the
1503 2558 1657 2637 province,

542 2644 576 2698 et
598 2638 673 2697 lecet
698 2636 784 2697 twice
803 2657 825 2696 a
843 2639 937 2714 pecc}

500 2805 693 2865 Mannenuu
725 2821 850 2864 consae
881 2821 1059 2863 rnvssonns
1090 2822 1245 2864 Bonosum
1271 2822 1589 2869 nccnssmsnrcoauu
1614 2825 1658 2866 nn

420 2930 637 2971 sansonesca
658 2909 1197 2979 accusaresmcescu-Robertus,
1221 2910 1428 2990 permissione
1449 2912 1554 2971 divina
1576 2912 1656 2974 Gan-

417 3016 586 3077 tuariensis
620 3014 891 3094 Archiepiscopue,
924 3014 1022 3075 totius
1054 3014 1164 3095 Anglie
1194 3015 1326 3087 Primae,
1357 3016 1527 3077 venerabili
1558 3017 1655 3090 fratri,

420 3124 549 3185 domino
573 3122 750 3201 Radulpho,
786 3121 845 3182 Dei
879 3121 983 3200 gracia
1025 3120 1219 3181 Norwicensi
1256 3120 1423 3200 Episcopo
1455 3121 1588 3182 salutem
1624 3128 1657 3183 et

418 3230 589 3291 fraternam
615 3228 648 3288 in
669 3228 798 3289 dominc
819 3227 992 3287 caritatem.
1036 3226 1230 3305 Frequenter
1254 3226 1348 3305 exigit
1367 3227 1531 3306 repentina
1549 3248 1654 3289 neces·

418 3335 497 3397 sitas
518 3339 550 3395 et
571 3353 708 3413 congrua
735 3332 912 3393 futurorum
940 3332 1063 3393 cautela
1083 3336 1119 3391 ut
1140 3336 1172 3392 et
1198 3332 1398 3411 preordinata
1424 3352 1482 3412 pro
1509 3334 1656 3413 periculis

420 3440 576 3503 evitandis
603 3439 741 3501 remedia
762 3443 810 3499 set
838 3438 943 3498 forsan
965 3438 1159 3517 negligenter
1189 3438 1305 3498 omissa
1326 3438 1464 3499 vivacius
1493 3438 1653 3511 iterantur,

420 3551 452 3607 et
480 3565 562 3607 nova
591 3545 820 3624 superaddatur
843 3544 876 3603 in
915 3543 1096 3621 hujusmodi
1134 3542 1320 3604 execucione
1354 3544 1484 3615 medela,
1519 3544 1552 3603 in
1594 3546 1656 3607 hiis

418 3652 567 3733 precipue
587 3672 648 3732 que
670 3657 851 3711 sanctorum
881 3655 1008 3730 patrum
1038 3650 1104 3729 jam
1135 3650 1252 3709 dudum
1282 3651 1387 3711 sanxit
1415 3652 1594 3722 auctoritas,
1623 3657 1655 3714 et

418 3778 479 3839 que
510 3778 574 3818 non
605 3762 739 3837 possunt
770 3776 789 3816 a
819 3755 910 3816 nobis
942 3754 1119 3834 Episcopis,
1151 3755 1204 3834 qui
1236 3774 1343 3815 eorum
1376 3760 1496 3816 statuta
1530 3775 1655 3819 servare

417 3870 571 3935 tenemur,
593 3863 711 3943 absque
731 3860 870 3942 periculo
891 3866 998 3922 nostre
1029 3859 1232 3939 professionis
1260 3860 1364 3920 omitti
1367 3861 1539 3941 Nuper
1560 3863 1653 3942 siqui

416 3969 520 4030 dem
511 3989 543 4029 ιιι
563 3968 697 4048 quadam
712 3966 940 4027 convocacione
961 3966 1150 4045 prelatorum
1172 3970 1204 4025 et
1191 3964 1299 4026 teleri
1314 3907 1485 4027 Londoniia
1500 3967 1656 4029 celebrata

417 4080 492 4154 post
511 4074 627 4135 festum
650 4073 751 4135 sancti
776 4071 912 4140 Hillarii‚
933 4091 1017 4131 anno
1039 4071 1169 4130 Domini
1190 4070 1302 4131 ΜΟΟΟο
1333 4074 1536 4151 nonagesimo
1557 4080 1654 4145 sexto,

421 4200 479 4260 per
498 4199 557 4241 nos
586 4184 618 4239 et
649 4177 852 4257 coepiscopos
882 4182 1008 4237 nostros
1032 4176 1191 4237 communi
1220 4177 1324 4237 extitit
1353 4177 1552 4239 ordinacione
1581 4200 1653 4241 con·

418 4288 547 4356 dictum,
571 4291 602 4347 et
623 4285 668 4346 eis
689 4304 745 4363 per
765 4303 824 4344 nos
852 4283 885 4341 in
906 4282 1022 4343 virtute
1052 4281 1231 4342 obediencie
1255 4282 1295 4342 ad
1322 4284 1517 4362 quorundam
1545 4304 1654 4346 eorum

419 4392 643 4453 excitacionem
669 4390 847 4468 injunctum
866 4388 957 4447 utin
978 4386 1209 4447 cathedralibus
1234 4387 1373 4449 ecclesiis
1394 4394 1427 4449 et
1447 4390 1558 4451 ceteris
1577 4391 1655 4453 locis

419 4497 595 4577 insignibus
632 4516 688 4575 per
720 4494 896 4574 Episcopos
925 4494 1019 4572 ipsos,
1055 4493 1088 4552 in
1121 4493 1190 4554 aliis
1217 4514 1291 4554 vero
1322 4494 1462 4557 ecclesiis
1488 4514 1546 4575 per
1576 4497 1653 4559 alios

418 4604 502 4666 viros
524 4604 663 4683 ydoneos
684 4602 724 4662 ad
745 4601 981 4661 diocesanorum
1011 4600 1195 4679 mandatum
1219 4600 1449 4661 denunciantur
1468 4602 1600 4681 publice,
1622 4610 1654 4664 et

420 4712 453 4771 in
475 4731 587 4791 genere
609 4708 738 4786 majoris
759 4706 1096 4768 excommunicacionis
1120 4706 1281 4767 sentencia
1308 4707 1449 4767 innodati
1477 4728 1587 4770 omnes
1610 4710 1654 4770 illi

420 4817 474 4897 qui
496 4815 707 4878 ecclesiastica
731 4813 813 4873 bona
837 4812 905 4873 sine
926 4816 1016 4891 grata
1035 4810 1241 4891 permissione
1265 4810 1462 4873 dominorum
1483 4815 1653 4876 eorundem

481 4952 565 4992 l-Tbe
579 4950 669 4996 Biahoc
680 4948 759 4991 would
772 4960 837 4990 seem
850 4952 876 4990 tc
889 4949 951 4989 have
963 4946 1060 4989 entered
1074 4946 1097 4987 ln
1110 4948 1152 4988 the
1166 4946 1265 4992 resistet
1278 4946 1327 4989 this
1340 4946 1530 4995 Archiectscocal
1544 4948 1657 4991 mandate

417 5014 443 5056 ot
455 5016 481 5055 26
493 5015 572 5062 venre·
590 5012 676 5054 earlier
695 5011 751 5053 date
768 5012 829 5053 with
847 5021 914 5051 eome
933 5008 1054 5051 reference
1070 5013 1096 5051 tc
1115 5010 1156 5050 the
1169 5007 1295 5055 spoliation
1313 5007 1339 5050 cf
1352 5008 1389 5051 his
1405 5020 1459 5052 own
1476 5010 1656 5059 temperantia.

416 5077 496 5121 which
513 5088 565 5120 was
579 5075 646 5123 heinr
659 5074 751 5117 carried
764 5080 814 5121 cut.
828 5073 859 5121 bv
871 5072 941 5115 order
953 5071 978 5113 of
991 5073 1032 5113 the
1047 5072 1113 5118 llius.
1127 5072 1229 5117 through
1243 5072 1275 5112 all
1288 5072 1330 5113 the
1346 5072 1427 5119 serim
1445 5071 1491 5113 and
1509 5084 1616 5115 summer
1632 5074 1658 5117 cf

414 5141 472 5182 1⁸2⁴.
