3850 5917
708 703 860 783 Episcopi
887 703 1130 783 Hercfordcnais.
1477 706 1537 767 251

119 933 183 973 AD·
199 933 259 973 ¹³²²
301 930 459 990 Johannis
486 950 505 989 a
539 929 614 990 viris
636 928 802 1009 fidedignis
829 934 862 990 et
894 929 1008 1009 juratis
1036 928 1135 1008 ipsius
1162 928 1312 990 noticiam
1340 933 1406 989 tam
1435 934 1535 989 trans·

301 1039 373 1096 acto
395 1040 537 1115 tempore
561 1055 657 1114 quam
684 1035 835 1096 moderno
866 1034 992 1114 plenius
1016 1035 1231 1096 obtinentibus
1252 1036 1285 1093 in
1307 1036 1419 1095 forma·
1432 1034 1538 1095 debita

299 1139 466 1220 inquiratis
496 1140 661 1220 diligenter
679 1141 854 1211 veritatem,
879 1140 963 1201 iacta
993 1141 1081 1221 prius
1112 1140 1357 1201 denunciacione
1388 1140 1538 1219 predictis

302 1246 417 1306 Abbati
445 1251 478 1307 et
505 1246 649 1307 convent
636 1248 683 1306 tui
713 1247 796 1326 qnod
831 1247 1006 1326 predicte
998 1247 1198 1327 inquisitioni
1222 1246 1379 1319 intersint,
1415 1247 1441 1308 si
1477 1246 1536 1308 sibi

298 1351 435 1413 viderint
458 1352 612 1431 expedire
668 1352 712 1413 Et
699 1352 847 1432 tquid
838 1353 1011 1414 invenerits
1035 1353 1068 1412 in
1096 1352 1268 1432 premissis,
1290 1358 1349 1413 ete.
1353 1353 1480 1413 .Dat
1467 1358 1535 1413 tum

299 1457 383 1536 apud
404 1457 542 1536 Sugwas,
562 1463 614 1518 oct
615 1478 674 1518 svo
690 1458 740 1519 die
758 1458 877 1519 mensis
896 1458 1051 1529 Octobris,
1067 1479 1150 1519 anno
1165 1460 1294 1519 Domini
1310 1460 1357 1518 Μο
1353 1398 1449 1520 ‘0000
1450 1460 1535 1539 xxij0,

298 1568 358 1622 etc.

305 1816 368 1877 Oct.
391 1817 547 1878 10.-Thc
569 1818 667 1879 Bieho
710 1819 919 1880 contritissimo
943 1820 1086 1881 Richerd
1108 1820 1144 1881 dc
1171 1822 1287 1882 Veraoa
1309 1822 1372 1883 ond
1394 1821 1537 1882 Richcrd

422 1898 460 1959 dc
485 1840 688 1960 Hamazasci
707 1906 736 1960 io
758 1899 835 1961 visit
859 1900 908 1961 the
932 1901 1045 1979 Priory
1070 1903 1105 1981 os
1124 1902 1315 1963 Liarebroot.

383 2078 563 2138 Conmssm
584 2096 626 2137 sn
647 2096 849 2138 vrsmannuu
870 2097 1057 2139 Pmoaanuu
1082 2099 1125 2139 nn
1148 2080 1535 2157 Laecanium—Adam,

300 2190 370 2255 etc,
393 2184 537 2245 discretis
561 2184 645 2256 viris,
674 2185 747 2245 filiis
782 2185 815 2244 in
843 2185 971 2247 Christo
995 2187 1126 2257 dilectis,
1156 2186 1314 2266 magistris
1338 2188 1472 2250 Ricardo
1497 2191 1537 2252 de

302 2288 462 2359 Vemoun,
487 2296 557 2360 etc,
586 2295 618 2350 et
639 2290 773 2351 Ricardo
798 2291 837 2352 de
865 2291 1097 2363 Hamenasche,
1127 2292 1278 2353 canonico
1305 2300 1413 2354 nostre
1436 2296 1534 2357 Here-

302 2393 456 2455 iordenaie
494 2394 634 2466 ecclesie,
670 2396 813 2467 salutem,
853 2402 912 2457 etc.
970 2397 1018 2457 Ad
1052 2398 1243 2458 visitandum
1285 2398 1459 2478 prioratum
1498 2402 1537 2463 de

302 2499 506 2579 Lyngebroke
527 2501 560 2559 in
582 2502 685 2581 capite
705 2507 738 2563 et
765 2503 797 2561 in
827 2502 986 2574 membris,
1015 2508 1047 2563 et
1063 2499 1301 2583 corrigendum,
1330 2505 1534 2583 puniendum,

300 2624 337 2664 ac
360 2604 594 2666 reformandum
618 2626 774 2678 excessus,
798 2607 824 2667 si
849 2627 928 2687 quos
953 2607 1069 2669 ibidem
1105 2608 1295 2681 inveneritis,
1324 2609 1413 2670 vobis
1451 2611 1536 2674 vices

300 2716 424 2772 nostras
453 2712 690 2783 committimus,
716 2718 775 2773 etc.
831 2714 1072 2793 Datumm0apud
1103 2714 1241 2793 Sugwas,
1275 2723 1308 2774 x·
1332 2715 1382 2776 die
1417 2716 1536 2779 mensis

300 2816 455 2887 Octobris,
471 2838 555 2878 anno
580 2818 710 2878 Domini
730 2818 778 2877 Μθ
779 2818 1026 2899 OOO⁰xxijffletc

305 3120 368 3181 Oct.
392 3124 441 3179 11
443 3120 548 3180 -Thc
569 3120 698 3192 Bisho,
722 3120 835 3199 hucine
858 3120 993 3181 received
1017 3142 1037 3181 a
1061 3121 1204 3182 mocrdaic
1222 3123 1307 3201 from
1330 3122 1378 3182 thc
1400 3122 1482 3201 Popc
1505 3130 1535 3184 to

417 3201 615 3281 providcfcr
637 3202 767 3261 Tmcs
788 3202 825 3261 dc
845 3201 974 3279 Aekcby,
994 3202 1083 3273 cleric,
1109 3223 1129 3262 a
1154 3202 1315 3281 benefica
1300 3223 1336 3263 cn
1360 3203 1409 3263 ta
1428 3210 1534 3283 patro·

420 3302 497 3359 nepe
517 3282 552 3360 of
574 3282 623 3342 tha
643 3281 762 3361 Biehop
704 3281 818 3361 topos
794 3282 1015 3361 j,Worccatcr
1037 3282 1245 3343 cooneiseioae
1269 3284 1535 3345 sacrosacrae

423 3364 458 3442 os
489 3363 661 3433 Worccstcr,
689 3362 831 3423 Richard
862 3364 899 3423 dc
929 3364 1070 3442 Eisficld,
1102 3364 1165 3424 aad
1196 3364 1309 3425 Robcrt
1340 3364 1377 3425 dc
1407 3364 1535 3425 Patritc

422 3450 450 3504 to
475 3450 525 3504 act
542 3445 597 3523 for
622 3442 725 3503 tim
710 3463 746 3503 ca
771 3443 820 3504 the
843 3450 964 3504 mator.

379 3626 562 3687 Gonnrssro
596 3643 657 3684 nno
689 3624 806 3684 Tacere
840 3644 883 3684 nn
924 3625 1056 3685 Aeneas
1089 3624 1430 3697 provisore—Adam,
1463 3631 1533 3697 etc,

298 3738 448 3795 executor
488 3731 652 3811 cujusdam
682 3731 784 3811 grecie
811 3751 868 3811 per
900 3731 1135 3792 sanctissimum
1174 3732 1206 3791 in
1246 3730 1371 3793 Christo
1400 3739 1532 3812 patrem,

298 3836 462 3897 dominum
487 3839 641 3906 nostrum,
666 3834 827 3895 dominum
849 3834 1037 3905 Johannem,
1064 3835 1170 3895 divina
1193 3836 1392 3914 providencia
1413 3838 1533 3917 Papam

301 3941 425 4011 XXII,
450 3940 532 4001 facte
559 3940 680 4000 Thome
707 3940 746 4000 de
767 3939 903 4020 Askeby,
926 3940 1048 4013 clerice,
1073 3941 1112 4003 de
1143 3941 1293 4003 beneficio
1321 3943 1534 4005 ecclesiastico

297 4068 370 4109 cum
392 4067 467 4107 cura
490 4047 540 4107 vel
565 4046 634 4107 aine
655 4066 731 4107 cura
750 4052 914 4126 spectante
938 4048 978 4107 ad
1007 4048 1218 4119 collacionem,
1241 4048 1460 4127 provisionem,
1477 4070 1532 4111 seu

298 4153 393 4214 sliam
411 4170 630 4232 quamcunque
652 4151 892 4231 disposicionem
916 4154 1076 4214 reverendi
1098 4153 1206 4233 patris,
1225 4154 1344 4213 domini
1373 4154 1532 4234 Episcopi,

298 4263 331 4319 et
355 4257 541 4319 venerabilis
569 4257 706 4337 Capituli
730 4257 968 4338 Wygomiensis
996 4259 1189 4339 conjunctim
1210 4260 1260 4320 vel
1280 4260 1414 4332 divisim,
1439 4268 1533 4340 prout

298 4363 332 4425 in
363 4364 477 4424 littaris
505 4362 687 4442 apostolicis
713 4363 837 4443 plenius
871 4365 1059 4437 continetur,
1095 4386 1227 4445 quarum
1256 4366 1431 4427 litterarum
1459 4368 1533 4428 data

298 4477 348 4533 est
367 4471 445 4549 xvij⁰
464 4469 533 4529 Kal.
557 4468 727 4539 Februarii,
748 4469 953 4548 pontificatus
974 4471 1050 4532 dicti
1069 4470 1188 4531 domini
1207 4472 1292 4551 Papa
1313 4492 1396 4533 anno
1420 4472 1530 4552 prime,

298 4596 434 4639 unacum
470 4574 698 4636 Archidiacono
732 4575 964 4656 Foro-juliensi,
999 4582 1031 4637 et
1065 4576 1161 4637 Vitali
1197 4578 1235 4637 de
1271 4576 1346 4656 Ape,
1382 4578 1532 4640 canonico

299 4680 465 4761 Agonensi
487 4698 559 4739 cum
581 4679 634 4739 ille
665 4679 805 4739 clausule
836 4679 985 4758 quatinus
1006 4700 1057 4741 vos
1086 4680 1134 4740 ccl
1163 4680 1233 4751 dac,
1261 4686 1325 4751 cic..
1354 4682 1531 4761 deputatus,

298 4784 528 4849 venerabilibus
548 4790 581 4845 et
602 4784 745 4845 discretis
766 4784 851 4856 viris,
880 4785 1017 4847 dominis
1048 4786 1275 4847 Archidiacono
1303 4786 1532 4865 Wygorniensi,

297 4894 338 4955 de
360 4891 528 4961 Elsefelde‚
554 4891 794 4961 londoniensis,
820 4910 856 4953 ac
884 4892 1035 4971 magistro
1059 4892 1196 4954 Roberto
1221 4892 1259 4952 de
1284 4892 1414 4964 Patrita,
1439 4893 1529 4954 Lich-

298 4997 448 5062 ieldensis
482 4995 684 5057 ecclesiarum
719 4996 888 5069 canonicis,
923 4997 1059 5059 salutem
1093 5004 1126 5058 et
1160 4996 1317 5057 mandatis
1352 4998 1532 5077 apostolicis

298 5104 430 5169 firmiter
450 5101 584 5163 obedire.
627 5102 709 5176 Quia
728 5102 908 5163 execucioni
929 5102 1012 5165 dicte
1039 5103 1142 5182 gracie
1172 5102 1334 5164 intendere
1358 5123 1422 5164 non
1450 5105 1531 5167 vale·
