3850 5917
397 701 417 761 8
770 696 951 777 Repirtrem
977 697 1042 758 Ade
1069 697 1106 758 de
1135 697 1259 758 Orletoe

228 934 288 975 AD·
304 932 359 973 ¹³¹⁷·
400 922 589 995 obtinentes,
603 923 644 984 ed
660 923 877 1002 exequendum
893 922 1080 983 mandatum
1095 922 1304 1001 apostolicum
1322 941 1380 1001 pro
1393 922 1478 983 dicto
1496 941 1633 1002 paupere

400 1028 513 1091 elerico
537 1028 571 1088 in
594 1032 704 1090 nostra
724 1028 841 1090 diocesi
865 1028 1089 1101 beneficiando,
1110 1033 1147 1089 ut
1166 1028 1343 1107 premittur,
1365 1027 1457 1089 nobis
1479 1028 1632 1089 directum

401 1133 490 1197 vobis
519 1140 551 1195 et
578 1138 718 1195 vestrum
747 1134 875 1196 cuilibet
902 1134 1098 1213 conjunctim
1118 1138 1152 1195 et
1184 1133 1311 1195 divisim
1331 1154 1404 1195 cum
1431 1133 1633 1197 coercicionis

400 1240 551 1302 canonice
577 1244 735 1319 potestate
758 1239 986 1301 committimus
1007 1239 1093 1301 vices
1112 1245 1238 1301 nostras
1259 1239 1359 1301 donec
1379 1259 1433 1301 ens
1452 1240 1633 1302 duxerimus

400 1346 602 1409 revocandus.
664 1346 785 1406 Datum
819 1346 903 1424 apud
937 1344 1097 1407 Bonitone
1134 1346 1223 1424 juxta
1257 1345 1472 1425 Notynghem,
1507 1366 1528 1406 x
1562 1346 1633 1407 Kal.

403 1450 547 1531 Augusti,
576 1470 659 1512 anno
687 1450 817 1511 Domini
844 1450 1068 1531 M0ooc⁰xvij⁰‚
1096 1456 1156 1513 etc.

405 1720 483 1799 dely
518 1719 727 1781 25.—Letters
742 1717 906 1797 dimissum
920 1718 1049 1797 granted
1070 1725 1100 1778 to
1125 1717 1266 1778 William
1278 1717 1315 1778 de
1333 1717 1511 1797 Thoenepk,
1523 1718 1637 1779 Rector

466 1820 468 1825 ’
525 1800 561 1881 os
577 1799 816 1870 Mnester-ruerit,
839 1799 906 1859 thot
934 1798 970 1860 be
997 1819 1068 1877 croy
1088 1798 1201 1860 receive
1229 1799 1313 1877 Hoty
1339 1798 1450 1861 Ordere
1467 1800 1554 1879 from
1572 1818 1635 1879 any

523 1880 642 1961 Ba'ehop
663 1880 698 1961 of
716 1880 765 1942 ibe
785 1879 934 1941 Prooiece
954 1879 990 1960 of
1009 1880 1209 1958 Genterbnry.

484 2036 583 2099 Corin
612 2054 782 2098 curusnen
811 2054 951 2096 nmrnnn
984 2035 1333 2108 emissorem-Adam,
1361 2041 1432 2107 etc,
1460 2036 1574 2097 dilecto
1601 2037 1635 2097 in

404 2144 532 2206 Christo
559 2143 634 2215 filio,
656 2142 815 2204 Willelmo
835 2143 875 2203 de
895 2141 1092 2222 Thunneyk,¹
1113 2142 1226 2203 rectori
1246 2142 1377 2203 ecclesie
1405 2142 1444 2203 de
1478 2143 1635 2204 Monstro·

406 2250 519 2323 worth,
540 2254 648 2311 nostre
668 2249 810 2320 diocesis,
832 2248 955 2320 acolito,
978 2248 1122 2319 salutem,
1150 2249 1287 2328 greciam
1314 2252 1347 2309 et
1373 2248 1636 2310 benediccionem.

405 2358 453 2421 Ut
474 2376 697 2438 nquocunqne
718 2356 865 2436 episcopo
886 2355 1041 2416 catholico
1062 2354 1297 2416 Cantuurieneis
1317 2355 1486 2435 provincie,
1507 2360 1577 2426 etc,
1599 2374 1638 2417 eo

412 2486 477 2527 non
499 2465 646 2527 obstante
669 2465 753 2545 quod
774 2463 807 2523 in
828 2464 914 2524 dieta
942 2467 1052 2524 nostra
1079 2462 1197 2524 diocesi
1216 2462 1421 2524 beneficiatus
1438 2462 1556 2533 existis,
1576 2467 1637 2525 etc.

407 2572 563 2635 Volumus
584 2576 689 2632 autem
713 2570 796 2650 quod
828 2570 866 2630 de
893 2568 1055 2630 ordinibus
1076 2568 1121 2629 sic
1149 2568 1304 2648 susceptis
1331 2568 1423 2629 nobis
1453 2567 1535 2628 inira
1558 2567 1638 2629 duos

405 2697 532 2739 menses
560 2682 741 2757 atempore
772 2676 986 2757 suscepcionis
1006 2676 1147 2756 ipsorum
1167 2675 1262 2736 fidem
1282 2676 1384 2737 iacere
1410 2674 1555 2735 tenearis.
1597 2674 1638 2733 In

406 2784 498 2865 cujus
526 2783 581 2856 rei,
612 2784 672 2845 etc.
728 2784 847 2843 Datum
879 2782 963 2863 apud
991 2782 1160 2853 Bonitone,
1191 2781 1244 2861 viij
1278 2780 1348 2841 Kal.
1381 2779 1523 2860 Augusti,
1554 2798 1639 2842 anno

404 2890 536 2952 Domini
556 2888 723 2951 millesimo
751 2887 926 2967 cocunt,
954 2893 1014 2949 etc.

408 3159 486 3239 dely
514 3156 811 3220 25.-Gommieriort
847 3154 1031 3236 appointiup
1067 3154 1197 3215 Thomm
1231 3154 1268 3215 de
1307 3152 1438 3224 Orletoa,
1482 3152 1566 3213 John
1601 3152 1640 3213 de

534 3238 684 3320 Glipetoe,
717 3238 781 3299 aad
806 3236 889 3298 John
916 3236 953 3298 de
980 3235 1146 3314 Bromfield
1175 3235 1225 3297 the
1251 3234 1395 3315 Bistop’e
1422 3234 1564 3295 Proetora
1585 3234 1640 3314 sor

533 3319 640 3399 taking
667 3339 737 3381 ouer
764 3318 813 3380 the
841 3316 1059 3398 tewrporolr'tiee
1088 3317 1123 3396 ej
1147 3316 1197 3378 the
1221 3316 1285 3377 See.

489 3476 671 3539 Oorrnrssro
692 3492 734 3535 sn
756 3492 908 3536 snrsrnsn
928 3490 1085 3533 senonen
1106 3472 1331 3533 sueconicus
1350 3488 1576 3532 sncrernnnsn
1596 3486 1639 3530 nr

411 3601 628 3644 rmnnrnnnns
658 3579 1060 3642 serenorum-Omnibus
1081 3579 1120 3638 ed
1151 3598 1230 3659 qnos
1253 3583 1417 3660 presentes
1446 3578 1551 3639 littere
1569 3596 1637 3657 per·

410 3689 555 3752 venerint
592 3687 702 3759 Adam,
741 3691 801 3759 etc,
830 3686 965 3748 salutem
992 3686 1025 3744 in
1060 3684 1198 3746 Domino
1232 3685 1466 3765 sempiternum.
1507 3682 1640 3744 Noverit

409 3796 598 3859 universitas
619 3798 724 3857 vestra
751 3794 835 3874 qnod
863 3812 935 3854 cum
963 3790 1243 3853 excellentissimus
1270 3790 1417 3871 princeps
1440 3794 1472 3851 et
1493 3789 1640 3851 dominus

407 3906 517 3964 noster
552 3900 741 3963 reverendus
776 3898 923 3961 dominus
960 3897 1145 3967 Edwardus,
1177 3897 1237 3957 Dei
1271 3896 1376 3975 gracie
1408 3895 1538 3957 illustris
1573 3895 1641 3956 Rex

410 4008 530 4088 Anglie,
562 4007 708 4069 dominus
736 4004 899 4076 Hibernis,
930 4009 964 4065 et
992 4004 1065 4063 Dux
1086 4002 1263 4083 Aquitanis,
1291 4002 1476 4082 temporalia
1509 4001 1640 4080 Episco-

410 4120 505 4194 patus
535 4110 777 4175 Hereiordensis
808 4110 899 4172 nobis
921 4109 1104 4180 restituerit,
1133 4113 1165 4170 et
1191 4108 1314 4169 litteras
1334 4128 1408 4169 suas
1434 4112 1580 4188 petentes
1600 4106 1641 4167 ab

407 4224 568 4281 esceetore
581 4217 701 4279 domini
714 4216 809 4297 Regis
823 4216 902 4276 citra
915 4214 1065 4275 Trentam
1079 4220 1111 4275 et
1124 4213 1194 4294 ejus
1207 4212 1487 4285 subesceetoribus,
1502 4212 1640 4274 Roberto

413 4326 533 4396 Broun,
555 4323 678 4385 custodi
698 4322 911 4404 Episcopatus
932 4320 1025 4391 illius,
1046 4319 1097 4381 vel
1115 4320 1184 4399 ejus
1204 4319 1309 4380 locum
1329 4320 1451 4382 tenenti
1474 4318 1508 4379 in
1529 4319 1639 4380 eadem

411 4428 555 4491 custodia
582 4427 738 4498 direxerit,
767 4428 806 4487 ed
830 4426 1063 4506 possessiouem
1091 4431 1124 4486 et
1151 4424 1301 4486 seisinam
1328 4444 1451 4485 necnon
1480 4424 1521 4485 ad
1542 4424 1640 4485 fideli·

412 4540 495 4597 tates
516 4533 661 4607 militnm,
689 4533 858 4594 liberorum
879 4530 1053 4601 hominum,
1079 4535 1111 4591 et
1138 4531 1280 4592 omnium
1301 4530 1432 4591 eliorum
1460 4530 1640 4591 tenencium

412 4643 453 4703 de
494 4640 689 4721 Episcopatu
726 4638 867 4719 predicto
909 4639 948 4698 ad
989 4657 1069 4717 opus
1106 4644 1251 4698 nostrum
1291 4642 1324 4699 et
1363 4636 1492 4699 nomine
1531 4641 1642 4697 nostro

412 4746 616 4826 recipiendas,
645 4750 677 4807 et
704 4746 745 4806 ad
771 4744 878 4806 omnia
908 4744 970 4804 elia
1000 4743 1143 4805 iacienda
1163 4763 1224 4824 que
1244 4744 1285 4804 ad
1312 4742 1449 4805 officium
1477 4741 1641 4804 senescalli

411 4853 581 4935 pertinent,
602 4851 733 4913 dilectos
753 4849 883 4911 clericos
903 4855 1039 4922 nostroe,
1061 4849 1227 4930 magistros
1249 4850 1403 4910 'l'homam
1423 4850 1462 4910 de
1483 4848 1641 4921 Orletone,

410 4965 444 5022 et
464 4958 643 5021 Johannem
661 4956 700 5017 de
731 4955 943 5035 Glippeetone,
965 4975 1002 5016 ae
1032 4955 1211 5017 Johannem
1235 4956 1274 5016 de
1294 4954 1475 5026 Bromfield,
1496 4973 1642 5033 procura·

411 5095 551 5193 &agn-²312
562 5090 704 5183 ²Sseirtember·
718 5093 748 5138 17,
762 5090 792 5133 he
811 5102 869 5133 once
889 5090 959 5137 again
981 5089 1087 5132 received
1101 5091 1196 5132 letters
1212 5090 1357 5138 Dimlercryz
1379 5089 1427 5132 and
1439 5101 1454 5132 ι
1466 5089 1531 5131 third
1543 5089 1602 5131 time
1614 5100 1647 5132 oo
