3850 5917
741 654 893 736 Episcopi
919 654 1164 737 Hercfordcmis.
1511 659 1572 721 22⁷

147 884 213 923 ⁸·0·
231 884 289 923 ¹³²2
331 882 442 939 sancte
465 879 639 951 Trinitatis,
661 880 836 961 opposituri
857 884 889 942 et
909 899 968 960 pro
987 884 1122 941 termino
1145 882 1356 961 peremptorio
1379 882 1571 962 proposituri

332 982 476 1061 objectus
517 1004 554 1047 ac
595 986 728 1047 crimina
765 986 873 1047 omnia
909 991 943 1047 et
979 985 1112 1065 singula,
1148 1006 1209 1066 que
1247 992 1357 1047 contra
1390 987 1572 1068 hujusmodi

333 1086 500 1149 eleccionis
532 1088 667 1151 formam
694 1089 861 1152 observare
888 1090 1045 1152 voluerint
1072 1110 1262 1171 personasve
1299 1092 1485 1172 eligenoium
1517 1098 1573 1153 aut

332 1193 425 1255 electi
448 1193 670 1273 predictorum.
712 1194 757 1257 Et
776 1195 850 1275 quia
870 1194 1045 1275 resignaoio
1067 1196 1247 1276 supradicta
1271 1196 1311 1257 sd
1334 1217 1393 1257 noe
1417 1198 1572 1259 hactenus

332 1318 398 1361 non
431 1299 584 1379 pervenit,
611 1305 646 1361 et
679 1299 725 1361 sic
759 1320 817 1380 per
850 1320 909 1363 nos
949 1301 1079 1363 minime
1115 1301 1219 1381 potuit
1253 1301 1427 1382 approbari,
1467 1302 1572 1364 citetis

333 1404 468 1465 eundem
495 1403 625 1467 fratrem
652 1405 837 1485 Philippum
860 1406 1002 1467 Priorem
1031 1407 1114 1487 quod
1145 1412 1326 1486 compareat
1347 1428 1451 1469 coram
1479 1407 1572 1469 nobis

333 1511 383 1570 vel
416 1510 502 1571 dicto
528 1517 639 1573 nostro
677 1511 902 1583 commissario,
939 1512 1009 1575 loco
1040 1518 1073 1574 et
1105 1512 1155 1573 die
1186 1512 1384 1593 supradictis,
1413 1517 1449 1573 ut
1477 1534 1573 1593 snper

332 1617 486 1695 premissa
523 1617 738 1697 resignacione
769 1624 802 1680 et
832 1619 903 1697 ejus
931 1617 1035 1680 causis
1069 1637 1126 1698 per
1157 1638 1230 1680 enm
1260 1618 1419 1699 possimus
1446 1619 1571 1700 plenius

333 1718 503 1780 informari.
560 1720 643 1795 Quid
663 1726 770 1782 autem
799 1721 833 1781 in
862 1721 1034 1801 premissis,
1065 1728 1134 1793 etc,
1169 1726 1206 1782 nt
1234 1742 1338 1803 supra.
1394 1724 1514 1783 Datum
1534 1728 1572 1783 ut

332 1845 436 1905 supra.

334 2056 415 2117 June
436 2054 729 2197 θῖΤΙίἱερεηεαιίοπ
742 2055 798 2135 jor
816 2054 1019 2134 illeqitimccy
1040 2054 1168 2134 practed
1190 2062 1219 2117 io
1243 2056 1343 2134 Roper
1363 2056 1400 2117 dc
1421 2056 1569 2134 Maceloy,

453 2157 469 2197 c
536 2182 544 2197 .

413 2292 633 2353 Drernnsacro
654 2310 759 2353 suana
780 2310 932 2353 narrcrn
952 2310 1121 2352 perminis
1140 2293 1269 2353 Roonar
1291 2311 1335 2352 nn
1353 2293 1570 2365 Mneosnnrn,

331 2398 758 2459 carmon-Memorandum
785 2399 870 2478 quod
903 2399 948 2479 vj⁰
978 2398 1029 2460 die
1051 2399 1169 2460 mensis
1198 2399 1295 2469 Junii,
1327 2420 1411 2461 anno
1441 2401 1570 2462 Domini

332 2504 548 2584 invocari?
561 2505 645 2585 apud
666 2504 896 2576 Hereiordiam,
920 2504 1114 2585 dispensavit
1133 2505 1279 2567 dominus
1296 2526 1367 2567 oum
1390 2506 1512 2586 Rogero
1531 2507 1570 2568 de

332 2609 460 2681 Marcle,
489 2610 610 2682 clerico,
632 2610 820 2672 auctoritate
856 2610 1029 2691 apostolica
1058 2598 1116 2672 sibi
1138 2612 1307 2673 commissa
1328 2632 1421 2692 super
1445 2612 1570 2673 deiectu

330 2716 485 2776 natalium
505 2736 599 2796 quem
627 2716 748 2797 patitur
768 2717 806 2777 de
839 2716 970 2777 diacono
998 2715 1123 2795 genitus
1144 2721 1176 2777 et
1204 2716 1316 2788 soluta,
1338 2716 1442 2778 dando
1467 2718 1568 2780 eidem

332 2840 427 2901 super
447 2820 628 2901 hujusmodi
649 2820 888 2901 dispensacione
915 2840 990 2881 suas
1018 2826 1163 2901 patentes
1184 2821 1306 2883 litteras
1330 2832 1506 2885 consuetas.

331 3077 416 3139 June
436 3076 572 3139 4.—Tlre
591 3076 711 3157 Bisbop
731 3078 878 3138 imtructs
904 3076 953 3137 the
976 3076 1075 3155 olcrpy
1102 3076 1285 3157 throuqhoct
1310 3079 1359 3138 the
1384 3078 1510 3139 Dioneae
1538 3085 1569 3139 to

452 3158 606 3238 proclcim
634 3157 683 3218 tlte
710 3166 845 3219 aarum
869 3158 904 3249 os
927 3157 1221 3219 communicator
1247 3158 1372 3237 nquinat
1400 3158 1448 3220 the
1475 3158 1566 3220 nicic-

449 3239 569 3319 factora
596 3238 664 3299 who
693 3238 755 3299 bad
778 3238 952 3299 cornmrtted
976 3246 1115 3316 eutropes
1144 3238 1179 3299 ia
1204 3238 1252 3300 the
1277 3239 1420 3320 Bisbop’s
1445 3260 1567 3301 maerore

455 3321 491 3400 os
510 3319 590 3381 Rosa
614 3319 678 3380 and
708 3320 817 3400 Upton.

413 3476 642 3535 Dnunncrecro
663 3493 1008 3537 nxcouunurceoronrs
1029 3493 1091 3537 rao
1119 3494 1263 3538 neurius
1290 3495 1324 3537 m
1347 3496 1502 3539 uernans
1523 3496 1567 3538 na

330 3580 399 3642 Ros
430 3598 472 3639 nr
503 3579 804 3651 Uerona-Adam,
836 3584 906 3653 etc,
937 3580 1060 3642 dilectis
1088 3580 1121 3640 in
1153 3580 1280 3643 Christo
1311 3582 1393 3653 filiis,
1422 3582 1569 3662 Capitulo

330 3690 440 3747 nostre
461 3684 703 3747 Hereiordensis
728 3684 867 3757 ecclesie,
888 3686 1045 3747 decanatu
1069 3685 1209 3765 ejusdem
1235 3692 1375 3757 vacante,
1404 3692 1436 3749 et
1459 3707 1567 3748 eorum

330 3793 557 3864 commissario,
577 3792 709 3854 Officiali
732 3799 765 3854 et
785 3792 1002 3853 commissario
1022 3797 1140 3862 nostro,
1157 3790 1392 3855 Archidiaconis
1405 3798 1438 3854 et
1459 3813 1567 3855 eorum

331 3897 534 3969 Officinlibus,
559 3897 695 3969 decanis,
728 3897 911 3968 rectoribus,
943 3896 1077 3968 vicariis,
1110 3896 1291 3976 presbiteris
1327 3898 1567 3977 parochialibus,

331 4010 365 4064 et
385 4004 455 4065 aliis
484 4002 722 4083 quibuscunque
749 4002 952 4064 ecclesiarum
985 4002 1114 4082 prolatis
1147 4022 1204 4082 per
1237 4008 1378 4063 nostram
1408 4004 1567 4065 civitatem

330 4112 365 4167 et
384 4106 533 4167 diocesim
553 4106 744 4177 constitutis,
761 4106 905 4177 salutem,
926 4110 986 4166 etc.
1027 4105 1266 4167 Perturbatores
1284 4105 1566 4168 ecclesiasticarum

331 4213 513 4274 libertatum
533 4218 566 4274 et
596 4212 713 4291 jurium
744 4232 781 4273 eo
816 4210 1005 4291 propensius
1025 4211 1172 4272 convenit
1203 4210 1336 4272 coerceri
1361 4231 1423 4291 quo
1457 4231 1566 4271 eorum

332 4318 457 4379 malicia
480 4317 637 4397 impunita
663 4317 696 4376 in
724 4316 950 4378 detrimentum
978 4314 1108 4377 ecclesie
1136 4321 1168 4376 et
1192 4315 1266 4377 cleri
1290 4316 1492 4396 opprobrium
1519 4336 1565 4378 re-

332 4424 496 4484 dundaret.
552 4422 632 4484 Cum
653 4422 748 4502 igitur
769 4420 928 4482 notorium
956 4420 999 4481 sit
1029 4426 1062 4481 st
1093 4420 1296 4482 manifestum
1324 4422 1407 4501 qnod
1438 4422 1566 4502 quidam

333 4527 509 4608 iniqnitatis
533 4526 599 4596 filii,
625 4546 681 4588 sue
705 4523 817 4587 salutis
841 4526 1051 4596 immemores,
1077 4524 1230 4586 instinctu
1254 4526 1389 4605 quodam
1414 4526 1567 4587 diabolico

332 4654 474 4714 ausuque
494 4632 623 4705 nefario,
645 4633 785 4695 maneria
808 4637 917 4693 nostra
938 4633 977 4693 de
998 4632 1114 4692 Boset
1136 4632 1273 4711 Uptone,
1296 4638 1402 4693 nostre
1424 4632 1565 4703 diocesis,

333 4744 494 4819 proteret
517 4743 628 4799 contra
653 4738 850 4800 voluntatem
883 4741 1026 4797 nostram
1057 4755 1113 4797 seu
1141 4735 1356 4795 ministrorum
1388 4741 1567 4797 nostrorum

333 4847 453 4907 dudum
473 4844 606 4925 ingressi
626 4844 762 4915 inerunt,
784 4844 888 4915 boves,
910 4862 994 4913 oves,
1029 4846 1062 4902 et
1092 4841 1153 4902 alia
1184 4841 1331 4902 animalia
1361 4842 1566 4914 abduxerunt,

333 4952 537 5020 trumentum,
564 4969 690 5021 avenas,
718 4954 751 5010 et
778 4948 840 5010 alia
869 4948 952 5009 bona
979 4947 1095 5009 ibidem
1122 4947 1251 5007 inventa
1278 4948 1431 5009 violenter
1457 4954 1567 5010 contra

334 5056 512 5117 libertatem
540 5053 785 5116 ecclesiasticam
809 5058 1020 5133 asportarunt,
1046 5057 1078 5114 et
1098 5051 1160 5112 hiis
1188 5050 1310 5131 injuriis
1331 5073 1395 5113 non
1416 5055 1566 5127 contenti,
