3850 5917
697 683 849 768 Episcopi
875 686 1119 769 Heresorderuie.
1464 688 1525 749 2⁵15

76 920 151 961 w·
173 920 236 959 ¹³²⁴
286 912 422 973 formam
442 912 587 992 superius
608 917 802 973 annotatam.
845 913 893 973 De
914 912 966 974 die
986 931 1060 973 vero
1080 909 1281 992 recepcionie,
1303 917 1362 971 etc.
1405 913 1524 971 Datum

287 1018 373 1098 apud
386 1018 570 1090 Mortelalre,
592 1019 648 1097 xij⁰
664 1018 715 1080 die
736 1008 888 1089 Janua'rii,
907 1038 991 1080 anno
1011 1019 1140 1080 Domini
1162 1018 1396 1098 M00000xxiij0.
1427 1018 1525 1097 Cujus

287 1123 476 1185 auctoritate
496 1124 638 1185 mandati
668 1124 811 1186 districte
831 1124 921 1185 vobis
945 1124 1139 1204 injungimus
1169 1143 1226 1204 per
1256 1129 1419 1203 presentes
1450 1144 1522 1204 qua·

286 1229 377 1291 tinml
395 1229 479 1290 idem
500 1230 695 1302 mandatum,
716 1230 867 1311 quatinus
895 1230 1106 1291 ministerium
1138 1229 1336 1291 execucionis
1365 1228 1524 1309 importat,

284 1336 377 1415 juxta
396 1333 470 1407 vim,
500 1335 623 1407 seriem,
652 1340 685 1397 et
715 1336 864 1397 effectum
885 1334 1027 1416 ejusdem
1056 1336 1089 1395 in
1121 1340 1225 1397 vestra
1264 1336 1380 1397 diocesi
1408 1336 1526 1417 absque

285 1460 374 1502 more
395 1441 560 1521 dispendio
576 1442 668 1521 plene
687 1447 721 1503 et
733 1442 838 1503 debite
858 1442 925 1503 lieri
947 1441 1108 1513 facientes,
1126 1462 1191 1512 vos,
1210 1442 1358 1521 quatinus
1374 1441 1406 1502 id
1419 1441 1523 1522 ipsum

285 1552 423 1609 vestram
451 1548 675 1627 paternitatem
703 1549 874 1620 concernit,
902 1548 1003 1610 eidem
1033 1548 1182 1609 mandato
1207 1568 1269 1628 quo
1294 1548 1332 1609 ad
1357 1568 1467 1609 omnes
1492 1554 1524 1609 et

287 1653 429 1733 singulos
449 1654 549 1734 ipsius
571 1655 720 1716 articulos
741 1655 909 1716 efficaciter
928 1674 1038 1735 parere
1070 1656 1171 1716 modis
1193 1655 1339 1717 omnibus
1360 1655 1523 1716 studeatis.

286 1760 406 1821 Datum
426 1760 511 1840 apud
533 1760 778 1832 Stebbenhethe,
799 1759 864 1821 xix⁰
884 1761 954 1821 Kal.
971 1760 1141 1832 Februarii,
1163 1782 1246 1822 anno
1268 1762 1397 1823 Domini
1416 1782 1523 1841 supra-

285 1864 380 1927 dicto.

286 2121 986 2264 Fct.111.3-D}swpcmatlonsorillcqitimaoy
1014 2122 1143 2202 pronted
1169 2130 1197 2184 to
1227 2124 1311 2184 John
1334 2123 1370 2185 de
1391 2124 1471 2202 Leye
1491 2124 1528 2204 os

439 2223 500 2263 aar
556 2223 587 2263 a.

369 2382 884 2444 Dmransaoro.-Msmorandum
904 2384 989 2462 quod
1012 2383 1056 2462 xj⁰
1076 2383 1126 2444 die
1151 2382 1321 2455 Februarii,
1344 2404 1427 2444 anno
1455 2404 1523 2463 pre·

287 2488 380 2558 dicto,
403 2488 487 2567 apud
508 2488 749 2558 Glouoestriam‚
781 2488 977 2568 dispensavit
998 2488 1145 2550 dominus
1173 2509 1245 2549 curn
1272 2489 1419 2551 Johaune
1440 2489 1525 2551 dioto

286 2593 316 2654 le
337 2593 423 2671 Leye
443 2594 504 2671 [de]
524 2594 724 2664 Ruwardine,
744 2593 856 2654 clerico
871 2593 1114 2655 Herelordensis
1129 2593 1270 2665 diocesis,
1286 2614 1381 2674 super
1399 2594 1524 2655 defectu

287 2699 439 2759 natalium
480 2718 574 2778 quem
603 2698 724 2779 patitur
754 2700 793 2760 de
831 2699 935 2760 soluto
972 2699 1097 2779 genitus
1135 2705 1167 2760 et
1205 2700 1317 2769 soluta,
1350 2701 1523 2761 secundum

287 2809 429 2865 tenorem
451 2804 628 2864 litterarum
657 2804 901 2883 apostolicarum
932 2804 1036 2865 eidem
1065 2804 1098 2863 in
1125 2804 1184 2865 hac
1204 2809 1294 2883 parte
1325 2805 1523 2877 directarum,

287 2931 366 2991 quas
387 2930 484 2990 penes
509 2910 614 2989 ipsum
639 2910 870 2971 conservandas
892 2909 1021 2981 dimisit,
1043 2914 1102 2970 etc.

288 3192 362 3252 Jan.
398 3190 639 3251 31.-Mandale
680 3191 716 3270 os
749 3191 799 3251 the
833 3191 924 3251 Deua
957 3192 993 3271 os
1030 3190 1143 3251 Aretes
1178 3197 1206 3251 to
1244 3190 1292 3250 the
1331 3190 1451 3269 Official
1493 3192 1528 3271 os

411 3272 563 3350 Hercsord
592 3278 620 3332 lo
651 3292 791 3333 sammon
817 3271 936 3333 certain
971 3270 1125 3332 witmescc
1153 3270 1294 3349 requirad
1323 3272 1360 3349 by
1385 3272 1526 3333 Williom

410 3353 447 3414 dc
478 3353 561 3430 Irby,
583 3352 677 3413 Prior
700 3354 736 3432 os
762 3353 809 3413 st.
836 3352 1007 3424 Guttloc's,
1039 3353 1074 3412 io
1106 3351 1154 3412 his
1179 3352 1290 3432 appeol
1319 3353 1443 3431 apoinst
1475 3352 1524 3415 the

410 3433 530 3513 Bishop
550 3435 585 3512 of
606 3432 767 3513 Heresord.

367 3614 561 3673 Maurarum
583 3613 712 3672 Daoarr
728 3630 773 3671 na
795 3611 1149 3672 Auernus-Decuma
1167 3610 1296 3672 ecclesie
1317 3611 1408 3672 beate
1423 3612 1523 3673 Maris

289 3720 329 3781 de
363 3720 506 3779 Arcubus
534 3718 774 3788 londoniensis,
809 3717 928 3778 domini
969 3716 1118 3777 Officialis
1153 3715 1246 3777 Curio
1288 3717 1524 3778 cantuariensis

289 3825 532 3888 commissarius
551 3824 713 3904 generalis,
731 3824 868 3884 discreto
888 3823 956 3883 viro
975 3822 1107 3883 Officiali
1130 3822 1353 3883 Herelordensi
1389 3821 1523 3883 salutem

290 3934 324 3993 in
345 3932 482 3994 Auctore
500 3931 621 3993 salutis.
665 3930 745 3991 (lum
766 3950 825 3992 nos
844 3930 878 3989 in
900 3950 995 3990 causa
1016 3928 1239 4009 appellaoionis
1260 3928 1386 3999 directe,
1409 3949 1470 4009 quo
1490 3929 1523 3988 in

289 4040 373 4101 dicta
394 4039 489 4101 Curis
509 4038 643 4099 vertitur
666 4038 748 4098 inter
771 4038 951 4117 religiosum
976 4036 1088 4107 virum,
1113 4035 1242 4095 fratrem
1267 4035 1459 4096 Willelmum
1485 4036 1524 4097 de

290 4147 374 4225 Irby,
406 4146 542 4225 priorem
574 4144 705 4205 ecclesie
735 4142 952 4204 conventualis
980 4142 1082 4203 sancti
1112 4140 1245 4201 Gudlaci
1273 4140 1522 4213 Herelordensis,

290 4256 412 4331 partem
441 4255 477 4310 ut
506 4250 682 4328 suggeritur
707 4248 928 4328 appellantem,
965 4267 1003 4308 ex
1033 4252 1123 4327 parte
1150 4266 1223 4317 una,
1252 4250 1284 4318 et
1315 4245 1523 4306 venerabilem

289 4361 421 4435 patrem,
457 4354 621 4415 dominum
645 4352 755 4425 Adam,
785 4353 845 4413 Dei
876 4352 981 4432 gracia
1016 4351 1281 4413 Herelordensem
1318 4350 1522 4430 Episcopum,

290 4466 412 4542 partem
431 4460 630 4540 appellatam,
652 4480 690 4520 ex
711 4460 818 4531 altera,
839 4458 978 4539 legitime
997 4458 1194 4537 procedente,
1216 4456 1298 4537 parti
1319 4456 1395 4517 dicti
1411 4456 1524 4535 prioris

290 4566 538 4647 compulsionem
583 4566 805 4645 magistrorum
838 4565 959 4625 'Pbome
1004 4565 1042 4624 de
1084 4563 1262 4633 Chaundos,
1305 4562 1524 4622 Arohidiaconi

292 4672 542 4741 Herelordensis,
578 4671 698 4731 Thome
732 4671 772 4731 de
805 4670 999 4749 Penbrugge,
1041 4668 1239 4729 Thesaurarii
1274 4666 1523 4737 Herelordensis,

291 4776 410 4839 domini
451 4776 561 4837 Jacobi
593 4777 631 4837 de
666 4776 801 4854 Henlye,
836 4774 980 4836 canonici
1021 4772 1272 4841 Herelordensis,
1304 4771 1524 4849 magistrorum

292 4883 442 4945 Willelmi
462 4883 501 4943 de
525 4881 712 4962 Fowehope,
734 4882 878 4943 Rectoris
898 4880 1029 4941 ecclesie
1050 4879 1089 4940 de
1117 4876 1296 4956 Westbury,
1318 4876 1464 4955 Hugonis
1485 4876 1524 4937 de

291 4990 452 5059 Weetone,
474 4988 594 5047 Thome
612 4988 651 5048 de
672 4987 799 5067 Boleye,
819 4986 963 5047 Rectoris
983 4984 1113 5046 ecclesie
1129 4985 1168 5045 de
1187 4984 1351 5054 Estenore,
1368 4981 1523 5043 Johannis

290 5095 330 5156 de
365 5092 568 5165 Badenhalle,
602 5092 750 5172 Hugonis
779 5093 818 5154 de
842 5091 1060 5171 Thornhagho,
1090 5090 1282 5151 notariorum
1317 5087 1522 5168 publicorum,
