3850 5917
406 677 468 736 200
782 676 961 755 Raqntmrm
988 676 1053 737 Ade
1082 675 1118 736 de
1148 675 1271 737 Orlctcn

237 907 296 946 Λ-ὓ·
310 907 365 945 ¹³²¹·
407 901 575 980 poralibus,
612 907 645 962 et
674 902 839 963 collabitur
878 903 1073 964 incessanter
1110 902 1202 982 quod,
1238 900 1300 963 nisi
1335 901 1450 962 salubri
1485 906 1518 962 et
1552 901 1643 962 celeri

409 1008 548 1070 remedio
573 1013 781 1079 succurratur,
802 1009 852 1069 vix
873 1009 988 1070 adiciet
1010 1013 1046 1069 ut
1070 1013 1220 1089 resurgat.
1263 1007 1343 1083 Quia
1367 1007 1462 1088 igitur
1482 1027 1552 1079 nos,
1578 1012 1643 1068 tum

408 1133 447 1177 ex
467 1113 560 1174 officii
591 1114 697 1175 debito
725 1135 820 1195 quam
844 1135 882 1175 ex
909 1115 1059 1175 mandato
1091 1113 1272 1194 apostolico
1301 1113 1340 1174 ad
1367 1113 1585 1193 corrigendum
1612 1118 1644 1174 et

413 1219 648 1280 reformandum
676 1220 792 1281 ibidem
820 1225 886 1282 tam
911 1221 944 1280 in
972 1221 1075 1301 capite
1099 1241 1192 1301 quam
1218 1221 1252 1280 in
1274 1220 1423 1282 membris
1447 1241 1507 1302 que
1526 1240 1643 1283 correc-

409 1324 510 1386 cionis
532 1331 565 1386 et
585 1325 820 1386 relormacionis
842 1326 943 1387 officio
962 1326 1131 1388 viderimus
1152 1326 1299 1407 indigere,
1321 1327 1371 1388 die
1393 1327 1482 1388 Lune
1502 1327 1644 1406 proximo

409 1436 484 1511 post
505 1431 621 1492 festum
644 1431 752 1492 Sancti
772 1431 901 1502 Thome,
924 1431 1120 1494 Oonlesscris
1139 1438 1171 1493 et
1188 1432 1318 1493 Patroni
1337 1431 1446 1503 nostri,
1465 1433 1506 1492 ad
1524 1433 1643 1493 dictum

409 1537 583 1617 prioratum
605 1537 812 1617 personaliter
839 1538 1033 1599 intendimus
1064 1538 1228 1609 declinere,
1251 1537 1339 1600 vobis
1364 1538 1591 1600 committimus
1612 1543 1644 1600 et

408 1644 596 1704 mandamus
627 1649 782 1723 quatenus
804 1643 961 1723 prefatum
989 1644 1125 1724 priorem
1156 1650 1189 1705 et
1215 1645 1387 1705 monachos
1410 1644 1552 1723 ejusdem
1584 1643 1643 1705 loci

413 1749 482 1809 vice
509 1754 618 1809 nostra
653 1748 860 1828 premuniatis
888 1753 921 1810 et
954 1749 1164 1829 peremptorie
1188 1749 1291 1810 citetis
1315 1749 1399 1830 quod
1426 1749 1510 1810 dicto
1534 1749 1584 1810 die
1612 1749 1645 1809 in

411 1854 562 1934 capitulo
584 1836 755 1915 eorundem
789 1860 899 1914 nostro
930 1875 964 1916 se
993 1854 1174 1934 conspectui
1205 1860 1429 1934 representent,
1465 1854 1577 1915 facturi
1612 1859 1644 1916 et

409 1959 565 2039 recepturi
593 1960 677 2038 quod
703 1959 830 2039 justicia
858 1959 1010 2021 suadebit.
1067 1959 1110 2019 Et
1138 1960 1212 2040 quid
1240 1959 1384 2030 feceritis,
1413 1964 1471 2020 eto.
1525 1959 1643 2020 Datum

412 2065 497 2144 apud
525 2063 697 2143 Bosebnry‚
726 2065 771 2143 vj⁰
791 2065 862 2124 Kal.
891 2064 1046 2136 Octobris,
1075 2085 1157 2125 anno
1186 2064 1314 2125 Domini
1343 2064 1553 2144 Muccnxjv.

416 2319 481 2380 Oct.
506 2317 699 2378 s-Gr'tberr
723 2317 760 2377 dc
783 2317 921 2395 Reipate,
949 2316 1061 2378 Rector
1084 2318 1120 2397 os
1143 2317 1258 2396 Bridpe
1286 2317 1408 2388 Sollers,
1435 2317 1552 2397 rarique
1579 2319 1646 2379 lbet

537 2398 800 2558 lisenffcoeyibzspbicb
823 2399 851 2458 is
876 2399 1095 2478 appropriated
1121 2405 1149 2459 to
1179 2398 1227 2460 ibe
1253 2397 1392 2460 Priorcss
1420 2399 1483 2459 aud
1513 2400 1646 2460 Gonvcnt

535 2500 552 2539 o
619 2499 634 2539 c
715 2499 761 2557 ry.

496 2635 1053 2696 Bnucossousss-Memorandum
1078 2636 1161 2714 quod
1189 2635 1247 2715 1iij0
1271 2636 1320 2696 die
1348 2636 1466 2698 mensis
1491 2636 1644 2708 Octobris,

425 2763 509 2804 anno
544 2743 674 2803 Domini
709 2742 898 2822 supradicto,
924 2743 1074 2821 magister
1102 2740 1261 2802 Gilbertus
1289 2743 1327 2802 de
1355 2743 1504 2822 Reygete,
1532 2743 1649 2804 Rector

414 2849 546 2910 ecclesie
566 2849 605 2908 de
633 2848 866 2928 Bruggesolers,
892 2847 1025 2908 diocesis
1054 2847 1302 2919 Herelordensis,
1328 2847 1360 2906 in
1388 2848 1508 2928 capella
1528 2848 1646 2908 domini

414 2953 566 3032 Episcopi
607 2953 689 3032 apud
730 2952 869 3031 Sugwas,
908 2973 1013 3013 coram
1055 2953 1165 3013 eodem
1203 2953 1407 3032 personaliter
1444 2954 1644 3025 constitutus,

413 3059 578 3120 ecclesiam
606 3059 778 3139 predictam
815 3058 848 3117 in
885 3078 998 3119 manus
1026 3058 1102 3118 dicti
1131 3059 1248 3119 domini
1283 3059 1432 3139 Episcopi
1467 3059 1643 3139 resignavit.

413 3164 459 3224 Et
480 3165 588 3225 statim
609 3165 718 3225 eodem
739 3163 790 3224 die
811 3163 973 3223 mandavit
994 3165 1140 3226 dominus
1160 3164 1344 3226 litteratorie
1368 3165 1494 3225 Rectori
1516 3165 1645 3226 ecclesie

414 3271 454 3331 de
476 3270 677 3330 Malmeshull
699 3270 782 3348 quod
804 3270 967 3330 induceret
987 3274 1220 3349 procuratorem
1239 3269 1391 3330 Prioriese
1413 3276 1446 3331 et
1464 3271 1645 3332 (lonventus

412 3377 452 3437 de
487 3377 688 3455 Acornebury
716 3376 750 3434 in
778 3376 970 3454 corporalem
995 3375 1226 3455 possessionem
1251 3375 1333 3436 dicte
1360 3375 1499 3447 ecclesie,
1527 3375 1645 3437 eisdem

413 3482 492 3543 alias
511 3502 568 3562 per
591 3502 684 3542 suurn
714 3481 931 3543 immediatum
959 3482 1212 3561 predecessorem
1237 3481 1441 3560 appropriate.
1498 3470 1501 3478 ’

413 3737 497 3816 Sept.
521 3737 677 3798 29.-The
705 3736 822 3816 Bishcp
846 3744 952 3814 prunts
979 3743 1007 3796 to
1035 3735 1176 3796 Richurd
1203 3735 1240 3796 de
1271 3736 1387 3796 Vernca
1406 3735 1591 3815 permississe
1616 3703 1650 3797 ιοι

535 3818 621 3878 unite
656 3824 686 3878 to
721 3816 769 3877 his
807 3817 977 3878 Oarronr'cul
1011 3817 1115 3877 Housc
1151 3817 1199 3877 the
1233 3824 1332 3896 empty
1369 3816 1458 3877 home
1491 3837 1565 3877 near
1596 3817 1645 3878 the

538 3898 681 3977 Bisbop's
709 3898 831 3968 Patere,
854 3899 918 3958 arrd
943 3898 993 3958 the
1018 3897 1108 3959 horare
1135 3917 1205 3958 carce
1233 3897 1392 3958 inhabitari
1420 3897 1457 3976 by
1486 3898 1582 3975 Hupb
1609 3898 1645 3958 dc

538 3980 661 4052 Bracae,
689 3978 903 4056 renitentium
931 3979 967 4058 os
992 3979 1151 4058 Hercsord.

496 4134 642 4194 erruus
663 4151 796 4194 uurours
812 4151 973 4194 nouorum
995 4151 1237 4193 csnourosnruu
1258 4149 1489 4193 corrrouasun
1511 4151 1644 4194 rausero

414 4257 533 4300 nonnu
554 4239 708 4300 Errscorr
730 4240 1019 4310 Hnsnrosnuusm,
1041 4257 1083 4298 nr
1104 4256 1249 4298 rnnauurr
1277 4256 1357 4307 Quas
1379 4257 1496 4298 nunuu
1517 4257 1644 4299 russer-

413 4362 510 4405 ravrr
532 4345 632 4405 Huco
653 4363 696 4404 ns
727 4345 918 4416 Bennouss,
950 4363 1106 4414 Qucunan
1137 4344 1416 4406 Pnurrsuorsruus
1448 4345 1644 4407 Heni-:sonn-

414 4450 668 4522 nus1s.-Adam,
683 4456 752 4522 etc,
774 4451 889 4511 dilecto
913 4451 946 4510 in
974 4450 1100 4512 (lhristo
1125 4449 1197 4522 filio,
1226 4450 1375 4530 magistro
1390 4451 1427 4510 R.
1449 4451 1488 4512 de
1508 4451 1643 4524 Vernon,

414 4555 566 4616 canonico
597 4561 704 4616 nostre
739 4556 980 4617 Hereiordensis
1015 4556 1153 4627 ecclesie,
1188 4556 1331 4628 salutem,
1360 4562 1418 4618 etc.
1473 4557 1523 4616 Ex
1557 4565 1646 4637 parte

418 4661 556 4741 Capituli
575 4662 675 4722 nostri
695 4661 935 4722 Hereiordensis
954 4661 1045 4722 nobis
1063 4661 1123 4722 init
1140 4661 1245 4741 sepius
1261 4661 1441 4722 intimatum
1459 4663 1541 4741 quod
1557 4665 1648 4743 juxta

415 4772 557 4828 nostram
586 4768 749 4828 ecclesiam
772 4767 1036 4828 Herefordensem
1069 4768 1174 4847 plures
1203 4771 1278 4828 sunt
1304 4767 1416 4828 domus
1440 4767 1645 4840 canonicales,

417 4893 478 4952 que
511 4877 640 4952 propter
673 4873 876 4934 artitudinem
917 4873 1066 4944 locorum,
1102 4877 1134 4933 et
1174 4871 1235 4933 alia
1269 4871 1467 4932 incommoda
1499 4873 1538 4932 ad
1573 4894 1644 4934 con·

413 4996 522 5056 gruem
544 4976 774 5038 habitacionem
796 4977 1017 5038 canonicorum
1035 4977 1067 5036 in
1082 4977 1151 5056 ipsa
1164 4977 1295 5038 ecclesia
1315 4977 1449 5038 residere
1470 4977 1646 5039 volencium

417 5103 482 5143 non
512 5083 679 5154 sufficiunt,
708 5089 744 5143 ut
771 5084 918 5154 deceret;
949 5083 1033 5144 unde
1058 5083 1099 5144 sit
1127 5083 1210 5164 quod
1237 5081 1340 5162 alique
1363 5102 1471 5143 eorum
1498 5090 1647 5148 vacantes
