3850 5917
404 670 464 729 204
779 671 958 748 Ropistrum
985 671 1050 732 ride
1077 671 1114 732 da
1144 671 1268 732 Orlctcn

231 900 289 939 M>-
304 900 359 937 ¹³2¹·
403 894 573 954 solidorum
591 915 695 956 annus
713 896 874 974 pensionis
891 897 930 956 de
949 896 1069 975 capella
1089 897 1128 957 de
1145 896 1371 976 Bridcnebury,
1386 897 1491 958 debita
1511 898 1641 958 ecclesie

403 1001 441 1061 de
470 1001 657 1080 Avenebury
685 1003 872 1081 supradicte.
926 1003 1065 1082 Maiores
1093 1023 1167 1064 vero
1198 1002 1345 1074 decimas,
1367 1009 1399 1064 et
1421 1004 1499 1064 alios
1520 1004 1640 1064 fructus

402 1112 434 1168 et
454 1114 635 1187 proventus,
656 1114 722 1168 tam
744 1108 782 1168 de
805 1108 904 1187 pratis
926 1109 1057 1170 ecclesie
1080 1129 1175 1188 quem
1198 1109 1236 1170 de
1256 1109 1436 1170 hominibus
1459 1109 1640 1170 tenentibus

401 1213 543 1292 ejusdem
584 1213 715 1274 ecclesie
756 1213 970 1285 obvenientes,
1013 1215 1052 1274 ad
1090 1215 1207 1274 dictam
1242 1214 1406 1275 ecclesiam
1445 1215 1639 1293 pertinentes

400 1318 537 1396 religiosi
564 1320 739 1398 percipient
776 1320 949 1380 memorati.
1004 1321 1109 1380 Onera
1141 1324 1246 1380 autem
1277 1321 1433 1381 ordinarie
1464 1340 1525 1399 que
1557 1321 1638 1380 idam

400 1425 535 1486 vicarius
558 1426 727 1486 sustinebit
746 1426 945 1505 presentibus
971 1427 1116 1486 duximus
1138 1427 1312 1488 inserenda.
1356 1426 1488 1487 Officiali
1504 1447 1639 1506 namque

401 1531 626 1592 Herefordensi
646 1532 699 1611 qui
722 1552 778 1612 pro
798 1537 939 1611 tempore
959 1532 1053 1592 fuerit
1073 1533 1163 1611 juxta
1188 1552 1306 1592 morem
1327 1532 1468 1612 preteriti
1488 1532 1639 1611 temporis

400 1637 588 1717 procurabit.
645 1637 873 1698 Archidiaccno
913 1637 1013 1698 eciam
1049 1637 1283 1708 Hereiordsnsi,
1319 1657 1391 1697 cum
1433 1637 1640 1717 personaliter

401 1744 516 1812 visitet,
541 1744 798 1824 procuracionem
823 1749 1008 1804 consuetam
1036 1749 1068 1804 ot
1096 1743 1243 1814 debitam,
1269 1763 1391 1804 necnon
1421 1749 1452 1803 st
1480 1743 1637 1820 ienagium

400 1849 528 1910 solitum
556 1844 734 1909 exhibebit.
789 1849 921 1910 Officiali
956 1849 1056 1910 sciam
1091 1849 1191 1929 ipsius
1230 1849 1449 1909 Archidieconi
1477 1849 1575 1910 semel
1605 1849 1637 1908 in

400 1973 492 2022 anno,
521 1973 593 2013 cum
618 1953 791 2032 capitulum
820 1954 852 2012 in
881 1954 1023 2033 partibus
1052 1954 1113 2016 illis
1142 1955 1287 2024 tenuerit,
1317 1954 1482 2024 avicari0,
1505 1954 1558 2033 qui
1581 1975 1637 2032 pro

400 2065 541 2138 tempore
572 2058 676 2129 luerit,
707 2059 934 2138 procurabitur,
968 2065 1003 2120 ut
1035 2065 1084 2120 est
1115 2059 1219 2120 moris.
1276 2058 1358 2119 Item
1388 2059 1527 2118 inveniet
1555 2059 1637 2118 idem

400 2166 534 2226 vicarius
562 2185 619 2243 pro
640 2165 750 2244 majori
779 2165 869 2225 altari
897 2165 1039 2244 ejusdem
1068 2164 1198 2225 ecclesie
1226 2163 1392 2223 luminaria
1413 2163 1636 2242 competencia,

399 2277 432 2332 et
466 2290 523 2349 pro
554 2270 766 2330 celebracione
794 2269 971 2331 divinorum
1001 2271 1033 2328 in
1072 2271 1141 2349 ipsa
1175 2289 1290 2348 panem
1318 2274 1350 2328 et
1378 2269 1496 2328 vinum.
1554 2268 1635 2329 Item

399 2377 590 2438 sustentabit
614 2397 714 2436 unum
741 2376 888 2436 clericum
917 2377 950 2435 in
976 2377 1084 2437 eadem
1109 2376 1241 2436 ecclesia
1265 2375 1413 2435 continue
1438 2375 1636 2436 servientem.

399 2482 482 2543 Item
525 2483 625 2544 solvet
667 2483 831 2542 annuatim
873 2481 1004 2543 ecclesie
1054 2487 1161 2542 nostre
1204 2479 1429 2541 Hererordensi
1474 2479 1635 2538 dimidiam

399 2585 537 2650 marcam
565 2589 735 2668 pensionis,
760 2609 821 2669 que
851 2589 970 2650 solucio
1001 2588 1056 2649 fiet
1090 2587 1240 2648 canonico
1261 2587 1314 2667 qui
1344 2592 1393 2647 est
1419 2587 1552 2646 vicarius
1581 2605 1637 2646 seu

398 2696 631 2776 penitenciams
669 2699 777 2755 noster
818 2695 850 2754 in
892 2695 1001 2755 eadem
1044 2694 1176 2755 ecclesia
1218 2692 1442 2754 Herelordensi
1478 2691 1509 2750 in
1556 2691 1637 2751 festo

400 2801 665 2861 Annunciacionis
701 2801 791 2861 beate
828 2801 937 2870 Maris,
979 2820 1036 2879 per
1062 2819 1135 2860 eum
1168 2799 1273 2878 pueris
1309 2797 1455 2860 choristis
1494 2797 1634 2874 ejusdem

398 2907 528 2968 ecclesie
556 2907 588 2966 in
626 2905 869 2967 sustentacionis
896 2925 1006 2966 eorum
1038 2904 1212 2966 subsidium
1242 2904 1458 2973 ministranda,
1481 2910 1575 2983 prout
1603 2903 1634 2962 in

397 3013 512 3074 litteris
540 3013 656 3072 nostris
686 3031 780 3090 super
807 3011 1064 3090 appropriacione
1092 3010 1174 3071 dicta
1203 3009 1333 3071 ecclesie
1361 3010 1454 3070 dictis
1483 3009 1635 3088 religiosis

398 3117 482 3178 facta
503 3117 626 3196 plenius
651 3116 839 3176 continetur.
892 3115 940 3175 Ad
968 3137 1064 3196 quam
1086 3115 1277 3177 solucionem
1303 3115 1436 3176 fideliter
1460 3116 1634 3176 faciendam

398 3242 507 3282 omnes
536 3222 642 3282 vicarii
663 3220 746 3282 dicte
775 3221 914 3292 ecclesie,
943 3222 998 3301 qui
1026 3241 1082 3301 pro
1111 3227 1252 3301 tempore
1281 3221 1406 3291 fuerint,
1429 3221 1537 3282 statim
1563 3241 1634 3281 cum

398 3327 515 3388 luerint
542 3327 690 3396 instituti,
718 3327 913 3405 prestabant,
943 3327 1037 3388 tactis
1068 3327 1286 3396 sacrosanctis,
1313 3326 1516 3405 corporaliter
1552 3327 1634 3406 jura·

398 3439 550 3494 mentum.
603 3432 720 3492 Preiati
748 3452 822 3492 vero
850 3432 986 3511 religiosi
1025 3433 1132 3493 omnie
1166 3433 1227 3492 alia
1264 3452 1360 3493 onera
1395 3432 1477 3493 dicte
1505 3431 1635 3493 ecclesie

398 3538 615 3599 incumbencia
646 3538 855 3598 sustinebunt.
913 3539 981 3598 Nos
1009 3543 1124 3609 autem,
1154 3537 1401 3618 assignacionem
1431 3543 1463 3598 et
1494 3539 1634 3597 modern·

398 3645 520 3705 cionsm
548 3643 706 3722 porcionis
732 3642 880 3722 predicte,
909 3663 1005 3722 quam
1033 3662 1203 3722 congruam
1241 3649 1434 3723 reputamus,
1469 3651 1570 3702 ratam
1602 3649 1635 3704 et

397 3756 519 3830 gratam
551 3749 712 3819 habentes,
744 3750 846 3829 ipsam
877 3751 1064 3811 auctoritate
1092 3749 1265 3829 pontificali
1299 3755 1408 3810 tenore
1436 3749 1633 3828 presencium

398 3856 630 3916 confirmamus.
673 3855 712 3915 In
731 3857 822 3934 cujus
841 3856 886 3917 rei
908 3857 1125 3917 testimonium
1143 3855 1204 3916 duo
1222 3856 1339 3935 scripta
1355 3855 1495 3935 ejusdem
1515 3857 1634 3917 tenoris

398 3963 479 4022 hanc
505 3967 708 4040 nostramque
728 3961 958 4022 ordinationem
980 3961 1179 4024 continencia
1200 3960 1266 4021 fieri
1298 3961 1439 4032 fecimus
1461 3966 1493 4022 et
1514 3961 1632 4022 eisdem

397 4074 540 4127 nostrum
567 4066 703 4146 sigillum
729 4067 854 4146 apponi,
880 4087 1013 4147 quorum
1035 4087 1133 4127 unum
1158 4086 1256 4146 penes
1280 4066 1441 4146 religiosos
1466 4067 1632 4145 predictos,

397 4179 430 4234 et
450 4173 534 4233 aliud
555 4193 653 4252 penes
673 4173 792 4233 dictum
821 4173 972 4233 vicarium
999 4173 1144 4234 volumus
1172 4172 1357 4241 conservari,
1386 4178 1419 4233 et
1446 4191 1484 4232 ex
1513 4171 1633 4232 habun-

397 4279 484 4340 danti
512 4285 655 4340 tenorem
682 4279 880 4359 presencium
919 4279 951 4338 in
980 4280 1112 4359 registro
1151 4284 1259 4339 nostro
1297 4278 1429 4340 fecimus
1463 4279 1632 4358 registrari.

398 4385 516 4445 Datum
551 4386 634 4464 apud
671 4385 810 4464 Sugwas,
847 4387 911 4462 xvj⁰
945 4385 996 4446 die
1035 4385 1152 4445 mensis
1189 4383 1344 4454 Octobris,
1384 4403 1467 4444 anno
1503 4383 1631 4443 Domini

397 4490 564 4552 millesimo
585 4490 796 4570 M⁰OOC⁰xxj⁰,
815 4497 875 4550 etc.

397 4733 474 4793 Noc.
499 4733 655 4792 20.-Thc
683 4731 801 4810 Bishcp
825 4731 895 4792 cslrs
922 4732 971 4792 the
995 4731 1092 4792 Abbct
1117 4731 1152 4811 os
1175 4732 1305 4809 B'lncley
1331 4739 1359 4792 te
1378 4731 1499 4812 sorqc'vc
1525 4731 1632 4808 Hem-y

521 4813 610 4890 Cays,
639 4832 660 4873 a
686 4813 853 4892 refractory
881 4811 986 4884 Mortis,
1014 4833 1080 4873 ηοω
1105 4811 1252 4892 peniteat.

478 4970 623 5029 Limam
659 4987 753 5028 uisse
788 4968 913 5028 Aaearr
941 4987 984 5028 na
1010 4969 1186 5030 Fanxuare
1221 4987 1282 5028 eso
1315 4929 1469 5030 Hebraico
1498 4928 1635 5030 Cass}

396 5073 575 5136 Venerabili
613 5074 646 5132 in
685 5073 811 5135 Christo
848 5074 940 5152 patri,
976 5074 1105 5135 domino
1138 5074 1178 5145 J.,
1208 5073 1266 5134 Dei
1295 5071 1418 5152 gracia¹
1441 5070 1554 5132 Abbati
1593 5075 1632 5134 de
