3850 5917
389 688 408 747 2
606 752 609 757 ,
761 686 939 765 Reqirtrum
966 686 1031 747 Ado
1058 687 1096 748 ds
1125 687 1248 747 Orleton

216 919 273 959 Α-ῡ·
288 919 343 959 ¹³¹⁷·
386 910 511 972 Arrswer
532 918 561 973 to
583 912 631 972 rho
648 911 812 991 preosdirrq
834 910 927 971 letter.
982 910 1045 972 The
1066 912 1184 991 Bishop
1206 911 1318 973 thersite
1351 911 1400 973 the
1430 911 1529 982 Deae,
1556 913 1622 973 ond

507 992 705 1072 reciprocatas
728 992 777 1053 oe
798 992 873 1071 qood
893 992 1013 1053 wieder.

468 1148 653 1233 Reororsro
673 1166 715 1209 so
736 1146 1128 1208 neroum-Ametissime
1149 1147 1285 1218 domine,
1301 1167 1358 1227 pro
1378 1153 1484 1209 vestre
1504 1148 1623 1210 selubri

386 1254 608 1315 exhorteoione
629 1273 691 1334 que
704 1273 764 1313 nos
785 1252 825 1313 ed
838 1272 933 1331 opere
953 1252 1080 1313 virtutis
1094 1253 1266 1314 exercende
1282 1252 1450 1314 effioeeiter
1463 1254 1621 1326 animetis,

385 1367 490 1423 vestre
516 1361 688 1441 prudencie
718 1366 822 1441 gretes
854 1359 1019 1421 inferimus
1050 1360 1211 1440 speeieles,
1247 1360 1383 1423 seientes
1417 1362 1501 1441 quod
1536 1360 1624 1423 zelus

385 1467 497 1529 domus
528 1467 588 1528 Dei
617 1487 677 1528 nos
706 1466 843 1527 eomedit
871 1466 972 1545 ipsius
995 1466 1099 1546 greoie
1127 1466 1319 1545 inspirente;
1345 1485 1408 1547 quo
1435 1466 1560 1527 seoensi
1583 1467 1623 1527 de

385 1591 516 1633 numero
545 1572 671 1631 illorum
703 1590 772 1631 esse
800 1570 945 1649 cupimus
981 1570 1020 1631 de
1047 1570 1161 1650 quibus
1194 1570 1228 1630 in
1259 1570 1436 1633 Proverbiis
1466 1571 1623 1643 scribitur,

385 1680 467 1741 siout
486 1679 597 1750 nostis,
618 1679 777 1760 justorum
798 1677 912 1739 semite
932 1678 1023 1758 quesi
1045 1679 1098 1738 lux
1117 1678 1288 1757 splendens
1302 1678 1442 1757 procedit
1463 1683 1495 1738 et
1510 1680 1624 1740 oresoit

384 1804 485 1865 usque
520 1785 558 1844 ed
593 1783 766 1863 parientem
802 1783 885 1843 diem
897 1802 905 1855 ;
937 1783 971 1842 in
1005 1802 1114 1844 eorum
1129 1802 1271 1862 vnemque
1302 1783 1417 1854 enimo,
1448 1784 1623 1843 seeundum

384 1891 511 1953 beetum
534 1890 720 1969 Gregorium
742 1910 837 1969 super
856 1890 1016 1962 Ezechiel,
1038 1890 1156 1950 bonnm
1178 1890 1367 1951 desiderium
1388 1910 1425 1950 eo
1443 1890 1623 1952 intellectus

384 1997 507 2057 lueidus
529 1996 668 2057 ineuntis
688 1996 754 2075 jem
781 2016 855 2075 pers
877 1995 937 2056 diei
961 2000 1020 2066 est,
1042 1997 1097 2057 sed
1118 1995 1172 2077 qui
1193 2015 1293 2077 usque
1316 1996 1357 2057 ed
1385 1996 1481 2059 finem
1502 1998 1567 2059 vite
1587 1998 1622 2058 in

384 2101 501 2163 virtute
522 2101 691 2182 proficiunt
721 2102 760 2161 ed
789 2101 962 2181 perfeotem
993 2102 1078 2163 diem
1098 2102 1305 2182 perveniunt;
1327 2107 1404 2163 tuno
1424 2105 1550 2183 quando
1581 2105 1623 2164 ed

384 2209 513 2270 oelestie
544 2228 640 2288 regne
669 2207 812 2287 perducti
844 2208 877 2266 in
909 2227 946 2268 ee
976 2207 1047 2267 luoe
1067 2228 1163 2287 quem
1193 2207 1372 2269 desiderent
1401 2208 1467 2288 jem
1501 2209 1623 2268 nnllam

384 2315 519 2376 selutem
542 2334 606 2375 non
637 2314 765 2375 hebent.
819 2314 989 2393 Speremus
1011 2319 1117 2375 eutem
1148 2315 1182 2374 in
1211 2314 1350 2376 Domino
1370 2315 1404 2375 in
1432 2335 1495 2395 quo
1515 2315 1622 2378 nullus

386 2441 516 2501 sperans
542 2420 691 2482 oonfueue
715 2424 765 2481 est
789 2421 873 2500 quod
898 2421 937 2481 ed
966 2420 1182 2482 defensionem
1212 2421 1352 2501 [jurium]
1382 2427 1415 2483 et
1438 2422 1621 2483 libertatum

384 2525 515 2589 eoelesio
536 2526 604 2606 ipss
625 2525 716 2586 nobis
737 2525 955 2586 fortitudinem
976 2526 1093 2587 tribuet
1114 2531 1150 2587 ut
1181 2527 1214 2586 in
1235 2528 1286 2589 die
1314 2528 1444 2588 Domini
1464 2528 1497 2588 in
1522 2528 1622 2608 prelio

384 2638 469 2695 stere
493 2637 529 2693 ut
552 2633 706 2712 [firmiter]
729 2631 876 2694 resistere
900 2632 1063 2694 veleamus
1099 2680 1106 2693 .
1144 2680 1151 2693 .
1184 2679 1190 2694 .
1228 2680 1235 2693 .
1270 2653 1428 2714 apponere
1448 2653 1506 2713 pro
1527 2634 1622 2696 domo

384 2738 641 2799 Jerusolimitene
672 2744 778 2800 vestro
799 2738 929 2799 oonsilio
954 2744 987 2800 et
1008 2739 1122 2800 auxilio
1153 2740 1321 2801 mediante.
1374 2741 1444 2815 Quo
1467 2742 1506 2801 ed
1528 2742 1623 2802 breve

386 2842 505 2921 regium
526 2842 617 2903 nobis
640 2863 697 2922 per
724 2842 874 2903 dileotum
903 2843 1101 2923 oepellenum
1130 2845 1235 2923 ipsum
1266 2845 1429 2905 dominnm
1459 2845 1560 2906 Adem
1581 2846 1622 2907 ds

385 2947 561 3026 Alynetone
582 2948 804 3009 trensmissum
826 2948 914 3009 vobis
935 2954 968 3011 et
988 2950 1158 3011 venerabili
1179 2950 1317 3030 oepitulo
1337 2955 1444 3013 vestro
1479 2998 1486 3011 .
1524 2998 1531 3011 .
1569 2998 1575 3011 .
1612 2998 1621 3011 .

384 3059 522 3113 vestram
556 3052 683 3131 plenem
719 3099 901 3113 .....
934 3054 1056 3115 evimus
1083 3054 1288 3116 voluntatem.
1344 3054 1527 3117 Altissimus
1562 3076 1620 3117 vos

385 3163 549 3219 conservet
573 3163 605 3218 et
628 3178 752 3238 semper
772 3158 885 3239 diriget
910 3159 943 3219 in
966 3160 1103 3239 egendis.

384 3443 466 3523 rim
488 3462 680 3539 ro-eoyar
700 3462 793 3543 oros
810 3462 975 3524 sorresco
995 3470 1024 3524 ro
1046 3463 1096 3524 oe
1116 3462 1243 3543 eeep,
1265 3463 1364 3535 oen,
1389 3464 1453 3525 aer
1475 3464 1618 3544 emper.

549 3543 611 3604 Thr
631 3543 712 3622 Pope
734 3543 789 3603 tor
809 3544 937 3623 praerat
954 3552 984 3605 to
1005 3544 1054 3603 the
1074 3544 1159 3621 Kinp
1175 3544 1224 3605 thr
1238 3544 1313 3623 first
1332 3547 1431 3623 yeor'e
1444 3554 1566 3606 returns
1587 3547 1623 3625 os

548 3624 597 3684 the
627 3624 677 3684 rio
706 3626 804 3702 yeors’
837 3624 931 3696 tenth,
962 3625 1098 3704 imposed
1125 3631 1159 3685 at
1188 3624 1237 3686 the
1266 3626 1396 3687 Corruit
1428 3626 1464 3706 of
1495 3625 1617 3687 Vienna.

546 3704 765 3864 {papatui
795 3708 894 3784 yeor'r
927 3706 1012 3767 tenth
1031 3706 1173 3767 collected
1203 3707 1232 3768 ie
1264 3713 1294 3768 to
1318 3706 1352 3767 be
1368 3706 1449 3787 poid
1473 3706 1539 3767 into
1569 3707 1619 3768 tire

466 3943 582 4002 Breve
603 3960 733 4003 nrorou
754 3943 923 4013 Errsooro‚
946 3944 1149 4015 Drosusrm,
1172 3960 1214 4001 nr
1233 3942 1400 4004 Osmrono
1421 3942 1620 4002 Heenroen·

385 4066 523 4108 ursinos
559 4048 954 4111 orreorum-Edwardus
984 4050 1044 4109 Dei
1078 4050 1183 4129 grecie
1209 4050 1277 4111 Rex
1307 4049 1427 4129 Anglie,
1463 4050 1620 4111 Dominus

385 4154 546 4224 Hibernia,
566 4158 599 4213 et
620 4154 693 4213 Dux
714 4153 891 4233 Aquitanis,
911 4154 1080 4216 venerabili
1101 4155 1135 4215 in
1157 4154 1283 4215 Christo
1306 4156 1388 4235 petri
1415 4202 1422 4215 .
1449 4202 1456 4215 .
1482 4201 1490 4215 .
1516 4158 1535 4216 .¹
1559 4156 1620 4216 Dei

383 4261 487 4341 grecie
502 4260 661 4339 Episcopo
678 4260 903 4321 Herefordensi
917 4266 950 4321 et
964 4261 1093 4321 Dooeno
1107 4267 1140 4322 et
1157 4260 1304 4340 Oepitulo
1322 4261 1464 4340 ejusdem
1478 4261 1618 4332 ecclesie,

384 4366 528 4427 sulutem.
585 4364 666 4426 Cum
696 4364 915 4426 sanctissimus
940 4366 1044 4437 Peter,
1073 4365 1221 4427 dominus
1240 4365 1404 4427 Johennes
1434 4366 1522 4445 Pepe
1553 4366 1617 4445 xxij

384 4471 474 4531 nobis
493 4476 604 4531 mutuo
621 4470 811 4531 eoncesserit
827 4475 928 4531 totam
944 4472 1112 4550 peouniem
1131 4472 1296 4532 oolleotem
1314 4477 1347 4532 et
1360 4470 1568 4551 colligendam
1584 4471 1618 4531 in

271 4641 274 4649 ,
383 4594 479 4653 regno
501 4580 609 4635 nostro
631 4573 742 4654 Anglie
763 4580 795 4636 et
815 4575 957 4654 pertibus
978 4574 1093 4637 Wsllie
1114 4581 1147 4636 et
1166 4575 1320 4637 Hibernie
1352 4576 1391 4637 de
1411 4576 1514 4656 primo
1534 4597 1619 4638 enno

383 4681 503 4742 deoims
532 4680 709 4741 sexennelis
735 4700 793 4759 per
819 4680 900 4741 bone
927 4682 1078 4743 memorie
1106 4681 1269 4743 dominum
1294 4681 1490 4743 Clementem
1518 4703 1620 4763 nuper

385 4786 504 4865 Pepem
521 4785 668 4865 quintum
688 4804 745 4865 pro
766 4784 906 4847 subsidio
924 4786 1061 4866 pessegii
1079 4786 1233 4866 generalis
1252 4806 1309 4866 per
1326 4787 1490 4848 universes
1508 4788 1618 4849 mundi

384 4897 490 4971 pestes
519 4890 666 4969 imposito
704 4891 749 4969 [in
784 4892 937 4969 eonei]lio
966 4892 1148 4964 Viennensi,
1177 4898 1211 4953 et
1239 4893 1437 4954 mendeverit
1457 4894 1547 4955 vobis
1581 4914 1619 4955 ee

384 4998 497 5060 esteris
517 4998 647 5077 prolatis
671 5003 704 5059 et
724 4998 942 5059 eolleetoribus
973 4998 1095 5061 deeime
1121 4998 1301 5078 euprediote
1320 5018 1378 5079 per
1398 4999 1520 5060 litteras
1544 5020 1620 5061 sues

835 5136 947 5177 l-Neme
959 5134 1060 5177 omitted
1072 5134 1097 5176 in
1111 5136 1162 5177 ΜΒ.
