3850 5917
685 705 836 788 Episcopi
862 705 1105 788 Hercsordausis.
1452 708 1512 770 195

124 937 173 978 &⁰-
186 938 237 978 ¹³²¹=
275 931 416 1012 negociis
443 932 559 994 morari
579 932 755 1012 eontigerit,
775 933 922 994 volumus
942 933 1027 1006 quod
1046 933 1239 994 venerabiles
1260 932 1372 995 iratres
1403 932 1512 1006 nostri,

277 1037 515 1119 Archiepiscopi
545 1043 579 1100 et
609 1038 768 1119 Episcopi,
800 1059 924 1100 necnon
954 1043 988 1100 et
1018 1037 1124 1100 dilecti
1151 1038 1216 1110 lilii,
1245 1037 1336 1100 electi
1365 1037 1512 1111 Abbates,

275 1142 411 1214 Priores,
432 1143 562 1216 Decani,
591 1142 757 1224 Prepesiti,
780 1142 1008 1215 Archidiaconi,
1031 1143 1299 1224 Archipreebiteri,
1324 1143 1458 1225 plebani,
1480 1149 1513 1206 et

276 1246 330 1308 alii
350 1247 554 1309 ecclesiarum
574 1247 695 1328 prelati,
711 1253 743 1308 et
763 1254 908 1320 rectores,
930 1268 1100 1328 eorumque
1121 1249 1205 1310 vices
1225 1254 1378 1330 gerentes,
1400 1255 1432 1310 et
1453 1249 1513 1311 alie

276 1372 412 1432 persone
433 1351 653 1425 ecclesiastice,
678 1353 834 1414 seculares
856 1358 889 1414 et
911 1353 1077 1434 regulares,
1099 1354 1310 1426 ecclesiarum,
1332 1357 1364 1416 st
1388 1374 1511 1416 monas·

276 1457 428 1520 teriorum
445 1457 583 1538 capitula
603 1463 636 1519 et
658 1462 842 1530 conventus,
863 1458 1001 1539 exempti
1018 1463 1051 1520 et
1072 1479 1135 1521 non
1157 1459 1302 1540 exempti,
1326 1459 1511 1522 Gistercien·

274 1562 330 1636 cis,
352 1562 585 1634 Cluuiacenses,
606 1562 832 1635 cartusienses,
855 1564 1177 1644 Grandymontenses,
1192 1565 1511 1636 Premonstratsnses‚

274 1673 458 1730 sanctorum
500 1668 666 1730 Benedicti
703 1673 736 1730 et
781 1669 958 1748 Augustini,
1000 1675 1033 1731 et
1074 1669 1206 1730 aliorum
1255 1689 1513 1751 quorumcunque

274 1775 431 1847 ordinum,
463 1774 605 1855 magistri
633 1795 758 1857 quoque
785 1796 822 1836 ac
852 1775 972 1856 priores
1003 1781 1035 1837 et
1066 1781 1265 1856 preceptores
1296 1775 1512 1855 Hospitalium

276 1879 386 1942 Sancti
424 1879 579 1942 Johannis
621 1879 878 1952 Jerosolimitani,
914 1881 1005 1942 beate
1041 1881 1142 1942 Maris
1179 1881 1445 1943 Theutonicorum
1479 1887 1513 1943 et

275 1985 517 2057 Oalatravensis‚
541 2005 599 2065 per
621 2004 753 2065 regnum
773 1991 807 2046 et
827 1990 927 2046 terras
946 1985 1104 2065 predictas
1125 1986 1299 2058 constituti,
1323 2006 1380 2066 pro
1403 1986 1509 2066 hujus-

274 2091 361 2152 modi
392 2091 639 2152 necessariorum
667 2091 814 2153 oneribus
849 2091 1026 2152 dividendis
1064 2097 1096 2152 et
1130 2091 1253 2153 facilius
1289 2093 1512 2172 supportandis

273 2197 481 2269 contribuere,
503 2197 585 2258 sicut
606 2197 690 2259 idem
712 2197 900 2259 Guillelmus
924 2198 1069 2278 expedire
1091 2197 1212 2270 viderit,
1241 2204 1416 2259 teneantur.
1460 2198 1513 2259 Sic

274 2301 372 2382 igitur
394 2302 578 2382 hujusmodi
605 2304 790 2365 mandatum
815 2309 959 2365 nostrum
979 2303 1149 2384 adimplere
1174 2303 1298 2374 curetis,
1324 2303 1408 2383 quod
1428 2303 1512 2364 idem

275 2407 475 2479 Guillelmus,
509 2428 583 2469 cum
618 2409 658 2469 ad
692 2428 751 2470 nos
777 2409 914 2480 redierit,
950 2408 989 2470 de
1017 2408 1106 2470 vobis
1136 2413 1226 2488 grata
1256 2408 1371 2470 referre
1398 2408 1511 2480 valeat,

274 2533 396 2594 nosque
423 2513 625 2574 devocionem
654 2519 792 2575 vestram
819 2514 951 2593 proinde
979 2513 1198 2574 commendare
1219 2513 1385 2592 possimus.
1428 2512 1510 2574 Alio·

274 2619 351 2699 quin
379 2620 574 2680 sentenciam
612 2638 707 2700 quam
743 2619 826 2680 idem
854 2619 1043 2682 Guillelmus
1070 2625 1199 2700 propter
1229 2619 1290 2681 hoc
1317 2639 1373 2699 per
1400 2639 1434 2680 se
1461 2620 1512 2681 vel

273 2745 331 2806 per
357 2727 453 2788 alium
476 2746 533 2788 seu
553 2726 631 2788 alios
652 2726 713 2788 rite
741 2725 849 2787 tulerit
869 2725 903 2784 in
923 2725 1064 2797 rebelles,
1086 2745 1181 2805 super
1207 2744 1269 2805 quo
1297 2724 1423 2804 plenam
1452 2724 1511 2786 sibi

275 2831 477 2893 concedimus
513 2837 621 2892 tenore
649 2830 847 2911 presencium
884 2835 1086 2910 potestatem,
1120 2834 1222 2890 ratam
1250 2828 1443 2902 habebimus,
1479 2834 1513 2890 et

274 2936 426 2998 iaciemus
464 2941 591 2998 auctore
619 2936 757 2998 Domino
780 2955 880 3018 usque
904 2937 944 2997 ad
969 2935 1220 2997 satisfaccionem
1248 2936 1435 3015 condignam
1458 2955 1509 3015 ap·

274 3041 448 3122 pellacione
474 3045 596 3103 remota
618 3041 840 3102 inviolabiliter
861 3041 1018 3103 observari
1030 3061 1037 3112 ;
1064 3061 1128 3102 non
1150 3040 1349 3103 obstantibus
1371 3043 1398 3103 ai
1421 3042 1511 3104 vobis

276 3148 327 3210 vel
347 3147 511 3228 quibusvis
538 3148 608 3209 aliis
636 3147 846 3209 communiter
872 3147 922 3209 vel
949 3147 1075 3209 divisim
1103 3169 1122 3209 a
1151 3148 1230 3209 Sede
1261 3146 1441 3228 Apostolics
1469 3149 1512 3210 sit

276 3251 434 3313 indultum
473 3253 556 3332 quod
595 3252 833 3333 quibuscunque
860 3251 971 3332 legetis
1009 3272 1065 3314 seu
1092 3252 1217 3314 nunciis
1253 3253 1336 3314 sedis
1369 3253 1510 3332 ejusdem

274 3357 515 3436 pmcuraciones
535 3357 656 3418 solvere
683 3357 733 3419 val
760 3357 794 3417 in
814 3357 892 3438 ipsis
913 3357 1119 3430 contribuere,
1141 3357 1203 3419 nisi
1224 3359 1264 3418 ad
1298 3379 1352 3419 eos
1376 3359 1510 3420 declina·

275 3462 388 3534 verint,
419 3463 550 3524 minime
580 3468 756 3535 teneantur,
786 3482 843 3525 seu
873 3464 957 3544 quod
978 3463 1249 3536 excommunicari,
1282 3465 1439 3544 suspendi,
1461 3465 1512 3526 vel

275 3568 420 3631 interdici
440 3589 505 3630 non
526 3570 649 3649 possint
669 3590 726 3650 per
752 3569 874 3631 litteras
898 3569 1087 3649 apostolicas
1114 3589 1179 3631 non
1206 3569 1357 3632 iacientes
1384 3570 1510 3650 plenam

274 3679 307 3736 at
351 3694 532 3754 expressam
569 3695 606 3736 ac
644 3675 683 3736 de
718 3674 813 3736 verbo
852 3675 892 3735 ad
927 3675 1059 3737 verbum
1096 3675 1135 3736 de
1172 3675 1295 3736 indulto
1329 3676 1511 3755 hujusmodi

274 3780 482 3852 mencionem,
507 3785 540 3842 et
563 3780 755 3860 quibuslibet
781 3780 960 3861 privilegiis,
992 3780 1208 3860 indulgemus,
1230 3785 1263 3841 et
1287 3781 1400 3842 litteris
1428 3781 1512 3843 dicte

276 3885 368 3947 Sedis
395 3884 591 3966 generalibus
618 3886 668 3947 vel
696 3886 883 3966 specialibus
904 3905 1164 3967 quorumcunque
1191 3891 1336 3947 tenorum
1364 3887 1510 3959 existant,

275 3990 315 4052 de
349 3990 464 4070 quibus
494 3990 527 4050 iu
566 3991 683 4052 uostris
711 3991 825 4052 litteris
852 3992 891 4053 de
927 3991 1022 4053 verbo
1058 3992 1098 4052 ad
1132 3991 1263 4053 verbum
1291 3992 1434 4053 habenda
1470 3993 1512 4053 sit

275 4096 400 4157 mencio
427 4095 581 4176 specialis,
613 4102 646 4158 et
675 4117 733 4177 per
762 4117 824 4177 que
844 4097 977 4160 effectus
1006 4097 1204 4178 presencium
1233 4097 1376 4178 impediri
1403 4103 1513 4178 posset

275 4200 510 4281 quomodolibet
529 4201 580 4262 vel
599 4201 727 4262 differri.
770 4203 889 4264 Datum
914 4203 1077 4276 Avinione,
1094 4211 1125 4262 x⁰
1140 4202 1209 4263 Kal.
1229 4203 1249 4264 J
1251 4203 1380 4274 aunarii,
1407 4203 1511 4282 ponti·

275 4305 389 4368 licatus
410 4307 510 4368 nostri
534 4327 618 4368 anno
639 4317 679 4368 v⁰.
721 4309 803 4382 Quia
830 4309 925 4388 igitur
948 4329 1006 4390 pro
1027 4308 1171 4388 expensis
1192 4307 1317 4380 uostris,
1340 4308 1512 4388 dequibus

276 4433 373 4493 supra
404 4414 442 4474 lit
476 4414 608 4485 mencio,
642 4414 820 4494 recepimus
847 4435 902 4476 sex
929 4435 1052 4476 marcae
1083 4435 1102 4474 a
1139 4413 1237 4486 vobis,
1272 4433 1329 4493 pro
1357 4412 1445 4474 vobis
1479 4419 1512 4475 et

276 4519 347 4580 aliis
367 4519 521 4599 religiosis
542 4525 575 4582 et
597 4520 718 4581 clericis
736 4525 840 4583 vestre
864 4521 1008 4592 diocesis,
1027 4520 1181 4600 exemptis
1203 4524 1236 4581 et
1263 4539 1327 4580 non
1348 4519 1511 4600 exemptis,

276 4625 366 4687 vobis
387 4625 615 4688 committimus
637 4633 792 4706 quatenus
813 4626 852 4687 ab
873 4627 1020 4688 omnibus
1041 4633 1072 4688 et
1094 4625 1224 4706 singulis
1245 4629 1348 4687 vestre
1369 4624 1510 4697 diocesis,

275 4723 432 4802 exemptis
451 4727 485 4782 et
505 4742 569 4783 uon
588 4723 751 4803 exemptis,
771 4729 865 4803 prout
884 4723 1028 4804 superius
1047 4722 1235 4793 continetur,
1255 4721 1418 4802 porciones
1438 4742 1512 4784 suas

277 4819 406 4881 arbitrio
434 4824 540 4881 vestro
567 4821 707 4900 equitate
729 4826 863 4901 pensata
894 4821 928 4880 in
956 4821 1016 4881 hac
1045 4825 1134 4900 parte
1162 4819 1377 4890 moderandas,
1412 4839 1512 4899 usque

277 4917 319 4978 ad
339 4936 496 4978 summam
528 4917 740 4997 supradictam
762 4923 946 4997 sumptuum
974 4923 1007 4978 et
1034 4936 1241 4998 expensarum
1265 4935 1326 4995 que
1358 4935 1395 4976 ea
1423 4935 1510 4977 occa-

278 5015 367 5076 sione
388 5013 492 5074 debite
512 5013 580 5074 fieri
602 5014 772 5095 continget,
794 5015 916 5095 exigere
935 5020 967 5076 et
986 5014 1123 5095 recipere
1143 5013 1275 5074 valeatis
1295 5033 1366 5072 cum
1385 5011 1510 5085 effectu,
1554 5071 1561 5084 ,

278 5110 525 5173 contradictores
551 5115 584 5172 et
615 5110 746 5174 rebelles
775 5132 833 5192 per
872 5131 1075 5193 quascunque
1105 5129 1253 5172 censuras
1285 5108 1512 5172 ecclesiasticas
