3850 5917
397 687 457 748 130
769 689 949 769 nequem
977 691 1041 752 sc
1068 691 1105 752 n
1135 691 1259 754 occu

224 916 282 956 Αιῦ·
298 916 354 957 ¹³²³·
395 918 560 974 exorantes
584 914 733 994 quatinus
755 915 796 976 ob
819 915 1032 979 reverenciam
1056 917 1199 996 ejusdem
1221 916 1352 996 virginis
1376 916 1514 978 officium
1538 937 1632 978 suum

396 1020 480 1098 qnod
506 1019 639 1099 incipit:
670 1021 762 1082 Salve
792 1029 902 1082 sarwtc
931 1041 1055 1101 parcns,
1088 1042 1193 1083 corsm
1222 1021 1311 1084 vobis
1339 1021 1462 1084 fecistis
1497 1022 1630 1102 singulis

396 1124 505 1185 diebus
550 1130 624 1204 post
659 1127 789 1187 missam
818 1129 857 1188 de
900 1127 951 1188 die
989 1128 1173 1188 canonicam
1209 1147 1281 1187 cum
1318 1127 1488 1190 devocione
1525 1127 1635 1189 debite

395 1229 527 1289 recitsri.
563 1231 683 1290 Datum
698 1231 875 1303 Gantnsrie,
895 1233 960 1292 xix⁰
975 1232 1025 1293 die
1040 1232 1161 1304 Marcii,
1176 1253 1259 1293 snno
1274 1232 1403 1293 Domini
1418 1232 1633 1304 M⁰GCO⁰xir⁰,

395 1338 455 1394 etc.

394 1587 506 1647 March
525 1589 682 1650 ric-The
702 1590 829 1670 Bishop,
841 1592 927 1670 from
946 1592 1056 1664 Dcvcr,
1071 1591 1279 1652 commissione
1301 1591 1442 1652 Richcrd
1456 1591 1493 1652 dc
1511 1591 1630 1652 Vcrrwn

516 1669 580 1729 ond
600 1670 702 1730 Adam
721 1672 916 1733 Murimoutlr
937 1679 967 1733 to
987 1673 1089 1753 consor
1110 1673 1249 1752 beneficos
1270 1672 1307 1732 iri
1331 1671 1380 1732 tlte
1402 1671 1545 1752 Bisliop's
1566 1671 1628 1752 pist

516 1769 599 1828 upon
618 1750 750 1812 scitcblc
767 1772 903 1831 perscire,
924 1753 988 1814 and
1010 1761 1039 1814 to
1059 1753 1172 1814 receive
1192 1753 1396 1831 resipnctiorrs
1413 1753 1449 1832 os
1466 1753 1515 1813 the
1536 1772 1628 1813 sarno.

476 1903 656 1968 Conu1ss1o
676 1923 719 1966 sn
740 1924 986 1968 oosrnnnuncu
1007 1907 1281 1978 susurrem—A,
1296 1912 1367 1978 etc..
1389 1906 1533 1968 discretis
1555 1907 1633 1969 viris

394 2008 530 2090 filiisque
557 2010 590 2069 in
618 2010 745 2072 Christo
779 2011 911 2083 dilectis,
943 2012 1093 2092 magistro
1125 2012 1162 2072 R.
1191 2012 1230 2073 de
1258 2011 1396 2082 Vernon,
1432 2011 1630 2072 decretorum

394 2115 524 2188 doctori,
556 2116 681 2177 officiali
712 2122 830 2188 nostro,
860 2122 892 2178 et
923 2118 1081 2196 magistro,
1105 2116 1141 2177 A.
1173 2117 1381 2187 Murimouth,
1416 2116 1496 2194 juris
1530 2115 1633 2176 civilis

394 2222 572 2302 professori,
592 2223 752 2284 canonicis
772 2222 1065 2292 Hsreiordensibns,
1081 2222 1224 2294 sulutem,
1241 2227 1300 2284 etc.
1344 2220 1392 2280 Ad
1406 2220 1632 2282 conferendum

394 2329 538 2408 personis
579 2329 710 2409 ydoneis
741 2329 892 2390 beneficis
921 2348 1107 2409 quecunque
1129 2348 1202 2388 cum
1234 2346 1309 2388 curs
1329 2327 1378 2388 vel
1408 2327 1477 2387 sine
1497 2347 1573 2387 curs
1598 2326 1632 2386 in

394 2439 504 2497 nostre
524 2435 655 2496 ecclesis
675 2434 856 2506 cathedrali,
886 2434 935 2496 vel
967 2439 1055 2494 extre
1076 2453 1155 2504 eum,
1190 2433 1230 2494 sd
1257 2437 1399 2493 nostram
1427 2432 1632 2493 collacionem

395 2541 575 2621 spectsncis
593 2541 808 2622 quovismodo,
828 2541 855 2602 si
875 2561 935 2620 que
955 2560 1040 2600 nunc
1061 2543 1183 2612 vscsnt,
1205 2538 1255 2600 vel
1274 2559 1347 2598 cum
1368 2558 1405 2599 es
1425 2557 1536 2598 vacare
1557 2557 1630 2598 con-

396 2647 500 2726 tigerit
522 2646 554 2706 in
576 2646 773 2717 futurumst
792 2646 832 2707 sd
852 2645 1064 2706 inducendum
1085 2644 1135 2706 vel
1156 2643 1262 2704 induci
1283 2643 1461 2704 iaciendum
1478 2662 1631 2722 personas

394 2752 575 2833 hujusmodi
595 2751 711 2832 quibus
731 2771 769 2812 ec
789 2751 986 2813 contuleritis
1013 2751 1045 2810 in
1069 2749 1262 2830 corporalem
1282 2748 1515 2828 possessionem
1536 2748 1630 2810 bene·

393 2859 535 2919 ficiorum
557 2858 706 2937 ipsorum,
734 2877 857 2918 necnon
886 2857 926 2918 sd
946 2857 1174 2935 acceptandum
1195 2855 1426 2936 resigneciones
1448 2854 1631 2934 hujusmodi

392 2963 544 3025 beneficis
574 2963 789 3024 obtinencium
816 2963 968 3024 canonice
995 2963 1163 3034 iaciendse,
1196 2961 1327 3022 liberem
1354 2960 1443 3022 vobis
1482 2965 1537 3020 sut
1571 2959 1629 3020 uni

392 3075 533 3131 vestrum
555 3070 756 3130 concedimus
777 3075 969 3149 potestatem
990 3069 1137 3148 vicesque
1157 3073 1283 3129 nostres
1304 3065 1533 3128 committimus
1554 3087 1628 3127 cum

392 3174 594 3236 coercicionis
623 3175 773 3237 canonice
795 3179 962 3254 potestate.
1014 3176 1134 3236 Datum
1163 3173 1321 3246 Doverrie,
1351 3182 1404 3234 ¹1⁰
1430 3173 1482 3234 die
1509 3173 1628 3234 mensis

394 3280 515 3352 Marcii,
537 3300 620 3341 enno
645 3280 773 3341 Domini
796 3280 1009 3352 Mcccrxir,
1038 3285 1097 3341 ete.

392 3576 485 3656 April
506 3577 641 3636 1.-th
665 3576 784 3656 Bishop
807 3575 924 3654 ratifice
951 3575 1000 3635 the
1024 3574 1242 3654 appoinlmcrit,
1268 3573 1306 3652 by
1331 3573 1381 3633 Pa
1401 3573 1435 3634 cl
1455 3593 1626 3654 movisses,

514 3657 550 3737 os
569 3657 671 3717 Adam
694 3656 889 3718 Murimouth
914 3663 943 3717 to
969 3655 1018 3715 the
1037 3655 1172 3735 pretend
1196 3656 1231 3734 cf
1251 3654 1381 3733 Bullinq
1417 3674 1466 3734 pe.

474 3813 686 3874 Rsrmcscro
707 3830 1155 3874 sccnr'rsc1ou1srsnsnnnn
1185 3831 1229 3872 nn
1260 3811 1477 3872 Bonrrenorn
1506 3829 1571 3872 res
1591 3813 1628 3872 A.

393 3917 764 3990 Memorem-Adam,
792 3920 1009 3999 permissione,
1047 3925 1117 3989 etc,
1145 3916 1375 3980 venerabilibus
1413 3923 1446 3979 et
1484 3918 1629 3980 discretis

391 4023 476 4095 viris,
498 4023 644 4104 Capitulo
666 4030 775 4086 nostro
795 4025 1029 4094 Hersiordenei,
1045 4024 1189 4096 salutem,
1210 4029 1271 4085 ete.
1313 4023 1395 4099 Quia
1416 4024 1629 4088 intelleximus

392 4130 476 4209 quod
512 4129 671 4209 prebende
701 4131 741 4192 de
773 4130 972 4210 Bolinghope
1006 4151 1107 4210 nuper
1138 4151 1253 4192 recens
1280 4150 1337 4210 per
1377 4135 1511 4192 mortem
1546 4131 1628 4194 bone

393 4235 543 4296 memorie
561 4235 681 4295 domini
703 4235 723 4296 J
733 4235 879 4312 [ohannis
900 4235 939 4296 de
961 4233 1191 4316 Aqusblencs],
1213 4235 1371 4315 quondum
1395 4235 1515 4298 Deceni
1544 4237 1628 4299 dicte

393 4340 524 4402 ecclesie
565 4345 682 4410 nostre,
711 4345 744 4401 et
771 4339 968 4419 prebendmii
1004 4340 1087 4401 dicte
1125 4339 1291 4420 prebende,
1326 4361 1383 4420 per
1416 4341 1627 4404 venerabilem

392 4446 495 4506 virum
529 4447 715 4526 magistrum
753 4445 789 4506 A.
825 4446 1033 4518 Murimouth,
1068 4446 1255 4508 canonicum
1296 4446 1438 4527 ejusdem
1486 4447 1627 4520 ecclesie,

393 4553 509 4613 virtute
530 4552 634 4631 grecie
654 4551 824 4630 apostolice
848 4551 908 4612 sibi
929 4551 1012 4614 fecte
1036 4558 1177 4631 tempore
1197 4551 1302 4613 debito
1323 4557 1494 4631 ecceptsts,
1516 4558 1549 4614 et
1570 4573 1628 4633 per

392 4662 576 4720 executores
599 4658 786 4718 auctoritate
810 4657 983 4737 apostolice
1005 4677 1100 4737 super
1124 4658 1184 4719 hoc
1207 4658 1376 4737 deputatos
1394 4657 1455 4718 sibi
1478 4659 1630 4722 canonice

392 4770 441 4827 est
465 4763 587 4834 collate,
612 4768 645 4824 st
672 4763 712 4824 de
730 4783 768 4826 es
786 4763 989 4842 corporaliter
1013 4768 1061 4824 est
1085 4764 1185 4826 eciem
1205 4763 1382 4834 investitus,
1406 4783 1465 4824 noe
1486 4771 1629 4846 accepte·

392 4870 524 4939 cionem,
556 4867 768 4940 collacionem,
807 4874 840 4930 et
867 4868 1088 4930 investituram
1128 4867 1310 4948 hujusmodi
1348 4873 1434 4930 retes
1465 4869 1628 4944 hebemus,

392 4980 498 5056 paras
518 4974 636 5055 pariter
653 4979 686 5034 et
706 4979 860 5054 acceptas.
903 4975 1023 5035 Datum
1044 4974 1182 5046 Parisiis,
1203 4973 1306 5054 prinis
1325 4973 1376 5035 die
1397 4972 1522 5053 Aprilis,
1543 4995 1629 5038 enno

393 5077 523 5140 Domini
547 5077 746 5140 mcccxv.
