3850 5917
404 647 463 709 282
777 651 958 731 Rmirtrum
984 653 1050 714 Ade
1076 652 1114 715 dc
1144 654 1268 717 Orktorr

232 879 289 919 M)-
305 880 360 920 ¹³²³·
402 874 441 935 de
476 876 638 949 Wenloke,
673 878 790 938 vicario
827 879 957 941 ecclesie
994 881 1183 960 parochialis
1221 884 1260 944 de
1299 884 1461 957 Wenloke,
1501 891 1534 946 et
1572 887 1643 949 aliis

402 980 435 1039 in
466 981 560 1061 pleno
591 983 779 1045 consistorio
812 984 845 1043 in
876 985 1009 1047 ecclesia
1042 986 1215 1066 parochiali
1247 989 1285 1050 de
1308 990 1462 1052 Wenloke
1485 991 1643 1055 celebrato

402 1087 579 1158 evocandis,
601 1093 634 1149 et
654 1088 773 1150 eisdem
796 1089 904 1151 Priore
924 1095 957 1151 et
979 1091 1146 1153 Conventa
1166 1113 1223 1172 per
1243 1094 1406 1155 dominum
1419 1096 1584 1157 ,Thomam
1605 1099 1645 1159 de

404 1192 585 1265 Londoniis,
607 1195 807 1267 monachum,
829 1202 1062 1274 procuratorem
1085 1199 1256 1260 eorundem
1280 1199 1467 1262 litteratorie
1490 1202 1644 1269 constitu-

402 1304 480 1371 tum,
515 1300 632 1361 vicario
666 1302 750 1362 dicte
783 1302 915 1364 ecclesie
952 1305 991 1365 de
1026 1304 1180 1366 Wenloke
1222 1306 1254 1366 in
1289 1307 1374 1368 dicta
1413 1307 1547 1369 ecclesia
1587 1329 1644 1370 seu

399 1406 518 1485 capella
538 1408 746 1487 personaliter
773 1410 947 1470 constituto
973 1411 1237 1490 comparentibus,
1269 1412 1301 1471 in
1332 1413 1495 1491 presencia
1523 1414 1643 1474 domini

399 1510 528 1571 Roberti
556 1512 594 1572 de
616 1512 763 1593 Harleye,
786 1513 905 1585 militis,
936 1519 969 1575 et
998 1514 1131 1575 aliorum
1162 1521 1228 1576 tam
1250 1516 1435 1577 clericorum
1462 1538 1559 1598 quam
1586 1519 1641 1580 lai-

398 1635 508 1675 corum
549 1616 752 1680 multitudine
789 1619 924 1697 copiosa,
960 1620 1044 1681 dicte
1082 1621 1282 1701 inquisicioni
1318 1620 1460 1685 faciende
1494 1642 1641 1704 expresse

399 1722 682 1794 consencientibus,
697 1724 747 1785 die
770 1725 860 1785 Lune
881 1726 1024 1805 proximo
1045 1731 1118 1806 post
1132 1725 1248 1788 festum
1264 1729 1365 1789 sancti
1381 1730 1524 1809 Gregorii
1545 1730 1641 1811 Papa,

397 1848 481 1888 anno
519 1828 649 1889 Domini
681 1831 862 1910 supradicto
889 1852 946 1911 per
979 1832 1064 1894 viros
1096 1832 1278 1913 fidedignos,
1312 1834 1442 1895 clericos
1470 1842 1503 1896 et
1534 1836 1639 1908 laicos,

394 1934 541 1995 videlicet
562 1935 725 1996 dominnm
746 1937 917 1997 Ricardum
939 1939 978 1999 de
997 1938 1149 2010 Lardene,
1166 1939 1352 2019 magistrum
1368 1939 1580 2002 Alexandrum
1601 1943 1641 2005 de

394 2040 568 2111 Bokenhal,
591 2040 741 2103 Rectores
762 2042 966 2103 ecclesiarum
988 2043 1027 2103 de
1060 2043 1156 2104 Stolrc
1179 2044 1326 2105 Milborw
1354 2049 1387 2106 at
1409 2044 1638 2125 Hopeboulers,

395 2145 527 2207 vicarios
555 2147 758 2208 ecclesiarum
785 2147 824 2209 de
848 2148 1051 2227 Cardyntone
1072 2152 1104 2210 et
1128 2149 1416 2229 Longostauntone,
1439 2151 1578 2223 clericos,
1607 2156 1639 2213 et

395 2250 576 2312 Johannam
604 2251 642 2312 de
671 2252 855 2331 Presthope,
885 2252 1089 2332 Radulphum
1120 2254 1160 2313 de
1190 2253 1345 2331 Wilileye,
1378 2253 1570 2315 Nicholaum
1600 2256 1640 2318 de

398 2356 581 2436 Horseleye,
609 2354 780 2418 Ricardum
808 2360 847 2419 de
880 2360 1061 2438 Sweyneye,
1091 2364 1124 2421 ct
1155 2359 1326 2420 Ricardum
1357 2360 1396 2421 de
1428 2360 1639 2443 Knyghtleye,

397 2462 501 2533 laicos,
524 2456 705 2543 diligentem
726 2462 786 2524 ie'ci
803 2464 1044 2544 inquisicionem
1067 2464 1157 2543 juxta
1177 2464 1251 2536 vim,
1273 2464 1417 2536 formam,
1440 2471 1472 2527 et
1497 2471 1639 2528 tenorem

397 2569 600 2629 articulorum
629 2569 773 2648 superius
800 2574 1032 2630 contentorum.
1090 2569 1158 2643 Qus
1189 2569 1265 2630 dicit
1294 2570 1378 2649 quod
1406 2570 1491 2631 dicta
1520 2572 1639 2652 capella

396 2676 436 2736 de
464 2674 615 2755 Wileleye
643 2682 692 2736 est
714 2675 795 2736 inira
815 2677 895 2737 fines
917 2696 973 2736 seu
994 2675 1111 2737 limites
1129 2676 1325 2755 parochiales
1347 2678 1487 2738 matricis
1508 2678 1639 2740 ecclesie

397 2782 436 2843 de
457 2781 610 2842 Wenloke
637 2781 819 2842 constituta.
877 2780 963 2841 Dicit
995 2782 1094 2842 eciam
1126 2781 1210 2860 quod
1231 2782 1366 2843 vicarius
1387 2782 1470 2843 dicte
1499 2783 1639 2845 matricis

396 2887 535 2957 ecclesie,
567 2886 621 2966 qui
649 2907 706 2966 pro
734 2893 876 2966 tempore
908 2885 1012 2959 fuerit,
1047 2886 1207 2947 ministrat
1238 2886 1355 2947 ibidem
1389 2906 1446 2966 per
1479 2890 1639 2967 quendam

396 2985 598 3073 capellanum
615 3013 708 3053 suum
728 3013 785 3073 per
815 2993 920 3072 ipsum
946 2992 1143 3073 assignatum
1172 2992 1351 3072 sumptibus
1380 2993 1524 3057 Rectoris
1556 2996 1640 3057 dicte

397 3101 523 3182 capelle,
545 3101 599 3180 qui
616 3121 673 3181 pro
695 3106 836 3181 tempore
856 3100 960 3172 fuerit,
981 3105 1178 3161 sacramenta
1199 3105 1232 3161 et
1253 3101 1493 3163 sacramentalia
1513 3102 1639 3165 racione

396 3228 470 3269 oure
490 3207 549 3268 sibi
571 3207 738 3268 commisse
759 3208 792 3266 in
823 3206 955 3268 ecclesia
988 3206 1118 3267 matrice
1139 3206 1288 3285 predicta.
1345 3206 1428 3268 Item
1457 3206 1639 3288 dicitquod

394 3314 485 3373 Prior
518 3319 550 3374 et
592 3312 775 3373 Conventus
810 3312 996 3373 Monasterii
1037 3312 1076 3372 de
1103 3311 1261 3373 ,Wenloke
1306 3312 1485 3391 percipiunt
1527 3333 1638 3376 omnes

397 3419 535 3479 decimas
573 3418 708 3498 majores
736 3423 768 3480 et
800 3419 937 3479 minores
975 3417 1139 3497 cujusdam
1178 3418 1360 3488 tenementi,
1396 3418 1481 3497 quod
1511 3419 1637 3499 quidem

398 3531 485 3586 tenet
505 3545 590 3585 nnnc
611 3526 764 3586 Ricardus
793 3526 832 3586 de
854 3525 1010 3605 Swyneye
1032 3525 1064 3584 in
1085 3525 1226 3585 manerio
1247 3524 1286 3585 de
1311 3524 1457 3603 Wilileye
1476 3525 1636 3605 predicta;

397 3632 575 3713 percipiunt
606 3632 705 3693 eciam
734 3632 840 3692 omnia
868 3631 1040 3691 mortuaria
1067 3630 1140 3692 viva
1166 3649 1424 3710 quorumcunque
1455 3631 1636 3691 tenencium

398 3740 473 3800 dicti
494 3739 625 3800 manerii
647 3738 878 3815 decedencium,
900 3743 933 3799 et
961 3737 1068 3797 divina
1100 3736 1201 3797 officia
1231 3736 1430 3797 audiencium
1459 3736 1493 3795 in
1517 3737 1638 3817 capella

397 3850 579 3905 memorata.
621 3845 665 3905 Et
686 3845 762 3905 dicit
793 3844 877 3924 quod
908 3844 1025 3905 Rector
1055 3843 1138 3903 dicte
1166 3841 1293 3921 capelle,
1319 3841 1374 3921 qui
1405 3858 1463 3920 pro
1495 3846 1637 3922 tempore

396 3951 499 4022 inerit,
521 3951 654 4030 percipit
675 3970 784 4011 omnes
806 3949 883 4010 alias
898 3949 1036 4010 decimas
1053 3967 1265 4029 quascunque,
1284 3947 1350 4007 sive
1367 3946 1549 4026 personales
1570 3950 1638 4011 sive

397 4057 505 4127 reales,
533 4061 708 4117 ceterorum
730 4056 910 4131 tenencium
931 4056 1007 4116 dicti
1031 4054 1171 4115 manerii.
1217 4052 1303 4113 Dicit
1324 4052 1423 4113 eciam
1444 4054 1530 4133 quod
1551 4054 1637 4115 dieta

395 4163 515 4242 capella
544 4162 663 4222 nullam
692 4162 788 4223 habet
819 4160 1014 4240 sepulturam
1045 4164 1094 4221 set
1126 4178 1236 4219 omnes
1269 4158 1455 4219 decedentes
1488 4158 1521 4219 in
1550 4160 1635 4221 dicto

397 4268 536 4328 manerio
567 4269 783 4346 cujuscunque
810 4266 1003 4326 condicionis
1032 4264 1227 4344 sepeliuntur
1251 4263 1283 4323 in
1311 4262 1466 4325 cimiterio
1494 4266 1635 4328 matricis

396 4374 527 4434 ecclesie
547 4373 695 4452 predicte.
738 4371 824 4432 Dicit
838 4371 938 4432 eciam
952 4371 1035 4450 quod
1050 4374 1099 4430 est
1114 4369 1148 4428 in
1169 4368 1253 4428 dicta
1274 4368 1394 4447 capella
1414 4368 1634 4449 baptisterium

396 4462 547 4557 tanquam
568 4497 587 4536 a
607 4476 738 4536 matrice
759 4464 891 4536 ecclesia
910 4495 968 4555 per
992 4474 1133 4554 spacium
1160 4474 1292 4534 duarum
1314 4472 1474 4535 leucarum
1495 4474 1634 4537 distante

396 4564 525 4663 propter
544 4564 717 4662 periculum
746 4582 922 4642 animarum
954 4599 1149 4641 concessum.
1205 4577 1292 4638 Dicit
1327 4577 1427 4638 eciam
1455 4578 1540 4657 quod
1560 4600 1636 4641 cura

396 4689 494 4769 ipsius
512 4692 560 4749 est
585 4686 669 4766 apud
689 4686 840 4746 doarium
869 4686 908 4746 de
937 4682 1099 4755 Wenloke,
1125 4688 1157 4744 et
1178 4687 1227 4743 est
1255 4681 1340 4742 dicta
1363 4681 1485 4760 capella
1511 4683 1635 4744 matrici

394 4780 525 4855 ecclesie
545 4793 685 4872 predicte
706 4791 856 4871 subjecta.
891 4783 992 4851 'Item
1024 4789 1100 4849 dicit
1128 4789 1211 4869 quod
1239 4788 1323 4849 dicta
1354 4788 1474 4869 capella
1508 4793 1634 4851 tenetur

394 4900 478 4960 dicte
498 4898 628 4959 ecclesie
640 4890 644 4893 ⁴
656 4896 779 4956 matrici
800 4897 839 4956 de
861 4894 1014 4956 Wenloke
1029 4894 1068 4955 ,in
1089 4912 1195 4956 annuo
1216 4911 1322 4965 censu,
1344 4892 1489 4953 videlicet
1509 4900 1633 4973 septem

394 5004 565 5065 solidorum
608 5003 641 5062 in
684 5003 809 5082 signum
844 4999 1062 5082 subjeccionis.
1109 4999 1168 5059 'Et
1199 4997 1334 5061 vicarius
1373 4998 1456 5059 dicte
1500 4999 1632 5065 ecclesie
