3850 5917
681 686 833 766 Episcopi
860 686 1104 767 Horefordcnsis.
1452 689 1511 750 173

123 915 233 955 ΗΜ·
272 929 330 970 nos
350 909 540 987 injunctum,
568 915 605 969 ut
625 910 828 989 premittitur,
854 910 1068 990 impleturum.
1126 912 1208 986 Quid
1230 918 1336 973 autom
1364 912 1511 984 feceritis,

271 1019 330 1074 etc.
373 1016 493 1074 Datum
518 1016 602 1095 apud
628 1015 795 1094 Worthyn‚
817 1016 865 1096 iij⁰
885 1017 936 1077 die
963 1017 1107 1078 Jonuarii
1128 1039 1212 1078 anno
1236 1019 1387 1098 predicto.

273 1243 345 1303 Jon.
368 1245 503 1305 c-wu
530 1245 649 1324 Bishop
676 1245 791 1305 admits
820 1245 963 1307 Richord
992 1246 1124 1319 Heroid,
1153 1269 1174 1309 o
1194 1249 1283 1328 srior
1310 1250 1345 1329 os
1377 1249 1513 1311 Siracos-

394 1325 480 1402 bory,
511 1332 540 1384 ιο
569 1325 642 1385 teor
665 1325 860 1406 confession,
883 1334 937 1387 etc.

353 1483 487 1541 Fuscus
508 1500 667 1542 snurssus
688 1501 730 1541 sn
762 1501 999 1544 conresslouus
1028 1485 1511 1545 sun1nnnAs-Memorondum

271 1581 355 1659 quod
376 1581 422 1659 vj⁰
442 1579 492 1640 die
512 1579 664 1650 ianuarii,
687 1601 771 1640 anno
792 1580 921 1640 Domini
939 1580 1139 1652 M⁰OGG⁰xx⁰,
1159 1582 1192 1640 in
1215 1582 1326 1642 (instro
1347 1583 1385 1642 de
1408 1583 1512 1643 Oauus

272 1677 400 1737 admisit
430 1675 577 1737 dominus
605 1677 734 1737 fratrem
762 1677 933 1737 Ricardum
964 1677 1094 1751 Horold,
1127 1679 1245 1740 ordinis
1273 1679 1511 1740 Prodicotorum

272 1776 310 1835 de
331 1775 498 1836 conventu
528 1774 661 1853 Sclopie,
690 1775 730 1833 ed
757 1774 972 1836 confessiones
1000 1776 1181 1848 audiendae,
1207 1777 1424 1838 absoluciones
1452 1777 1510 1836 im-

271 1872 462 1951 pendendas,
482 1872 678 1951 penitenciae
694 1872 911 1951 injungendae,
934 1878 968 1932 et
986 1893 1147 1935 sermones
1168 1874 1328 1934 faciendos
1343 1875 1376 1932 in
1393 1873 1510 1935 diocesi

272 1968 496 2029 Hereiordensi
527 1969 617 2047 juxta
651 1969 914 2030 constitucionem
952 1970 1192 2031 Boniiuciunum
1231 1971 1349 2031 editum
1387 1971 1419 2030 in
1451 1972 1511 2032 hcc

272 2070 371 2145 parte.

274 2295 346 2355 Jon.
372 2295 503 2355 n-Tte
524 2295 643 2374 Bishop
662 2294 870 2355 commissione
888 2294 1029 2354 William
1042 2295 1079 2355 dc
1099 2295 1271 2376 Fowchope
1287 2295 1351 2356 cod
1368 2295 1511 2356 william

394 2376 431 2435 do
452 2375 570 2436 Ashton
592 2384 620 2435 ιο
641 2383 691 2435 oct
705 2377 760 2456 jor
778 2375 843 2435 tim
858 2396 894 2435 cn
908 2376 958 2436 tho
975 2376 1171 2454 procccdc'oqs
1187 2383 1217 2437 ιο
1231 2377 1265 2436 bc
1280 2377 1370 2438 toton
1383 2377 1509 2456 cqcinst

395 2456 487 2527 John,
508 2456 575 2516 who
602 2457 711 2517 claime
733 2464 762 2516 ιο
784 2456 817 2516 be
842 2456 934 2516 Viccr
953 2457 989 2534 os
1012 2457 1193 2535 Lustricius,
1226 2457 1374 2529 Wolters,
1406 2458 1508 2537 Chap-

396 2537 463 2596 loin
489 2538 525 2617 oj
548 2538 765 2616 Montqomory,
793 2537 857 2596 ond
887 2537 1001 2615 Grcffin
1027 2558 1068 2617 cp
1096 2538 1201 2597 Ricid.

355 2693 534 2754 Gonmsslo
569 2710 695 2752 courns
736 2709 896 2751 memnon
938 2710 982 2751 un
1025 2692 1404 2764 Lrunnuoou.—Adsm,
1441 2698 1511 2766 etc„

273 2797 394 2858 dilectis
415 2798 449 2856 in
463 2797 590 2858 Christo
608 2797 690 2867 filiis,
716 2797 875 2876 magistris
889 2797 939 2857 W.
960 2798 1000 2858 de
1022 2797 1209 2877 Fowehope‚
1231 2799 1358 2859 Rectori
1379 2799 1510 2860 ecclesie

273 2904 311 2964 do
346 2903 527 2981 Westbury,
562 2907 595 2963 et
630 2903 680 2962 W.
711 2903 750 2962 de
784 2902 965 2974 Aischtone,
1000 2903 1197 2982 porcionorio
1232 2903 1265 2962 in
1303 2903 1435 2964 ecclesio.
1473 2904 1513 2964 de

272 3010 472 3088 Pontesbury
499 3015 607 3069 nostre
635 3008 778 3079 diocesis,
807 3008 951 3080 sulutem,
983 3014 1043 3070 eto.
1067 3057 1068 3068 ,
1096 3009 1136 3068 In
1165 3010 1268 3071 censis
1290 3029 1347 3071 seu
1373 3009 1513 3088 negociis

273 3116 477 3177 correccionis
506 3135 544 3175 ex
571 3115 664 3176 officii
689 3115 789 3175 nostri
816 3115 923 3176 debito
947 3120 1058 3176 contre
1082 3115 1260 3176 Johnnnem
1286 3115 1340 3195 qui
1368 3136 1402 3176 so
1429 3115 1510 3194 gerit

272 3241 329 3301 pro
349 3227 502 3300 perpetuo
523 3221 640 3281 vicario
662 3220 792 3281 ecclesis
813 3221 853 3281 de
876 3221 1074 3300 Lyndrugge,
1093 3225 1201 3281 nostre
1224 3221 1366 3292 diocesis,
1390 3220 1510 3280 Willel-

273 3345 360 3385 mum
388 3326 586 3404 capellanum
618 3326 656 3386 de
691 3325 930 3404 Montegomeri,
959 3331 992 3387 et
1020 3327 1188 3386 Griffinum
1217 3347 1258 3406 ep
1289 3327 1386 3398 Ririd,
1416 3327 1512 3388 motis

273 3433 322 3493 vel
343 3432 516 3502 movendis,
540 3431 630 3492 vobis
651 3431 845 3510 conjunctim
869 3437 902 3492 et
923 3431 1049 3493 divisim
1074 3438 1182 3493 tenore
1206 3433 1404 3512 presencium
1426 3453 1511 3493 com-

273 3539 430 3600 mittimus
456 3539 541 3599 vices
567 3543 702 3609 nostros,
731 3543 790 3598 otc.
833 3539 953 3598 Datum
978 3539 1063 3618 npud
1087 3537 1234 3599 (instrum
1257 3539 1296 3599 de
1321 3538 1432 3610 Ocnus,
1456 3539 1513 3618 vij⁰

273 3646 323 3706 die
343 3646 495 3716 ianuarii,
524 3665 607 3705 enno
636 3645 765 3704 Domini
788 3644 986 3706 M⁰GCG⁰xx⁰.

275 3876 347 3937 Joc.
375 3875 532 3935 IL-Tho
559 3875 678 3954 Biston
705 3875 820 3935 admits
842 3875 931 3954 sricr
957 3875 1059 3953 Roqor
1086 3875 1122 3955 os
1150 3875 1349 3952 Shrcwsbcry
1378 3882 1407 3935 ιο
1437 3874 1513 3935 honr

395 3955 588 4037 consessione,
616 3963 670 4017 οιο.

353 4113 487 4172 Fnsrun
527 4129 687 4172 suulssue
729 4130 771 4171 nn
813 4129 1051 4171 conrusmouns
1086 4129 1273 4171 numnunss
1308 4129 1350 4170 nr
1384 4128 1512 4170 nnis.-

275 4209 514 4270 Memornndum
534 4209 617 4288 quod
639 4209 684 4287 xj⁰
703 4208 754 4268 dio
771 4208 922 4279 ianuarii,
945 4229 1028 4268 anno
1052 4208 1182 4268 Domini
1205 4207 1402 4279 M⁰Occ⁰xx⁰,
1426 4209 1511 4286 apud

273 4305 467 4368 Munselowe
494 4305 621 4366 admisit
649 4305 795 4366 dominus
823 4305 952 4365 fratrem
977 4306 1135 4384 Rogorum
1165 4305 1204 4365 do
1233 4304 1367 4384 Sulopia,
1390 4305 1510 4366 ordinis

273 4403 517 4473 Predicntorum,
541 4402 580 4462 de
599 4408 757 4463 conventu
775 4401 836 4462 loci
855 4402 1006 4481 ejusdem,
1033 4402 1073 4461 ed
1093 4401 1306 4463 confessiones
1327 4401 1508 4474 audiendas,

273 4505 305 4562 ot
325 4499 386 4560 slis
405 4506 499 4579 prout
525 4499 559 4559 in
587 4499 648 4560 alis
668 4505 757 4579 porte
778 4499 874 4578 hujus
895 4499 961 4559 folii
985 4499 1173 4559 continetur.

276 4745 337 4807 Tic
357 4744 476 4824 Bishop
495 4743 702 4805 commissiom
725 4744 774 4805 tho
800 4743 921 4822 Officiai
941 4751 971 4805 ιο
993 4743 1061 4804 toto
1085 4743 1189 4805 action
1217 4744 1342 4822 accinet
1371 4743 1512 4806 William

396 4826 422 4886 lc
448 4825 577 4897 Ooic'ore,
606 4825 698 4886 Vicor
721 4825 757 4905 os
779 4825 896 4895 ninus,
915 4825 971 4903 scr
993 4831 1143 4904 contempt
1167 4825 1230 4886 and
1257 4824 1474 4886 disobedicncc.

354 4981 535 5042 Gonmssro
555 4998 681 5041 conrns
701 4997 860 5041 nonnum
891 4999 934 5040 nn
967 4973 1267 5051 &sudu—Adam,
1299 4983 1369 5050 etc„
1394 4979 1510 5040 dilecto

273 5087 306 5148 in
337 5087 465 5149 Christo
488 5086 561 5159 filio,
590 5086 740 5166 magistro
764 5087 803 5146 R.
831 5087 870 5148 de
901 5087 1060 5156 vernoun,
1093 5085 1244 5146 canonico
1271 5089 1379 5145 nostre
1408 5084 1509 5146 Here-
