3850 5917
206 969 209 978 .
245 928 302 969 ev·
317 926 373 967 ΙΝ·
416 926 484 982 tare
518 922 587 982 cine
616 928 705 1001 grata
739 924 947 1002 permissione
981 924 1181 986 dominorum
1213 924 1366 985 bonorum
1398 924 1581 1005 hujusmodi
1610 926 1668 987 vel

416 1026 601 1087 ballivorum
626 1048 764 1100 sucrum,
785 1029 879 1109 quod,
901 1034 937 1090 ut
957 1030 1161 1109 premittitur,
1183 1031 1222 1092 de
1243 1030 1406 1091 voluntate
1428 1030 1548 1091 domini
1562 1031 1667 1111 Regis

417 1131 504 1191 nullo
526 1132 620 1193 modo
632 1134 808 1212 'procedere
829 1141 1039 1214 presumatur,
1062 1134 1187 1195 difficile
1208 1136 1268 1197 erit
1297 1140 1330 1197 et
1350 1155 1425 1215 sepe
1446 1136 1664 1217 dampnosum

413 1239 558 1317 personis
578 1238 624 1299 sic
646 1238 789 1318 spoliatis
811 1246 867 1300 aut
887 1240 963 1302 lesis
984 1242 1024 1301 ad
1045 1260 1120 1302 suos
1142 1241 1319 1321 Episcopus
1340 1260 1435 1321 super
1453 1242 1514 1302 hcc
1533 1262 1666 1322 semper

413 1342 530 1403 habere
560 1362 731 1415 recursum,
761 1350 827 1405 tam
857 1346 948 1407 uobis
980 1346 1160 1427 nostrisque
1184 1348 1379 1427 coepiscopis
1399 1353 1432 1409 et
1459 1348 1590 1428 prelatis
1620 1368 1664 1409 ac

415 1448 498 1509 clero
518 1450 668 1528 predictis
689 1451 854 1513 videbatur
881 1453 1060 1532 expediens,
1082 1460 1114 1515 et
1135 1474 1191 1533 per
1211 1474 1266 1515 eos
1295 1454 1327 1514 in
1356 1455 1465 1516 eadem
1491 1475 1661 1535 congrega-

414 1556 505 1616 cione
519 1576 708 1617 consensum
727 1559 831 1619 extitit
852 1564 885 1619 et
899 1560 1090 1630 condictum,
1105 1566 1141 1620 ut
1155 1560 1288 1639 singulis
1304 1560 1503 1622 inferioribus
1517 1562 1660 1640 prelatis,

414 1662 587 1723 rectoribus
607 1663 707 1725 eciem
724 1684 761 1724 ec
780 1663 904 1726 vicariis
924 1666 1152 1745 parochialium
1172 1666 1372 1727 ecclesiarum
1394 1666 1487 1727 detur
1507 1686 1564 1746 per
1582 1686 1662 1729 suos

414 1767 607 1842 diocesanos
633 1789 781 1847 expressa
813 1775 954 1849 potestas
988 1771 1198 1832 denunciandi
1230 1771 1354 1851 publice
1392 1777 1424 1834 et
1452 1772 1662 1853 solempniter

413 1864 632 1935 malefactores
647 1875 838 1954 hujusmodi,
853 1876 907 1956 qui
922 1896 979 1955 per
999 1876 1074 1937 iacti
1089 1876 1285 1938 evidenciam
1300 1878 1422 1938 notorie
1437 1880 1470 1938 et
1489 1878 1660 1940 manifeste

413 1986 595 2061 perpetrare
613 1988 807 2061 presumant,
827 2003 965 2043 unacum
984 2003 1093 2044 eorum
1112 1982 1319 2062 complicibus
1337 1983 1421 2043 dicta
1441 1984 1656 2045 excommuni·

414 2086 551 2146 cacionis
576 2087 739 2147 sentencia
753 2087 930 2148 innodatos.
974 2087 1128 2162 Quocirca
1152 2086 1344 2147 fraternitati
1364 2093 1469 2149 vestre
1483 2088 1518 2147 in
1539 2088 1658 2149 virtute

413 2190 594 2252 obediencie
615 2191 748 2252 firmiter
768 2192 961 2272 injungendo
990 2192 1178 2253 mandamus
1208 2192 1360 2273 quatinus
1388 2193 1505 2253 dictem
1529 2200 1650 2255 senten

414 2297 494 2357 ciam
518 2302 628 2358 contra
656 2304 861 2379 occupatores
889 2299 1043 2359 bonerum
1065 2298 1359 2369 ecclesiasticorum,
1381 2305 1475 2378 prout
1499 2300 1532 2358 in
1554 2300 1657 2378 prima

412 2402 569 2463 dictarum
583 2404 874 2483 congregacionum,
899 2409 1061 2483 utsupra,
1082 2404 1262 2465 ordinatum
1287 2402 1444 2475 extiterat,
1465 2404 1498 2463 in
1524 2404 1656 2485 singuiis

413 2507 556 2569 ecclesiis
584 2514 689 2569 vestre
719 2509 854 2571 diocesis
884 2510 975 2589 juxte
1005 2510 1240 2571 ordinacionem
1272 2510 1414 2581 eandem,
1447 2516 1655 2572 memoratam

413 2634 487 2676 vero
519 2616 714 2676 sentenciam
745 2621 856 2677 contra
891 2616 1098 2695 infringentes
1127 2616 1277 2677 articulos
1305 2614 1461 2676 dictarum
1497 2620 1655 2677 cartarum

413 2740 471 2800 per
498 2740 556 2782 nos
584 2726 616 2781 et
647 2725 773 2782 nostros
807 2720 1020 2801 coepiscopos,
1052 2726 1089 2781 ut
1120 2740 1224 2801 supra,
1261 2738 1418 2781 consensu
1447 2721 1532 2800 regio
1560 2720 1655 2783 inter-

414 2825 569 2897 veniente,
590 2826 746 2906 prolatam
771 2826 945 2887 secundum
974 2826 1108 2887 formam
1143 2827 1175 2885 in
1204 2827 1326 2906 prelata
1354 2825 1466 2887 ultima
1487 2844 1654 2907 cengrega-

414 2931 504 2993 cione
535 2932 694 3012 provisam
725 2931 819 2993 dictis
850 2932 960 2993 diebus
996 2936 1028 2993 et
1066 2932 1152 3003 locis,
1183 2932 1304 2993 scilicet
1344 2931 1394 2993 bie
1432 2932 1466 2991 in
1502 2952 1588 2994 anno
1622 2933 1655 2993 in

413 3036 638 3098 festivitatibus
666 3036 856 3117 supradictis
883 3037 1017 3109 iacietis,
1046 3037 1079 3096 in
1107 3036 1209 3098 forma
1237 3055 1298 3117 que
1328 3036 1473 3116 superius
1505 3038 1654 3119 tangitur,

413 3143 575 3223 publicari,
604 3148 637 3204 et
657 3143 691 3201 in
720 3142 851 3222 Anglicc
879 3142 1018 3204 seriatim
1048 3144 1082 3202 in
1118 3143 1264 3205 omnibus
1289 3162 1326 3203 ac
1353 3148 1500 3223 patenter
1531 3144 1654 3225 exponi,

413 3248 548 3328 pulsatis
572 3247 744 3327 campanis,
769 3254 802 3309 et
826 3248 966 3310 candelis
997 3248 1148 3320 accensis,
1170 3253 1207 3309 ut
1237 3252 1366 3328 propter
1387 3248 1653 3329 sollempnitatem

412 3351 604 3431 hujusmodi,
619 3371 715 3431 quam
733 3352 805 3413 laici
826 3353 927 3432 magis
941 3372 1037 3433 quam
1059 3352 1209 3414 effectum
1223 3353 1406 3431 hujusmodi
1421 3356 1653 3417 sentenciamm

413 3460 592 3529 attendunt,
614 3458 750 3539 amplius
771 3459 929 3520 timeatur.
983 3460 1086 3521 Detur
1116 3460 1215 3521 eciam
1237 3480 1294 3540 per
1315 3479 1380 3531 vos,
1402 3461 1485 3521 sicut
1506 3462 1539 3520 iu
1570 3462 1655 3523 dicta

413 3565 657 3645 congregacione
678 3564 791 3624 ultima
810 3565 1008 3626 concorditer
1028 3564 1133 3626 extitit
1156 3565 1346 3636 ordinatum,
1371 3564 1572 3628 interioribus
1585 3587 1653 3647 pre·

413 3669 496 3739 latis,
524 3673 557 3730 et
585 3666 760 3729 rectoribus
787 3688 824 3729 ac
852 3668 986 3741 vicariis,
1027 3689 1064 3729 ac
1095 3668 1194 3730 eciam
1227 3668 1398 3749 capellanis
1421 3671 1655 3750 parochialibus

412 3780 517 3837 vestre
545 3774 688 3846 diocesis,
713 3774 807 3853 plena
834 3778 867 3834 et
895 3793 1046 3854 expresse
1065 3778 1209 3854 potestas
1237 3775 1447 3836 denunciandi
1476 3776 1602 3855 publice
1621 3784 1655 3838 et

412 3880 602 3941 nominatim
627 3900 699 3941 cum
722 3879 809 3940 dicta
832 3879 1068 3960 sollempuitate
1096 3880 1314 3941 malefactores
1338 3880 1507 3960 predictos,
1533 3881 1654 3943 scilicet

412 3992 617 4067 occupatores
640 3992 673 4047 et
693 3985 855 4047 invasores
876 3986 1030 4047 bonorum
1050 3986 1344 4059 ecclesiasticorum,
1370 3986 1398 4047 si
1418 3988 1472 4067 qui
1492 3986 1526 4047 in
1545 3988 1652 4069 hujus·

413 4093 499 4154 modi
518 4093 712 4172 prelatorum
736 4092 823 4164 locis,
852 4097 908 4153 aut
938 4098 1096 4155 rectorum
1128 4112 1186 4155 seu
1215 4093 1403 4154 vicariorum
1431 4095 1590 4173 parochiis
1620 4095 1652 4155 in

413 4198 519 4260 tuturo
552 4198 635 4259 bona
669 4198 852 4276 hujusmodi
884 4197 1068 4269 invaserint,
1107 4198 1340 4278 occupaverint,
1374 4206 1430 4260 eut
1468 4202 1652 4275 amoverint,

413 4324 470 4365 seu
490 4304 537 4365 sic
557 4304 672 4376 invadi,
693 4303 849 4383 occupari,
879 4308 934 4364 aut
961 4304 1101 4366 amoveri
1128 4303 1270 4375 fecerint,
1292 4303 1324 4363 in
1346 4304 1470 4365 notoria
1491 4306 1653 4369 evidencia

412 4410 514 4489 ipsius
554 4408 700 4470 maleficii
735 4409 864 4488 majoris
901 4409 1240 4470 excommunicacionis
1268 4410 1431 4470 sentencia
1474 4410 1651 4475 innodatos.

412 4516 544 4577 Proviso
571 4520 680 4577 tamen
706 4515 791 4595 quod
818 4535 883 4576 non
918 4514 981 4575 nisi
1010 4514 1177 4576 malefacto
1214 4514 1339 4577 notorio
1366 4520 1399 4577 et
1436 4516 1584 4589 evidenti,
1615 4539 1653 4581 ac

414 4623 514 4685 eciam
545 4623 604 4683 sub
631 4622 815 4683 testimonio
842 4622 1011 4683 sufficienti
1038 4641 1095 4702 per
1122 4622 1249 4683 eosdem
1277 4627 1424 4695 rectores,
1448 4622 1592 4697 vicarios,
1619 4632 1653 4687 et

413 4720 605 4801 presbiteros
639 4720 746 4781 taliter
768 4720 966 4799 procedatur.
1019 4720 1066 4783 Ut
1093 4718 1223 4799 insuper
1257 4718 1426 4781 cumulatis
1468 4720 1508 4781 ed
1544 4742 1652 4802 supra-

415 4818 500 4879 dicta
520 4818 651 4879 cautelis
672 4817 809 4898 amplius
829 4822 974 4878 arceatur
991 4837 1028 4878 ac
1046 4816 1236 4896 reprimatur
1253 4834 1472 4896 perversorum
1491 4818 1653 4899 iniquitas,

415 4916 449 4977 in
479 4916 661 4996 hujusmodi
691 4915 930 4976 malefactorum
960 4913 1159 4985 nominatim,
1187 4918 1224 4974 ut
1253 4914 1459 4993 pretaugitur,
1484 4900 1652 4981 denuncia-

261 5042 372 5089 mum,
414 5020 518 5076 torum
545 5012 709 5092 presencia
728 5018 869 5073 cessetur
896 5011 1028 5073 ubilibet
1058 5032 1078 5071 a
1106 5009 1320 5072 celebracione
1348 5010 1526 5083 missarum,
1552 5020 1587 5075 et
1606 5015 1652 5077 aie

412 5110 675 5173 excommunicati
695 5129 754 5190 per
773 5109 915 5189 singulos
933 5108 1001 5171 dies
1022 5107 1198 5169 dominicos
1216 5112 1251 5168 et
1271 5106 1402 5169 festivos
1421 5107 1654 5174 denunciantur

413 697 477 757 ’290
791 697 971 776 Regianum
998 698 1064 759 Aea
1091 698 1128 759 de
1158 698 1282 759 Orletca
