3850 5917
404 678 466 739 206
777 679 959 757 Recistrum
985 680 1051 740 ada
1077 680 1114 742 de
1144 680 1266 742 Orlaton

236 910 294 951 M)-
309 910 365 949 ¹³²¹·
406 903 500 980 justis
536 908 569 964 et
592 904 776 982 urgentibus
804 904 1046 966 necessitatibus
1082 906 1297 985 multipliciter
1333 906 1484 987 impediti,
1512 927 1638 968 venera·

407 1005 502 1066 bilem
528 1006 641 1078 virum,
670 1007 855 1086 magistrum
883 1007 919 1067 A.
949 1007 1184 1086 Murymouthe,
1209 1008 1288 1088 juris
1309 1009 1409 1070 civilis
1431 1009 1639 1089 professorem

406 1116 439 1173 et
470 1112 655 1173 canonicum
690 1118 798 1174 nostre
833 1113 965 1174 ecclesie
997 1113 1246 1184 Herelordensis,
1283 1135 1319 1174 ac
1350 1115 1499 1176 dilectum
1530 1115 1638 1188 filium,

405 1216 568 1277 dominum
604 1217 641 1276 R.
677 1217 717 1278 de
751 1217 943 1296 Brayntone,
982 1217 1146 1278 Rectorem
1183 1219 1312 1280 ecclesie
1347 1219 1385 1280 de
1420 1220 1496 1290 ska,
1533 1225 1640 1282 nostre

405 1322 548 1393 diocesis,
576 1328 609 1383 et
637 1342 746 1383 eorum
777 1323 920 1393 alterum,
952 1323 992 1384 ad
1025 1329 1165 1384 nostram
1203 1325 1381 1386 absenciam
1418 1327 1637 1396 excusandam,

405 1433 532 1490 nostros
552 1433 655 1489 certos
682 1428 815 1488 nuncios
836 1429 876 1489 ad
897 1434 1037 1489 vestram
1058 1429 1267 1491 venerabilem
1288 1431 1482 1510 presenciam
1503 1431 1638 1492 destina·

405 1553 486 1604 mus,
521 1554 558 1594 ac
592 1534 670 1614 ipsis
709 1539 741 1595 et
776 1553 883 1594 eorum
923 1534 1014 1595 alteri
1048 1535 1132 1596 vices
1166 1541 1290 1597 nostras
1324 1537 1561 1609 committimus,
1600 1537 1639 1597 ad

403 1640 602 1700 tractandum
632 1659 726 1718 super
757 1640 928 1719 propositis
955 1640 989 1700 in
1025 1642 1109 1702 dicto
1141 1642 1272 1702 concilio
1308 1649 1342 1703 et
1376 1643 1638 1704 consenciendum

403 1745 466 1805 hiis
486 1765 547 1825 que
568 1746 607 1805 ad
619 1745 752 1822 *laudem
773 1747 843 1818 Dei,
863 1747 994 1808 ecclesie
1014 1748 1283 1828 tranquillitatem,
1305 1756 1337 1810 et
1358 1750 1444 1830 regni
1463 1770 1583 1829 paoem,
1603 1771 1639 1810 ac

403 1851 502 1911 totius
522 1841 567 1911 rei
588 1851 712 1930 publice
733 1853 903 1913 utilitatem
924 1854 958 1913 in
979 1855 1101 1933 prelato
1129 1856 1261 1917 concilio
1281 1857 1424 1917 ordinata
1446 1857 1563 1918 luerint
1584 1877 1639 1918 seu

405 1960 534 2015 statuta.
578 1955 696 2015 Datum
719 1957 802 2035 apud
824 1957 997 2037 Boeebury,
1020 1959 1068 2037 iij0
1093 1959 1162 2020 Kal.
1185 1961 1377 2031 Decembris,
1403 1981 1486 2021 anno
1510 1960 1639 2021 Domini

405 2059 604 2139 Mecccenj.

408 2314 485 2374 Nou.
508 2315 775 2393 29.-Gcrtrficctc
797 2318 833 2396 os
854 2317 903 2377 the
926 2317 1046 2398 Biahop
1072 2319 1138 2379 thot
1164 2319 1198 2380 he
1224 2319 1278 2380 lios
1301 2319 1376 2398 duty
1396 2321 1568 2400 performed
1592 2320 1640 2380 tha

530 2394 747 2475 Archbishop'a
773 2398 927 2468 umrrdate,
955 2399 1019 2458 and
1044 2400 1123 2459 cited
1152 2400 1200 2460 tha
1230 2401 1337 2478 curcy
1365 2402 1400 2479 of
1432 2401 1480 2461 bia
1515 2401 1640 2462 Diocase

531 2483 561 2536 to
585 2476 659 2537 carrd
682 2479 931 2556 representatioca
957 2485 987 2540 to
1013 2479 1061 2540 the
1086 2481 1266 2541 Prooirzciol
1291 2481 1420 2541 Couacil
1443 2502 1482 2541 ou
1510 2483 1580 2542 Dec.
1610 2485 1638 2540 1.

488 2645 791 2707 Gnssmcsrommr
823 2665 948 2706 russum
979 2665 1104 2708 nummo
1136 2647 1396 2708 Aacmsmscoro
1428 2667 1532 2708 suasa
1553 2666 1637 2708 orra-

405 2769 503 2812 croun
542 2769 639 2812 onnar
680 2770 828 2812 nrocnsrs
874 2753 1153 2813 Hnansonnsusrs
1188 2771 1248 2813 sao
1283 2771 1448 2813 caussam
1489 2771 1639 2814 coucrmo

406 2859 587 2921 Losnouns
605 2861 1027 2922 convocare-Reverendo
1049 2861 1130 2941 patri
1147 2861 1178 2919 in
1202 2860 1336 2932 Christo,
1358 2868 1427 2930 etc,
1447 2861 1555 2931 Adam,
1578 2867 1637 2922 etc.

405 2964 593 3025 Mandatum
622 2966 808 3027 venerabilis
835 2967 927 3046 patri,
956 2967 1076 3028 domini
1112 2967 1153 3038 S,
1180 2967 1239 3028 Dei
1278 2968 1381 3047 gracia
1410 2967 1640 3028 Londoniensis

404 3071 564 3151 Episcopi,
595 3072 640 3150 xj⁰
669 3072 738 3131 Kal.
768 3072 952 3134 Decembris
979 3074 1012 3132 in
1048 3073 1230 3151 crepusculo
1258 3073 1432 3152 recepimus
1461 3073 1579 3134 tenoris
1607 3077 1639 3132 et

405 3177 568 3237 contencie
582 3176 1015 3256 infrascriptez-Venerabili
1030 3177 1061 3236 in
1077 3177 1204 3238 Christo
1222 3177 1313 3256 patri,
1332 3178 1459 3237 domino
1479 3177 1553 3247 Ade,
1568 3181 1637 3248 eto..

406 3281 586 3360 Stephanus
612 3282 755 3359 ejusdem
792 3283 999 3361 permissione
1027 3282 1204 3361 Episcopus
1236 3281 1474 3352 Londoniensis,
1505 3281 1638 3342 salutem

404 3394 437 3448 et
457 3388 578 3448 sincere
599 3387 779 3448 dileccionis
796 3388 981 3448 continuum
1002 3387 1239 3448 incrementum.
1283 3387 1419 3448 Litteras
1438 3393 1470 3447 et
1492 3387 1640 3447 mandata

406 3493 567 3554 reverendi
595 3493 627 3551 in
667 3492 793 3554 Christo
828 3493 927 3572 patris
954 3498 987 3554 et
1021 3493 1149 3563 domini,
1185 3493 1303 3553 domini
1339 3493 1399 3562 W,
1438 3493 1498 3554 Dei
1536 3493 1639 3572 gracia

407 3597 643 3658 cantuariensis
669 3597 912 3677 Archiepiscopi,
941 3603 1011 3668 ete,
1043 3598 1131 3676 xviij⁰
1160 3598 1229 3657 Kal.
1259 3597 1441 3658 Decembris
1464 3598 1640 3676 recepimus

406 3703 439 3763 in
463 3704 522 3764 heo
546 3703 641 3764 verba
654 3704 872 3774 :—Walterus,
901 3710 971 3774 etc,
999 3703 1169 3764 venerabili
1193 3703 1290 3773 fratri,
1315 3701 1442 3763 domino
1469 3702 1637 3781 Stephano,

404 3817 474 3880 etc,
499 3809 633 3870 salutem
654 3815 686 3870 et
706 3809 877 3870 fraternam
897 3809 929 3868 in
952 3810 1089 3870 Domino
1111 3809 1282 3870 caritatem.
1340 3807 1412 3868 Non
1434 3807 1501 3868 sine
1527 3827 1639 3887 magne

407 3915 627 3978 sollicitudinis
656 3917 760 3976 studio
787 3917 931 3977 dedimus
959 3916 1112 3976 hactenus
1144 3934 1281 3993 operam,
1311 3919 1343 3974 et
1371 3913 1472 3974 adhuc
1507 3913 1640 3974 libenter

407 4021 618 4101 impendimus
640 4041 772 4100 operosa
792 4021 1016 4101 prosecucione
1035 4020 1165 4090 labores,
1186 4025 1221 4079 ut
1237 4019 1275 4080 de
1296 4019 1522 4097 multiplicibus
1544 4019 1641 4098 hujus

406 4128 494 4207 regni
518 4127 762 4197 turbacionibus,
785 4147 864 4208 quas
891 4147 947 4206 per
975 4127 1079 4206 aliqua
1110 4131 1252 4204 tempora
1280 4125 1478 4203 dispendiose
1500 4125 1637 4203 pertulit,

407 4234 447 4293 ad
468 4233 555 4312 pacis
579 4232 692 4311 gaudia
714 4233 798 4294 idem
819 4253 950 4312 regnum
972 4234 1079 4294 redeat
1101 4237 1133 4293 et
1155 4231 1278 4311 quietis.
1321 4230 1402 4292 Cum
1424 4231 1509 4291 enim
1532 4236 1639 4292 mente

404 4339 595 4402 revolvimus
615 4345 734 4419 quanta
754 4341 893 4419 pericula
912 4340 1043 4402 ecclesie
1064 4339 1243 4418 Anglicane,
1261 4337 1336 4399 viris
1357 4337 1584 4408 ecclesiasticis,
1606 4343 1639 4398 et

272 4501 303 4529 ο,
343 4517 350 4527 ,
408 4447 521 4509 ceteris
548 4447 635 4526 regni
671 4447 782 4507 incolis
809 4447 842 4506 in
866 4452 1016 4526 promptu
1035 4467 1069 4507 se
1097 4446 1234 4506 offerunt
1257 4444 1317 4505 hiis
1349 4443 1457 4504 diebus
1490 4443 1639 4522 prolecto,

405 4559 497 4614 tanto
516 4553 650 4632 memori
669 4553 884 4614 commocione
902 4553 1101 4613 concutimur
1121 4557 1239 4631 quanto
1270 4569 1400 4629 regnum
1422 4549 1534 4628 ipsum,
1556 4549 1639 4628 quod

407 4659 522 4719 abolim
546 4658 633 4736 pacis
653 4659 863 4737 pulcritudine
884 4658 1019 4737 gaudere
1040 4661 1253 4726 consueverat,
1275 4653 1391 4715 nostris
1408 4653 1473 4732 jam
1493 4653 1638 4732 tempori-

407 4765 466 4824 bus
494 4783 673 4842 guerrarum
703 4764 841 4824 dissidiis
875 4764 1053 4842 expositum
1081 4761 1222 4824 intestini
1251 4759 1323 4820 belli
1354 4757 1533 4819 discrimine
1564 4778 1639 4818 nau·

407 4869 520 4949 fragori
546 4869 806 4947 pertimescimus,
828 4871 890 4931 nisi
910 4869 1017 4930 divina
1038 4867 1211 4948 opitulante
1232 4864 1402 4926 clemencia
1421 4863 1482 4924 hiis
1504 4863 1642 4942 presidio

407 4981 573 5036 occuratur
603 4974 745 5036 celeriter
776 4982 940 5055 oportuno.
993 4976 1040 5037 Ut
1067 4981 1173 5035 autem
1207 4972 1383 5033 animarum
1411 4991 1447 5032 ac
1475 4991 1639 5050 corporum

410 5087 505 5161 atque
538 5101 642 5142 rerum
680 5081 919 5144 imminentibus
957 5081 1131 5161 dispendiis
1172 5079 1322 5148 obvietur,
1364 5083 1396 5138 et
1431 5077 1516 5155 pacis
1555 5083 1640 5137 tran·
