3850 5917
691 689 844 769 Episcopi
869 689 1114 768 Horefordeasis.
1464 693 1524 753 149

128 912 176 952 an.
190 912 244 954 ¹⁸²⁰·
284 910 468 971 cedendum.
532 911 572 971 In
613 913 704 991 cujus
745 912 790 973 rei
833 913 1052 974 testimonium
1093 921 1257 994 presentes
1302 914 1424 976 litteras
1465 936 1523 995 per

280 1015 516 1095 infrascriptum
558 1017 717 1077 notarium
759 1017 852 1078 scribi
889 1019 1118 1091 mandavimus,
1155 1024 1187 1080 et
1226 1020 1259 1079 in
1300 1021 1383 1080 hanc
1420 1021 1521 1101 publi-

280 1142 349 1182 cam
384 1122 519 1183 formam
540 1124 648 1203 redigi,
678 1129 710 1184 et
738 1124 839 1184 nostri
862 1125 954 1204 sigilli
987 1125 1163 1186 munimine
1199 1126 1347 1187 roborari.
1401 1128 1522 1188 Datum

278 1228 361 1307 apud
397 1228 571 1308 Bosebury,
605 1230 744 1290 secunda
774 1230 825 1290 die
863 1230 982 1292 mensis
1020 1231 1222 1310 Septembris,
1260 1253 1344 1294 anno
1386 1234 1516 1294 Domini

279 1332 468 1404 Moccuc,
490 1338 549 1394 etc.
605 1333 650 1393 Et
670 1353 728 1413 ego
755 1333 909 1394 Ricardus
933 1335 972 1395 de
994 1335 1159 1409 Estenore,
1185 1337 1316 1398 clericus
1345 1338 1516 1400 Hereford·

279 1438 364 1499 ensis
384 1438 527 1510 diocesis,
547 1438 691 1518 publicus
714 1440 886 1518 apostolica
906 1441 1094 1512 auctoritaie
1113 1442 1263 1513 notarius,
1284 1443 1521 1517 examinacioni,

279 1545 485 1615 concessioni,
506 1545 676 1625 juramenti
698 1547 874 1626 recepcioui
894 1548 1054 1626 predictis,
1079 1568 1215 1608 unacum
1240 1548 1368 1610 domino
1390 1550 1458 1610 Ada
1481 1551 1520 1612 de

279 1649 478 1727 Aylinetone,
507 1650 642 1710 Rectore
669 1650 800 1711 ecclesie
824 1651 863 1712 de
888 1651 1079 1723 Mordeford,
1108 1652 1351 1715 Hersfordensis
1376 1655 1519 1727 diocesis,

280 1755 454 1835 Regiualdo
476 1757 515 1816 de
538 1755 742 1828 Munselowe,
768 1756 889 1828 clerico,
914 1757 1039 1818 notario
1063 1757 1197 1837 publico,
1219 1762 1252 1819 et
1274 1759 1414 1820 Henrico
1434 1760 1521 1821 dioto

280 1860 393 1922 clerico
423 1862 462 1922 de
494 1861 677 1932 Hereiorde,
709 1862 844 1922 testibus
874 1863 914 1922 ad
944 1862 1099 1941 premissa
1130 1865 1251 1925 vocatis
1280 1865 1465 1950 specialiter
1488 1871 1522 1927 et

279 1968 407 2048 rogatis,
442 1989 573 2048 presens
608 1969 745 2040 interlui,
780 1970 983 2049 predictaque
1018 1970 1101 2030 sicut
1134 1971 1329 2050 premittitur
1356 1972 1420 2033 vidi
1452 1971 1521 2033 fieri

277 2080 311 2135 et
331 2075 448 2146 audivi,
469 2079 501 2135 et
522 2096 559 2136 ea
580 2075 619 2135 de
640 2076 789 2136 mandato
813 2075 890 2136 dicti
910 2075 1011 2155 patris
1035 2076 1068 2135 in
1093 2075 1176 2136 hauc
1200 2076 1358 2156 publicam
1383 2077 1518 2138 formam

277 2181 393 2261 redegi,
430 2182 582 2261 signoque
619 2202 690 2242 meo
725 2187 878 2243 consueto
912 2182 1034 2261 signavi
1068 2187 1196 2261 rogatus
1231 2183 1264 2242 in
1299 2183 1519 2244 testimonium

278 2288 515 2367 premissorum.
585 2289 705 2348 Datum
743 2287 821 2360 loco,
860 2288 920 2358 die,
959 2292 992 2349 et
1030 2309 1114 2349 anno
1152 2289 1282 2350 Domini
1320 2291 1519 2369 supradictis,

278 2392 455 2453 indiccione
497 2393 602 2464 tercia,
645 2393 853 2454 Pontificatus
891 2393 1084 2453 sanctissimi
1121 2393 1221 2472 patris
1260 2394 1388 2454 Domini
1432 2395 1519 2474 Pape

278 2499 412 2578 predicti
440 2519 525 2559 anno
552 2499 673 2579 quinto.

280 2742 344 2802 Oct.
373 2742 569 2820 17.—Ropoi
595 2742 688 2821 Bricf
718 2742 906 2820 instructiore
935 2742 984 2802 tho
1014 2742 1134 2822 Shcrrff
1157 2744 1193 2822 of
1223 2743 1459 2823 Heretordshira
1488 2752 1517 2805 to

403 2823 472 2883 tolca
497 2823 620 2914 pledpes
638 2825 731 2963 [rom
757 2823 806 2883 tho
836 2823 956 2902 Bisbop
985 2823 1053 2883 thol
1082 2823 1117 2885 ho
1144 2823 1211 2884 will
1234 2824 1327 2916 ‘brirtp
1356 2825 1453 2904 Hoplr
1480 2826 1518 2886 do

401 2905 601 2974 Leommstcr,
658 2923 686 2964 cs
721 2903 811 2974 cleric,
848 2911 877 2964 to
911 2924 1030 2964 onswor
1061 2911 1090 2964 to
1124 2925 1145 2965 o
1175 2905 1270 2965 cloaca
1300 2906 1336 2984 os
1367 2905 1516 2978 Edward,

402 2985 484 3044 Eorl
510 2986 545 3064 of
571 2985 703 3056 Closter,
725 2986 780 3064 sor
807 2988 878 3046 589
906 2989 949 3045 9s.
982 2985 1029 3045 7d.

359 3140 476 3199 Banvu
498 3158 669 3200 manorum
683 3141 883 3201 V1cncou1r1
904 3141 1167 3202 Hasnuonouusr
1192 3159 1318 3203 scursa
1340 3142 1514 3203 Huoounu

275 3267 322 3308 nu
344 3247 681 3308 Lnomusrnu-Rex
703 3247 887 3307 Vicecomiti
915 3246 1140 3308 Herefordensi
1161 3248 1305 3309 salutem.
1354 3250 1441 3310 Pone
1461 3269 1520 3329 per

276 3354 405 3415 vodium
438 3359 470 3413 et
504 3353 608 3414 salvos
638 3353 758 3433 plegios
786 3353 896 3423 Adam,
929 3353 1124 3433 Episcopum
1160 3354 1436 3425 Hersfordensem,
1474 3355 1520 3414 ita

274 3460 361 3540 quod
388 3458 504 3519 habeat
532 3479 638 3519 coram
665 3459 855 3520 Justiciariis
877 3460 996 3520 nostris
1025 3461 1108 3540 apud
1140 3461 1458 3522 westmonasterium
1498 3481 1517 3520 a

277 3567 328 3627 die
356 3565 460 3626 sancti
487 3564 619 3624 Martini
647 3565 680 3623 in
708 3585 748 3625 xv
772 3565 839 3625 dies
864 3565 1035 3644 Hugonem
1061 3566 1100 3626 de
1125 3567 1345 3638 Leominstria,
1371 3567 1518 3645 clericum

275 3692 381 3742 suum,
406 3671 447 3731 ad
480 3671 735 3749 respondendum
760 3671 926 3742 Eduardo,
948 3672 1057 3732 comiti
1086 3672 1215 3743 Gestrie,
1232 3672 1270 3732 de
1292 3672 1409 3752 placito
1431 3674 1515 3752 quod

275 3779 389 3839 reddat
416 3778 445 3838 el
466 3783 578 3856 quater
598 3776 709 3856 viginti
737 3782 769 3838 et
793 3798 908 3839 novem
935 3778 1031 3838 libras
1053 3799 1166 3840 novem
1188 3779 1305 3839 solidos
1333 3784 1365 3839 et
1393 3784 1516 3858 septem

276 3884 433 3955 denarios,
461 3903 541 3963 quos
565 3882 594 3943 ei
619 3882 720 3953 debet,
745 3888 778 3943 et
802 3883 920 3962 injuste
948 3883 1078 3955 detinet,
1104 3888 1139 3944 ut
1168 3884 1262 3944 dicit:
1291 3889 1324 3945 et
1349 3884 1389 3944 ad
1413 3888 1517 3945 osten·

275 3990 416 4050 dendum
444 4008 540 4068 quare
564 4008 629 4048 non
653 3987 764 4048 habuit
798 4008 903 4049 coram
935 3989 1127 4050 Justiciariis
1146 3989 1264 4050 nostris
1294 3990 1378 4069 apud
1413 3989 1517 4064 West·

271 4094 504 4158 ‚monasterium
539 4093 572 4152 in
608 4093 737 4154 Octabis
771 4095 873 4154 sancti
916 4095 1082 4156 Michaelis
1116 4095 1294 4175 predictum
1336 4095 1516 4174 Hugonem,

275 4200 426 4261 clericum
454 4218 557 4269 suum,
585 4199 667 4259 sicut
695 4199 724 4260 ei
752 4200 937 4260 mandatum
966 4199 1035 4260 fuit.
1088 4201 1132 4260 Et
1167 4200 1283 4261 habeas
1312 4200 1354 4260 ibi
1386 4201 1516 4262 nomina

275 4305 451 4384 plegiorum
472 4309 505 4364 et
525 4304 585 4365 hoc
606 4303 709 4364 breve.
763 4303 857 4364 Teste
879 4303 929 4363 W.
951 4304 990 4365 de
1012 4304 1164 4365 Bereiord
1188 4305 1272 4384 apud
1297 4305 1515 4368 Westmonae·

276 4411 401 4481 terium,
431 4409 509 4489 xvij⁰
535 4409 586 4469 die
614 4409 768 4481 Octobris,
797 4429 881 4470 anno
909 4410 997 4493 ¹regni
1026 4411 1126 4471 nostri
1150 4411 1394 4490 quartodecimo.

278 4656 342 4718 Oct.
367 4655 578 4747 28.-[lioper
600 4653 637 4716 de
661 4655 864 4733 Mortioollis]
893 4655 1014 4734 Bisbop
1037 4655 1278 4796 Ἅιδαίίδέῃιη]Ἰ
1291 4656 1439 4718 instrcccts
1465 4657 1515 4748 the

401 4736 523 4814 Offlorol
541 4737 577 4815 os
598 4736 647 4796 the
671 4736 868 4797 Archdeoooo
887 4737 923 4815 os
943 4736 1041 4797 Barke
1079 4757 1109 4796 ro
1132 4744 1161 4797 to
1186 4757 1309 4816 loquare
1332 4757 1514 4818 commotae

399 4817 450 4878 tho
473 4817 589 4877 income
612 4818 648 4896 of
672 4816 722 4877 tiro
751 4817 875 4878 Choreb
902 4818 938 4897 os
960 4817 1123 4896 Shinfiold.

359 4973 542 5034 Gonurssro
573 4971 728 5032 Errscorr
763 4971 1034 5032 smssommsu
1070 4989 1219 5032 annosus
1257 4989 1441 5032 socorsum
1471 4991 1516 5033 ou

277 5078 797 5159 fiscamnensem—Episcopus
839 5077 1083 5140 sarisburiensis
1127 5077 1242 5139 dilecto
1286 5077 1360 5150 filio,
1406 5077 1515 5139 Archi-
