3850 5917
710 737 862 817 Episcopi
889 737 1132 817 He'resordsnsis.
1480 740 1540 801 217

107 968 176 1008 aa.
195 967 255 1006 ¹⁸¹⁹·
298 965 332 1021 st
356 961 486 1021 reddere
508 980 581 1022 cum
602 962 719 1023 effectu
740 961 820 1023 citra
839 962 957 1023 festum
979 963 1100 1023 Pascha
1121 962 1261 1042 proxime
1281 963 1345 1041 jam
1361 968 1541 1034 venturum,

298 1064 447 1144 quodque
485 1065 543 1125 hec
571 1065 678 1126 omnia
711 1065 926 1146 adimpleretis
953 1072 986 1127 et
1023 1065 1157 1127 fideliter
1191 1065 1398 1128 observaretis
1435 1087 1541 1128 coram

299 1169 392 1231 nobis
413 1171 574 1250 corporale
595 1177 838 1242 sacramentum,
868 1171 962 1232 tactis
984 1192 1041 1251 per
1061 1177 1092 1233 te
1117 1171 1236 1232 sanctis
1261 1173 1321 1233 Dei
1350 1172 1542 1252 Evangeliis,

299 1275 479 1354 prestitisti,
506 1283 600 1356 prout
627 1298 684 1357 per
708 1277 954 1339 instrumentum
977 1277 1137 1357 publicum
1166 1298 1261 1356 super
1282 1278 1341 1339 hoc
1363 1278 1540 1339 conlectum

299 1382 463 1444 evidenter
486 1383 604 1463 poterit
624 1404 784 1463 apparere,
814 1384 888 1464 quia
909 1404 983 1445 vero
1005 1405 1063 1445 nos
1084 1384 1275 1464 prebendam
1296 1384 1335 1445 de
1356 1385 1541 1466 Ynkeberge

298 1508 372 1548 cum
393 1489 540 1550 omnibus
562 1489 628 1550 suis
648 1489 770 1568 juribus
798 1494 831 1550 et
851 1490 1054 1569 pertinenciis
1076 1495 1241 1550 vacentem
1270 1490 1301 1548 in
1327 1490 1411 1551 dicta
1432 1496 1541 1552 nostra

298 1593 431 1655 ecclesia
446 1594 681 1667 Herelordensi,
703 1615 798 1676 quam
813 1601 849 1656 tu
871 1616 972 1674 nuper
992 1596 1109 1656 virtute
1130 1595 1213 1656 dicte
1233 1595 1336 1674 gracie
1359 1595 1540 1675 acceptasti,

299 1699 415 1760 dilecto
448 1699 522 1770 filio,
560 1701 711 1779 magistro
743 1701 780 1760 R.
819 1701 857 1761 de
892 1701 1053 1772 Vernoun,
1081 1701 1159 1780 juris
1188 1700 1329 1760 canonici
1362 1700 1541 1780 professori,

300 1804 418 1865 intuitu
450 1805 591 1866 caritatis
619 1805 820 1876 contulimus,
849 1812 882 1866 te
910 1806 1039 1876 sciente,
1072 1805 1207 1878 volente,
1242 1811 1274 1866 et
1310 1806 1541 1880 consenciente,

299 1917 331 1972 et
353 1909 557 1973 collacionem
586 1917 727 1972 nostram
751 1911 933 1991 hujusmodi
954 1911 1157 1991 approbante,
1178 1911 1280 1991 primo
1303 1911 1484 1973 ordinamus
1509 1917 1542 1973 et

300 2017 499 2096 disponimus
524 2018 608 2096 quod
636 2017 741 2096 ipsum
764 2016 950 2096 magistrum
973 2017 1010 2076 R.
1033 2017 1115 2077 circa
1147 2017 1263 2076 dictam
1285 2015 1474 2095 prebendam
1508 2017 1540 2076 in

297 2123 416 2202 judicio
443 2123 493 2184 vel
514 2128 603 2184 extra
625 2123 806 2184 nullatenus
830 2122 980 2184 molestes
1009 2142 1065 2183 seu
1093 2123 1192 2183 eciam
1214 2121 1379 2201 inquietes,
1395 2123 1451 2183 sed
1471 2144 1539 2202 per-

297 2231 408 2290 mittas
433 2229 624 2309 prebendam
647 2229 829 2309 hujusmodi
849 2228 978 2309 pacifice
997 2228 1166 2308 possidere.
1203 2227 1394 2288 Ordinamus
1412 2229 1541 2308 insuper

297 2342 330 2397 et
362 2335 560 2414 disponimus
590 2335 674 2415 quod
702 2340 738 2395 tu
765 2334 888 2396 litteras
923 2334 1111 2413 apostolicas
1147 2340 1179 2395 et
1208 2353 1373 2413 processus
1401 2334 1541 2413 prelatos

297 2443 377 2502 citra
408 2441 528 2501 dictum
557 2440 727 2501 terminum
750 2441 856 2500 tradas
877 2440 926 2500 vel
949 2440 1061 2501 reddas
1089 2439 1180 2501 nobis
1205 2439 1255 2500 vel
1278 2439 1410 2501 Officiali
1432 2446 1541 2501 nostro

296 2546 444 2625 quodque
458 2545 639 2624 hujusmodi
662 2545 767 2606 littere
790 2551 822 2606 et
843 2565 1010 2625 processus
1024 2545 1057 2605 in
1077 2550 1185 2606 nostra
1206 2565 1262 2606 seu
1282 2545 1357 2605 dicti
1381 2545 1540 2617 Officialis,

295 2656 353 2712 aut
382 2651 515 2730 alicujus
543 2651 672 2712 alterius
700 2651 754 2730 qui
779 2651 819 2712 ad
855 2652 916 2712 hoc
953 2670 1011 2730 per
1046 2671 1104 2712 nos
1140 2651 1190 2712 vel
1225 2651 1358 2712 alterum
1395 2657 1540 2712 nostrum

296 2757 417 2818 electus
437 2756 540 2828 fuerit,
566 2755 709 2817 custodia
736 2761 921 2818 remaneant
942 2776 1105 2837 quousque
1126 2777 1185 2818 nos
1207 2757 1246 2818 de
1267 2762 1299 2817 te
1320 2761 1352 2818 et
1376 2761 1463 2817 statu
1484 2761 1541 2818 tuo

300 2863 333 2921 in
355 2862 415 2923 bac
442 2867 532 2941 parte
558 2862 732 2923 secundum
761 2861 895 2922 formam
922 2861 1142 2923 submissionis
1164 2868 1218 2922 tue
1242 2862 1381 2942 predicte
1409 2862 1542 2924 ulterius

298 2967 482 3029 duxerimus
518 2968 727 3028 ordinandum
767 2988 823 3030 seu
854 2967 954 3029 eciam
980 2967 1233 3047 disponendum;
1266 2968 1305 3028 ad
1337 2968 1419 3048 quod
1449 2967 1541 3029 nobis

298 3081 407 3135 tenore
427 3074 626 3154 presencium
651 3074 825 3135 ordinando
849 3080 881 3134 et
910 3073 1106 3153 disponendo
1134 3093 1330 3134 reservamus
1359 3073 1485 3153 plenam
1506 3078 1539 3135 et

298 3181 429 3243 liberam
458 3185 669 3260 potestatem,
700 3180 901 3259 injungentes
926 3178 984 3239 tibi
1014 3179 1046 3238 in
1076 3179 1193 3240 virtute
1217 3179 1386 3258 juramenti
1414 3179 1539 3258 prestiti

299 3285 383 3365 quod
408 3290 443 3345 tu
471 3285 654 3362 hujusmodi
682 3284 916 3345 ordinacionem
954 3303 1011 3344 seu
1040 3281 1311 3362 dispensacionem
1335 3289 1476 3344 nostram
1504 3285 1537 3342 in

298 3391 447 3452 omnibus
469 3396 502 3452 et
523 3391 655 3470 siugulis
683 3390 818 3451 fideliter
844 3389 1001 3461 observes,
1026 3395 1058 3450 et
1080 3389 1112 3448 in
1141 3389 1227 3450 nullo
1255 3389 1350 3451 verbo
1378 3390 1428 3451 vel
1455 3389 1540 3451 lacto

299 3496 519 3557 contravenias
547 3495 762 3576 quovismodo.
818 3493 858 3554 In
886 3514 1021 3574 quorum
1055 3493 1197 3554 omnium
1226 3495 1452 3566 testimonium,
1478 3500 1537 3556 etc.

299 3603 419 3664 Datum
442 3601 625 3672 Londoniis,
647 3611 699 3662 xv⁰
720 3601 771 3662 die
792 3600 963 3672 Februarii,
986 3620 1069 3662 anno
1093 3597 1223 3660 Domini
1248 3599 1482 3678 M0ccc0xviij0.

299 3885 382 3945 Mar.
411 3883 567 3944 29.-Thr
596 3883 715 3962 Bisbop
743 3903 888 3962 approbes
917 3883 953 3963 os
983 3903 1025 3942 aa
1052 3881 1202 3960 ccchcnpc
1231 3881 1358 3942 between
1384 3881 1536 3952 Richard,

420 3965 519 4026 called
542 3965 591 4025 thr
614 3964 713 4034 Glcrk,
740 3964 832 4024 Vicar
851 3965 887 4042 os
911 3963 1038 4033 Lintea,
1061 3963 1124 4023 aad
1149 3962 1246 4041 Huqb
1266 3961 1302 4022 dc
1322 3961 1535 4040 Monuinqlou,

421 4046 533 4106 Rector
554 4047 589 4126 os
613 4045 744 4106 Morcus.
801 4045 1002 4105 Irutitutions
1027 4044 1062 4124 os
1087 4043 1135 4104 rte
1164 4042 1213 4104 the
1240 4063 1331 4114 scow,
1360 4043 1423 4102 aad
1451 4063 1536 4104 oraro

421 4127 507 4187 dates
537 4133 565 4187 to
594 4125 711 4186 induet.

381 4311 521 4371 Vrcsrua
556 4327 599 4368 na
635 4308 1086 4368 Lrsrosa.-Memorandum
1111 4308 1195 4388 quod
1224 4307 1307 4366 xxix⁰
1337 4307 1387 4367 die
1419 4306 1537 4368 mensis

300 4417 423 4489 Marcii,
442 4434 525 4477 anno
545 4415 675 4476 Domini
694 4415 916 4486 trucensis,
947 4416 1031 4494 apud
1051 4415 1215 4494 Bosebury
1244 4413 1371 4474 admisit
1390 4413 1537 4474 dominus

302 4524 472 4603 Hugoncm
509 4523 548 4583 de
576 4523 761 4600 Monytone,
799 4521 1018 4601 presbiterum,
1054 4521 1093 4581 ad
1128 4519 1276 4581 vicariam
1311 4519 1349 4579 de
1381 4519 1535 4597 Lyntone,

302 4627 545 4690 Herelordensis
583 4626 725 4697 diocesis,
768 4647 825 4706 Per
861 4626 1107 4705 resignacionem
1153 4624 1278 4684 Ricardi
1313 4622 1388 4683 dicti
1423 4622 1536 4693 clerici,

301 4733 405 4794 ultimi
440 4731 547 4792 vicarii
579 4733 730 4812 ejusdem,
766 4751 804 4792 ex
840 4751 935 4791 causa
962 4729 1207 4810 permutacionis
1245 4729 1328 4790 dicte
1356 4729 1469 4790 vicarie
1505 4734 1537 4789 et

301 4837 432 4900 ecclesie
451 4837 491 4899 de
512 4837 653 4909 Mockas,
675 4836 757 4897 dicte
778 4836 921 4907 diocesis,
942 4836 1026 4895 inter
1046 4835 1215 4914 Hugonem
1236 4835 1421 4914 predictum,
1437 4853 1538 4913 nuper

301 4943 432 5005 ecclesie
455 4941 576 5022 prefate
612 4941 788 5013 Rectorem,
825 4947 857 5002 et
891 4941 1011 5001 dictum
1040 4940 1218 5010 Ricardum,
1247 4939 1433 5000 auctoritate
1471 4938 1535 4998 dio-

301 5049 407 5111 cesani
431 5053 543 5108 mutuo
571 5046 662 5117 facte,
686 5052 852 5108 vacantem
879 5047 919 5108 ad
946 5046 1216 5126 presentacionem
1242 5045 1347 5106 fratris
1375 5045 1536 5106 Guillelmi

302 5157 341 5217 de
370 5154 558 5235 Sequennia,
586 5153 797 5233 procuratoris
825 5153 1038 5232 religiosorum
1067 5153 1214 5224 virorum,
1244 5151 1373 5213 Abbatis
1394 5156 1426 5212 et
1454 5151 1534 5212 Con-
