3850 5917
702 702 852 784 Episcopi
878 704 1121 785 Heresorderreis.
1466 708 1527 770 355

94 932 238 975 A·1³·¹³²⁸·
295 924 416 1005 quinto,
431 930 490 987 etc.
526 926 633 1006 Hujus
654 926 749 1006 igitur
769 928 955 989 auctoritate
974 928 1125 1001 mandati,
1146 930 1197 991 die
1218 930 1366 991 Mercurii
1384 932 1526 1011 proximo

293 1036 367 1111 post
396 1031 512 1093 festum
545 1032 646 1094 sancti
675 1032 977 1114 Mathiedpoetoli,
1007 1055 1091 1096 anno
1122 1036 1251 1096 Domini
1282 1038 1470 1117 supradicto,
1493 1038 1525 1098 in

298 1138 430 1201 ecclesia
450 1138 489 1201 de
510 1138 665 1219 Oleobury
697 1140 880 1213 Mortumer,
902 1160 959 1221 per
978 1145 1116 1203 rectores
1143 1146 1175 1201 et
1195 1142 1327 1204 vicarios
1355 1143 1526 1205 decanatus

295 1245 335 1305 de
359 1244 532 1306 Bureiorde
553 1264 647 1325 super
677 1245 843 1307 vaoaoione
864 1245 1023 1325 porcionis
1045 1246 1194 1326 predicte,
1223 1252 1256 1307 et
1287 1246 1356 1308 aliis
1386 1248 1526 1309 articulis

295 1348 328 1409 in
352 1349 437 1410 dicto
458 1350 606 1411 mandato
631 1354 736 1411 vestro
756 1350 923 1423 contentis,
945 1350 1183 1431 inquisicionem
1211 1353 1270 1413 ieci
1291 1353 1324 1412 in
1344 1353 1438 1434 pleno
1465 1354 1525 1416 loci

295 1454 481 1517 consistorio
502 1455 692 1535 diligentem.
735 1455 804 1531 Quo
824 1455 900 1517 dicit
921 1457 1005 1537 quod
1026 1457 1064 1518 de
1083 1457 1249 1519 vocacione
1267 1458 1350 1520 dicte
1369 1459 1527 1539 porcionis

294 1559 396 1621 eidem
430 1560 629 1640 inquisicioni
659 1580 723 1621 non
755 1564 880 1623 constat
911 1561 1095 1642 aliqualiter,
1126 1566 1163 1623 ut
1191 1562 1284 1634 dicit;
1312 1563 1388 1624 dicit
1419 1568 1526 1625 tamen

294 1665 380 1744 quod
400 1665 546 1727 dominus
578 1666 737 1727 Geliridus
765 1667 804 1728 de
836 1666 1002 1739 Oornubia,
1038 1667 1137 1741 miles,
1172 1674 1221 1730 est
1251 1689 1344 1731 verus
1373 1675 1526 1750 patronus

294 1770 438 1848 ejusdem
465 1770 622 1851 porcionis
647 1777 679 1833 et
705 1772 818 1834 ultimo
845 1774 1039 1853 presentavit
1063 1773 1103 1834 ad
1127 1774 1275 1845 eandem,
1303 1794 1367 1836 non
1391 1780 1440 1836 est
1464 1775 1525 1836 liti·

294 1876 383 1955 giosa
406 1896 508 1957 neque
532 1876 739 1956 pensionaria,
764 1883 942 1940 attexatur
966 1880 1007 1940 ad
1030 1885 1101 1942 octo
1121 1899 1260 1952 marcas;
1286 1880 1324 1941 de
1345 1881 1466 1942 meritis
1493 1886 1526 1942 et

294 1981 456 2043 ordinibus
483 1982 656 2062 presentati
688 1989 720 2045 et
748 2005 789 2045 an
823 1984 896 2045 alibi
927 1986 970 2046 sit
1000 1984 1204 2047 beneficiatus
1237 1985 1360 2065 ignorat
1386 1986 1524 2047 omnino.

294 2086 339 2147 Et
367 2087 412 2148 sic
433 2088 618 2149 mandatum
646 2094 786 2150 vestrum
814 2110 885 2151 sum
912 2096 1091 2152 reverenter
1120 2091 1153 2150 in
1184 2091 1330 2153 omnibus
1364 2097 1524 2172 exequtus.

297 2193 416 2253 Datum
441 2193 525 2273 apud
554 2193 709 2273 Cleobury
740 2194 924 2267 Mortumer,
952 2196 1003 2257 die
1030 2196 1179 2257 Mercurii
1206 2202 1238 2257 et
1276 2218 1359 2258 anno
1398 2197 1526 2258 Domini

293 2297 490 2377 supradictis.

293 2528 376 2589 Mor.
404 2528 562 2590 6.-Peter
583 2528 619 2589 de
641 2528 798 2607 Belqrcve,
820 2530 902 2591 since
926 2530 975 2591 the
996 2530 1115 2611 Bislwp
1135 2531 1202 2592 will
1222 2540 1275 2593 not
1297 2531 1439 2593 institute
1461 2532 1527 2593 him

419 2616 448 2669 to
470 2609 519 2670 the
539 2610 707 2689 preberrdal
726 2610 852 2690 portion
875 2610 910 2671 ire
935 2611 984 2671 the
1009 2611 1132 2673 Oburclr
1155 2612 1190 2692 os
1210 2613 1348 2692 Bcrford
1372 2620 1401 2673 to
1424 2613 1527 2674 wbrbb

419 2689 454 2750 he
477 2690 531 2751 hes
554 2690 624 2750 been
640 2690 800 2770 presented
822 2692 859 2769 hp
881 2691 930 2752 the
945 2698 1069 2771 petron,
1092 2692 1147 2753 lice
1162 2694 1308 2784 appeeled
1323 2701 1352 2754 to
1367 2693 1416 2754 the
1432 2694 1526 2755 Goert

417 2771 452 2849 os
473 2771 672 2849 Carterberp.
725 2771 787 2832 The
810 2772 977 2851 Offieiclos
995 2772 1043 2833 the
1066 2774 1160 2834 Ocuri
1176 2781 1323 2835 amirario
1339 2774 1387 2834 the
1407 2774 1527 2854 Birlrop

418 2858 447 2911 to
468 2852 527 2912 cite
550 2850 679 2912 Thorius
705 2852 741 2913 de
768 2852 1008 2923 Gheddewortlre
1033 2853 1100 2914 who
1125 2854 1211 2914 holds
1236 2854 1285 2915 the
1304 2857 1431 2933 portion
1453 2857 1524 2934 (art

419 2931 567 3011 lewfellp,
589 2952 623 2993 es
644 2932 692 2993 the
712 2933 870 3013 appellant
890 2933 1023 3014 allapsa),
1039 2941 1068 2995 to
1089 2955 1204 3014 appear
1224 2934 1320 3014 before
1342 2935 1391 2996 the
1413 2936 1516 2996 Ocuri.

375 3099 568 3159 Maunsruu
583 3098 688 3160 Ocnrn
704 3098 964 3160 Ouaruasrurvsrs
979 3117 1040 3160 rao
1059 3118 1267 3161 rnnsnararo
1283 3119 1326 3161 en
1340 3118 1525 3165 roscroanu

291 3224 327 3267 m
349 3222 506 3265 nccunsra
527 3224 571 3265 nn
596 3206 787 3277 Bunnroan
818 3223 994 3266 nnonrruu
1024 3223 1110 3267 arun
1143 3207 1428 3267 Souuurvonnnnn
1449 3217 1525 3267 vrw‘

294 3332 353 3373 nur
375 3313 728 3375 Merme-Venerabili
745 3314 777 3373 in
793 3314 919 3375 Christo
932 3314 1024 3393 patri,
1046 3315 1172 3376 domino
1194 3315 1269 3386 Ade,
1291 3321 1360 3387 etc,
1375 3315 1524 3378 Officialis

295 3419 388 3480 Gurie
419 3419 663 3489 cantuariensis,
697 3419 840 3489 sulutem,
872 3424 930 3480 etc.
987 3420 1036 3479 Ex
1066 3426 1156 3500 parte
1184 3421 1270 3481 Petri
1299 3421 1337 3481 de
1362 3420 1522 3501 Belgrave,

294 3524 408 3596 clerici,
429 3524 520 3585 nobis
541 3523 647 3585 extitit
669 3524 849 3584 intimatum
871 3525 953 3604 quod
974 3524 1048 3585 licet
1068 3526 1151 3585 idem
1172 3526 1285 3586 Petrus
1306 3526 1345 3586 ad
1366 3528 1524 3607 quandam

293 3630 475 3711 porcionem
497 3630 526 3689 in
551 3630 682 3691 ecclesia
707 3630 746 3690 de
766 3629 945 3701 Boreiorde,
980 3635 1084 3691 vestre
1105 3630 1246 3703 diocesis,
1273 3638 1448 3703 vacantem,
1469 3653 1525 3712 per

295 3756 404 3797 verum
426 3735 567 3813 ejusdem
588 3735 745 3815 porcionis
772 3740 940 3815 patronum
970 3741 1003 3796 et
1033 3736 1066 3795 in
1094 3737 1293 3816 possessione
1323 3739 1525 3817 presentandi

293 3842 334 3901 ad
361 3841 492 3902 eandem
521 3840 604 3901 bona
631 3840 693 3901 fide
721 3840 918 3911 existentem,
946 3841 1044 3913 vobis,
1072 3842 1325 3904 locidiocesano
1353 3843 1464 3905 fuisset
1491 3850 1525 3905 et

294 3946 337 4007 sit
358 3939 506 4005 cenonic'e
535 3949 744 4024 presentatus,
769 3944 995 4025 inquisicioque
1017 3965 1110 4025 super
1133 3946 1300 4007 vacacione
1327 3947 1425 4027 ipsius
1452 3967 1521 4027 por-

294 4050 394 4111 cionis
428 4054 460 4110 et
495 4048 563 4109 aliis
591 4049 730 4110 articulis
764 4049 877 4111 debitis
915 4056 948 4112 et
984 4052 1150 4123 consuetis,
1185 4058 1222 4112 ut
1259 4058 1308 4113 est
1342 4054 1447 4125 moris,
1483 4055 1523 4114 ed

295 4156 478 4215 mandatum
506 4160 645 4215 vestrum
677 4154 736 4216 rite
767 4159 799 4216 et
830 4156 968 4236 legitime
998 4156 1082 4217 iacta
1114 4177 1171 4238 pro
1200 4158 1310 4218 eodem
1334 4158 1525 4219 sufficienter

294 4260 420 4322 iecisset
449 4265 481 4319 et
515 4258 608 4319 iaciat
641 4265 831 4339 presentato
860 4261 1018 4342 nichilque
1052 4262 1112 4322 sibi
1145 4262 1317 4323 obviaverit
1344 4268 1399 4323 aut
1419 4263 1523 4325 obviet

295 4367 334 4427 de
366 4364 524 4425 canonicis
559 4365 723 4437 institutis,
761 4366 929 4445 quominus
967 4367 1007 4427 ad
1035 4367 1150 4427 dictam
1191 4369 1372 4448 porcionem
1399 4370 1523 4430 admitti

295 4472 431 4544 deberet,
462 4476 496 4533 et
525 4472 674 4533 canonice
701 4472 825 4534 institui
852 4474 885 4533 in
916 4474 1035 4545 eadem,
1055 4493 1112 4535 vos
1139 4479 1246 4535 tamen
1274 4475 1314 4535 ad
1336 4474 1523 4536 instanciam

295 4598 352 4641 eeu
373 4578 522 4657 injustam
551 4578 785 4658 opposicionem
815 4579 934 4639 domini
968 4580 1087 4641 Thome
1115 4580 1154 4641 de
1185 4579 1422 4652 Oheddeworth,
1452 4601 1523 4660 pos·

295 4683 428 4745 sessioni
456 4683 598 4762 ejusdem
630 4684 787 4763 porcionis
818 4685 857 4746 de
888 4684 971 4746 iacto
992 4685 1212 4757 incumbentis,
1241 4686 1295 4765 qui
1314 4686 1412 4746 nichil
1445 4687 1524 4765 juris

153 4840 186 4868 ο,
226 4856 235 4867 ‚
294 4791 329 4851 in
349 4790 433 4850 dicta
459 4789 606 4870 porcione
634 4790 729 4851 habet
750 4790 798 4851 vel
831 4791 870 4851 ad
890 4810 970 4861 earn,
1001 4791 1158 4872 prefatum
1188 4793 1318 4853 Petrum
1346 4792 1523 4853 addictam

293 4896 474 4977 porcionem
495 4895 670 4967 admittere,
691 4901 723 4957 et
747 4896 850 4976 ipsum
878 4896 911 4956 in
936 4897 1044 4957 eadem
1069 4896 1242 4969 instituere,
1271 4917 1308 4959 ao
1332 4902 1435 4958 cetera
1462 4917 1524 4978 que

294 5004 399 5062 vestro
427 4999 460 5058 in
491 4998 550 5059 hac
583 5004 673 5079 perte
708 4998 930 5061 incumbebant
964 4999 1065 5061 officio
1102 5020 1249 5081 peragere
1283 5021 1347 5062 nou
1379 5002 1521 5075 curastis,

295 5104 372 5186 quin
399 5102 505 5184 potius
541 5104 718 5176 recusastis,
754 5124 811 5166 seu
844 5105 915 5185 plus
953 5104 1059 5167 debito
1096 5106 1263 5168 distulistis
1297 5106 1401 5167 minus
1428 5106 1523 5186 juste,
