<?xml version="1.0" encoding="UTF-8"?>
<!DOCTYPE html PUBLIC "-//W3C//DTD XHTML 1.0 Transitional//EN"
    "http://www.w3.org/TR/xhtml1/DTD/xhtml1-transitional.dtd">
<html xmlns="http://www.w3.org/1999/xhtml" xml:lang="en" lang="en">
 <head>
  <title>
</title>
<meta http-equiv="Content-Type" content="text/html;charset=utf-8" />
  <meta name='ocr-system' content='tesseract 3.04.00' />
  <meta name='ocr-capabilities' content='ocr_page ocr_carea ocr_par ocr_line ocrx_word'/>
</head>
<body>
  <div class='ocr_page' id='page_1' title='image "./registrumadedeo00banngoog_0303.png"; bbox 0 0 3850 5917; ppageno 0'>
   <div class='ocr_carea' id='block_1_1' title="bbox 392 684 1253 763">
    <p class='ocr_par' dir='ltr' id='par_1_1' title="bbox 392 684 1253 763">
     <span class='ocr_line' id='line_1_1' title="bbox 392 684 1253 763; baseline 0.001 -18"><span class='ocrx_word' id='word_1_1' title='bbox 392 684 454 745; x_wconf 78' lang='lat' dir='ltr'>asa</span> <span class='ocrx_word' id='word_1_2' title='bbox 767 684 946 763; x_wconf 60' lang='lat' dir='ltr'>auum</span> <span class='ocrx_word' id='word_1_3' title='bbox 972 685 1038 747; x_wconf 77' lang='lat' dir='ltr'>na</span> <span class='ocrx_word' id='word_1_4' title='bbox 1064 684 1101 746; x_wconf 81' lang='lat' dir='ltr'>a</span> <span class='ocrx_word' id='word_1_5' title='bbox 1131 685 1253 746; x_wconf 72' lang='lat' dir='ltr'>aaron</span> 
     </span>
    </p>
   </div>
   <div class='ocr_carea' id='block_1_2' title="bbox 221 911 1630 1626">
    <p class='ocr_par' dir='ltr' id='par_1_2' title="bbox 221 911 1630 1626">
     <span class='ocr_line' id='line_1_2' title="bbox 221 911 1627 992; baseline 0.001 -23"><span class='ocrx_word' id='word_1_6' title='bbox 221 916 283 957; x_wconf 55' lang='grc' dir='ltr'>ΑΒ·</span> <span class='ocrx_word' id='word_1_7' title='bbox 296 916 353 956; x_wconf 80' lang='lat'>¹⁸²2</span> <span class='ocrx_word' id='word_1_8' title='bbox 394 929 580 990; x_wconf 86' lang='lat' dir='ltr'>quecunque</span> <span class='ocrx_word' id='word_1_9' title='bbox 601 930 673 970; x_wconf 89' lang='lat' dir='ltr'>cum</span> <span class='ocrx_word' id='word_1_10' title='bbox 694 930 770 971; x_wconf 89' lang='lat' dir='ltr'>cura</span> <span class='ocrx_word' id='word_1_11' title='bbox 789 911 839 971; x_wconf 88' lang='lat' dir='ltr'>vel</span> <span class='ocrx_word' id='word_1_12' title='bbox 859 911 929 972; x_wconf 86' lang='lat' dir='ltr'>sine</span> <span class='ocrx_word' id='word_1_13' title='bbox 949 931 1024 972; x_wconf 90' lang='lat' dir='ltr'>cura</span> <span class='ocrx_word' id='word_1_14' title='bbox 1045 912 1083 972; x_wconf 89' lang='lat' dir='ltr'>ad</span> <span class='ocrx_word' id='word_1_15' title='bbox 1101 916 1242 973; x_wconf 86' lang='lat' dir='ltr'>nostram</span> <span class='ocrx_word' id='word_1_16' title='bbox 1259 911 1462 973; x_wconf 90' lang='lat' dir='ltr'>collacionem</span> <span class='ocrx_word' id='word_1_17' title='bbox 1482 911 1627 992; x_wconf 89' lang='lat' dir='ltr'>qualiter·</span> 
     </span>
     <span class='ocr_line' id='line_1_3' title="bbox 395 1016 1630 1097; baseline 0.002 -21"><span class='ocrx_word' id='word_1_18' title='bbox 395 1036 520 1095; x_wconf 88' lang='lat' dir='ltr'>cunque</span> <span class='ocrx_word' id='word_1_19' title='bbox 540 1016 696 1088; x_wconf 87' lang='lat' dir='ltr'>devoluta,</span> <span class='ocrx_word' id='word_1_20' title='bbox 718 1036 775 1078; x_wconf 90' lang='lat' dir='ltr'>seu</span> <span class='ocrx_word' id='word_1_21' title='bbox 802 1017 1003 1088; x_wconf 83' lang='lat' dir='ltr'>devolvenda,</span> <span class='ocrx_word' id='word_1_22' title='bbox 1025 1017 1125 1079; x_wconf 91' lang='lat' dir='ltr'>eciam</span> <span class='ocrx_word' id='word_1_23' title='bbox 1146 1018 1173 1079; x_wconf 92' lang='lat' dir='ltr'>si</span> <span class='ocrx_word' id='word_1_24' title='bbox 1202 1017 1359 1097; x_wconf 90' lang='lat' dir='ltr'>prebende</span> <span class='ocrx_word' id='word_1_25' title='bbox 1379 1018 1516 1079; x_wconf 74' lang='lat' dir='ltr'>existant</span> <span class='ocrx_word' id='word_1_26' title='bbox 1535 1023 1568 1079; x_wconf 89' lang='lat' dir='ltr'>et</span> <span class='ocrx_word' id='word_1_27' title='bbox 1589 1018 1630 1078; x_wconf 92' lang='lat' dir='ltr'>ad</span> 
     </span>
     <span class='ocr_line' id='line_1_4' title="bbox 394 1121 1630 1203; baseline 0.002 -22"><span class='ocrx_word' id='word_1_28' title='bbox 394 1122 608 1182; x_wconf 86' lang='lat' dir='ltr'>inducendum</span> <span class='ocrx_word' id='word_1_29' title='bbox 638 1121 689 1182; x_wconf 83' lang='lat' dir='ltr'>vel</span> <span class='ocrx_word' id='word_1_30' title='bbox 719 1122 825 1183; x_wconf 92' lang='lat' dir='ltr'>induci</span> <span class='ocrx_word' id='word_1_31' title='bbox 856 1122 1034 1183; x_wconf 83' lang='lat' dir='ltr'>iaciendum</span> <span class='ocrx_word' id='word_1_32' title='bbox 1065 1141 1216 1201; x_wconf 86' lang='lat' dir='ltr'>personas</span> <span class='ocrx_word' id='word_1_33' title='bbox 1247 1121 1428 1201; x_wconf 88' lang='lat' dir='ltr'>hujusmodi</span> <span class='ocrx_word' id='word_1_34' title='bbox 1458 1122 1571 1203; x_wconf 89' lang='lat' dir='ltr'>quibus</span> <span class='ocrx_word' id='word_1_35' title='bbox 1592 1142 1630 1184; x_wconf 88' lang='lat' dir='ltr'>ea</span> 
     </span>
     <span class='ocr_line' id='line_1_5' title="bbox 394 1227 1627 1308; baseline -0.001 -19"><span class='ocrx_word' id='word_1_36' title='bbox 394 1228 591 1289; x_wconf 74' lang='lat' dir='ltr'>contuleritis</span> <span class='ocrx_word' id='word_1_37' title='bbox 631 1228 665 1287; x_wconf 95' lang='lat' dir='ltr'>in</span> <span class='ocrx_word' id='word_1_38' title='bbox 706 1227 900 1307; x_wconf 69' lang='lat' dir='ltr'>corporalem</span> <span class='ocrx_word' id='word_1_39' title='bbox 940 1228 1173 1307; x_wconf 89' lang='lat' dir='ltr'>possessionem</span> <span class='ocrx_word' id='word_1_40' title='bbox 1214 1227 1436 1289; x_wconf 83' lang='lat' dir='ltr'>beneficiorum</span> <span class='ocrx_word' id='word_1_41' title='bbox 1478 1228 1627 1308; x_wconf 90' lang='lat' dir='ltr'>ipsorum,</span> 
     </span>
     <span class='ocr_line' id='line_1_6' title="bbox 392 1332 1629 1414; baseline 0 -20"><span class='ocrx_word' id='word_1_42' title='bbox 392 1334 524 1396; x_wconf 84' lang='lat' dir='ltr'>liberam</span> <span class='ocrx_word' id='word_1_43' title='bbox 559 1334 648 1396; x_wconf 84' lang='lat' dir='ltr'>vobis</span> <span class='ocrx_word' id='word_1_44' title='bbox 686 1333 879 1414; x_wconf 88' lang='lat' dir='ltr'>conjunctim</span> <span class='ocrx_word' id='word_1_45' title='bbox 915 1338 971 1394; x_wconf 88' lang='lat' dir='ltr'>aut</span> <span class='ocrx_word' id='word_1_46' title='bbox 1004 1332 1059 1393; x_wconf 92' lang='lat' dir='ltr'>uni</span> <span class='ocrx_word' id='word_1_47' title='bbox 1094 1338 1234 1395; x_wconf 85' lang='lat' dir='ltr'>vestrum</span> <span class='ocrx_word' id='word_1_48' title='bbox 1269 1333 1393 1395; x_wconf 78' lang='lat' dir='ltr'>divisim</span> <span class='ocrx_word' id='word_1_49' title='bbox 1428 1333 1629 1394; x_wconf 75' lang='lat' dir='ltr'>concedimus</span> 
     </span>
     <span class='ocr_line' id='line_1_7' title="bbox 393 1438 1627 1520; baseline 0.001 -21"><span class='ocrx_word' id='word_1_50' title='bbox 393 1439 586 1511; x_wconf 69' lang='lat' dir='ltr'>facilitatem,</span> <span class='ocrx_word' id='word_1_51' title='bbox 608 1440 755 1520; x_wconf 84' lang='lat' dir='ltr'>vicesque</span> <span class='ocrx_word' id='word_1_52' title='bbox 775 1444 900 1500; x_wconf 88' lang='lat' dir='ltr'>nostras</span> <span class='ocrx_word' id='word_1_53' title='bbox 920 1438 1158 1511; x_wconf 89' lang='lat' dir='ltr'>committimus,</span> <span class='ocrx_word' id='word_1_54' title='bbox 1173 1444 1233 1500; x_wconf 88' lang='lat' dir='ltr'>etc.</span> <span class='ocrx_word' id='word_1_55' title='bbox 1265 1440 1384 1499; x_wconf 85' lang='lat' dir='ltr'>Datum</span> <span class='ocrx_word' id='word_1_56' title='bbox 1405 1438 1490 1519; x_wconf 89' lang='lat' dir='ltr'>apud</span> <span class='ocrx_word' id='word_1_57' title='bbox 1506 1439 1627 1500; x_wconf 87' lang='lat' dir='ltr'>Preste·</span> 
     </span>
     <span class='ocr_line' id='line_1_8' title="bbox 393 1543 1481 1626; baseline -0.004 -19"><span class='ocrx_word' id='word_1_58' title='bbox 393 1547 483 1626; x_wconf 88' lang='lat' dir='ltr'>bury,</span> <span class='ocrx_word' id='word_1_59' title='bbox 503 1555 577 1607; x_wconf 79' lang='lat' dir='ltr'><strong>xxv⁰</strong></span> <span class='ocrx_word' id='word_1_60' title='bbox 596 1546 647 1607; x_wconf 91' lang='lat' dir='ltr'>die</span> <span class='ocrx_word' id='word_1_61' title='bbox 667 1545 786 1607; x_wconf 88' lang='lat' dir='ltr'>mensis</span> <span class='ocrx_word' id='word_1_62' title='bbox 806 1544 902 1615; x_wconf 90' lang='lat' dir='ltr'>Junii,</span> <span class='ocrx_word' id='word_1_63' title='bbox 923 1564 1008 1605; x_wconf 87' lang='lat' dir='ltr'>suno</span> <span class='ocrx_word' id='word_1_64' title='bbox 1029 1543 1159 1605; x_wconf 87' lang='lat' dir='ltr'>Domini</span> <span class='ocrx_word' id='word_1_65' title='bbox 1181 1543 1402 1623; x_wconf 73' lang='lat' dir='ltr'>M⁰ooo⁰nij⁰,</span> <span class='ocrx_word' id='word_1_66' title='bbox 1423 1548 1481 1605; x_wconf 85' lang='lat' dir='ltr'>etc.</span> 
     </span>
    </p>
   </div>
   <div class='ocr_carea' id='block_1_3' title="bbox 396 1798 1712 2062">
    <p class='ocr_par' dir='ltr' id='par_1_3' title="bbox 396 1798 1712 2062">
     <span class='ocr_line' id='line_1_9' title="bbox 396 1798 1712 1963; baseline -0.005 -71"><span class='ocrx_word' id='word_1_67' title='bbox 396 1832 479 1892; x_wconf 57' lang='lat' dir='ltr'>runt</span> <span class='ocrx_word' id='word_1_68' title='bbox 505 1821 662 1917; x_wconf 38' lang='lat' dir='ltr'>taff-ra</span> <span class='ocrx_word' id='word_1_69' title='bbox 689 1829 808 1909; x_wconf 73' lang='lat' dir='ltr'>caup</span> <span class='ocrx_word' id='word_1_70' title='bbox 835 1829 1043 1921; x_wconf 60' lang='lat' dir='ltr'>committunt</span> <span class='ocrx_word' id='word_1_71' title='bbox 1073 1830 1121 1891; x_wconf 75' lang='lat' dir='ltr'>uu</span> <span class='ocrx_word' id='word_1_72' title='bbox 1151 1830 1308 1910; x_wconf 72' lang='lat' dir='ltr'>capum</span> <span class='ocrx_word' id='word_1_73' title='bbox 1331 1808 1629 1922; x_wconf 18' lang='lat' dir='ltr'>oquuwaraauu</span> <span class='ocrx_word' id='word_1_74' title='bbox 1659 1798 1712 1963; x_wconf 63' lang='lat' dir='ltr'>Rs</span> 
     </span>
     <span class='ocr_line' id='line_1_10' title="bbox 518 1910 1631 1989; baseline 0.003 -20"><span class='ocrx_word' id='word_1_75' title='bbox 518 1930 643 1989; x_wconf 68' lang='lat' dir='ltr'>msqurrc</span> <span class='ocrx_word' id='word_1_76' title='bbox 669 1910 802 1971; x_wconf 77' lang='lat' dir='ltr'>whether</span> <span class='ocrx_word' id='word_1_77' title='bbox 835 1910 938 1970; x_wconf 83' lang='lat' dir='ltr'>Adam</span> <span class='ocrx_word' id='word_1_78' title='bbox 971 1912 1082 1981; x_wconf 74' lang='lat' dir='ltr'>Briau,</span> <span class='ocrx_word' id='word_1_79' title='bbox 1110 1911 1177 1972; x_wconf 78' lang='lat' dir='ltr'>who</span> <span class='ocrx_word' id='word_1_80' title='bbox 1206 1910 1267 1972; x_wconf 79' lang='lat' dir='ltr'>laad</span> <span class='ocrx_word' id='word_1_81' title='bbox 1298 1910 1431 1972; x_wconf 82' lang='lat' dir='ltr'>recerued</span> <span class='ocrx_word' id='word_1_82' title='bbox 1468 1910 1631 1972; x_wconf 67' lang='lat' dir='ltr'>Christian</span> 
     </span>
     <span class='ocr_line' id='line_1_11' title="bbox 518 1990 1112 2062; baseline -0.002 -10"><span class='ocrx_word' id='word_1_83' title='bbox 518 1991 630 2062; x_wconf 69' lang='lat' dir='ltr'>uariat,</span> <span class='ocrx_word' id='word_1_84' title='bbox 660 1990 722 2051; x_wconf 79' lang='lat' dir='ltr'>had</span> <span class='ocrx_word' id='word_1_85' title='bbox 749 1990 822 2051; x_wconf 81' lang='lat' dir='ltr'>died</span> <span class='ocrx_word' id='word_1_86' title='bbox 848 1991 1112 2053; x_wconf 71' lang='lat' dir='ltr'>excommunicate.</span> 
     </span>
    </p>
   </div>
   <div class='ocr_carea' id='block_1_4' title="bbox 301 2159 1631 3935">
    <p class='ocr_par' dir='ltr' id='par_1_4' title="bbox 301 2159 1631 3935">
     <span class='ocr_line' id='line_1_12' title="bbox 478 2159 1628 2228; baseline -0.001 -7"><span class='ocrx_word' id='word_1_87' title='bbox 478 2160 660 2221; x_wconf 79' lang='lat' dir='ltr'>Oonnrssm</span> <span class='ocrx_word' id='word_1_88' title='bbox 673 2176 716 2219; x_wconf 77' lang='lat' dir='ltr'>an</span> <span class='ocrx_word' id='word_1_89' title='bbox 735 2176 969 2228; x_wconf 76' lang='lat' dir='ltr'>moursnrmuu</span> <span class='ocrx_word' id='word_1_90' title='bbox 984 2176 1014 2219; x_wconf 89' lang='lat' dir='ltr'>s1</span> <span class='ocrx_word' id='word_1_91' title='bbox 1029 2159 1125 2219; x_wconf 79' lang='lat' dir='ltr'>Annas</span> <span class='ocrx_word' id='word_1_92' title='bbox 1139 2160 1245 2219; x_wconf 73' lang='lat' dir='ltr'>Barsa</span> <span class='ocrx_word' id='word_1_93' title='bbox 1260 2177 1557 2220; x_wconf 82' lang='lat' dir='ltr'>nxoounuuroarus</span> <span class='ocrx_word' id='word_1_94' title='bbox 1572 2178 1628 2221; x_wconf 84' lang='lat' dir='ltr'>ns·</span> 
     </span>
     <span class='ocr_line' id='line_1_13' title="bbox 301 2242 1630 2370; baseline -0.001 -43"><span class='ocrx_word' id='word_1_95' title='bbox 301 2257 336 2370; x_wconf 51' lang='lat' dir='ltr'>gs</span> <span class='ocrx_word' id='word_1_96' title='bbox 395 2265 669 2335; x_wconf 71' lang='lat' dir='ltr'>orama—Adam,</span> <span class='ocrx_word' id='word_1_97' title='bbox 684 2269 744 2325; x_wconf 87' lang='lat' dir='ltr'>etc</span> <span class='ocrx_word' id='word_1_98' title='bbox 747 2264 930 2343; x_wconf 86' lang='lat' dir='ltr'>,capellano</span> <span class='ocrx_word' id='word_1_99' title='bbox 950 2264 1122 2343; x_wconf 71' lang='lat' dir='ltr'>parochiali</span> <span class='ocrx_word' id='word_1_100' title='bbox 1143 2264 1260 2343; x_wconf 84' lang='lat' dir='ltr'>capelle</span> <span class='ocrx_word' id='word_1_101' title='bbox 1275 2265 1313 2325; x_wconf 92' lang='lat' dir='ltr'>de</span> <span class='ocrx_word' id='word_1_102' title='bbox 1328 2242 1506 2344; x_wconf 60' lang='lat' dir='ltr'>Ruwardyn</span> <span class='ocrx_word' id='word_1_103' title='bbox 1523 2270 1630 2327; x_wconf 90' lang='lat' dir='ltr'>nostre</span> 
     </span>
     <span class='ocr_line' id='line_1_14' title="bbox 394 2369 1630 2450; baseline -0.001 -18"><span class='ocrx_word' id='word_1_104' title='bbox 394 2371 538 2441; x_wconf 85' lang='lat' dir='ltr'>diocesis,</span> <span class='ocrx_word' id='word_1_105' title='bbox 564 2370 708 2443; x_wconf 87' lang='lat' dir='ltr'>salutem,</span> <span class='ocrx_word' id='word_1_106' title='bbox 729 2376 789 2431; x_wconf 88' lang='lat' dir='ltr'>etc</span> <span class='ocrx_word' id='word_1_107' title='bbox 841 2370 951 2449; x_wconf 86' lang='lat' dir='ltr'>Nuper</span> <span class='ocrx_word' id='word_1_108' title='bbox 982 2390 1020 2431; x_wconf 89' lang='lat' dir='ltr'>ex</span> <span class='ocrx_word' id='word_1_109' title='bbox 1048 2370 1126 2431; x_wconf 88' lang='lat' dir='ltr'>relat</span> <span class='ocrx_word' id='word_1_110' title='bbox 1114 2374 1149 2430; x_wconf 89' lang='lat' dir='ltr'>tu</span> <span class='ocrx_word' id='word_1_111' title='bbox 1173 2370 1368 2450; x_wconf 86' lang='lat' dir='ltr'>quorundam</span> <span class='ocrx_word' id='word_1_112' title='bbox 1402 2369 1630 2449; x_wconf 87' lang='lat' dir='ltr'>fidedignorum</span> 
     </span>
     <span class='ocr_line' id='line_1_15' title="bbox 395 2475 1629 2557; baseline 0.002 -20"><span class='ocrx_word' id='word_1_113' title='bbox 395 2477 608 2538; x_wconf 81' lang='lat' dir='ltr'>intelleximus</span> <span class='ocrx_word' id='word_1_114' title='bbox 639 2476 723 2557; x_wconf 93' lang='lat' dir='ltr'>quod</span> <span class='ocrx_word' id='word_1_115' title='bbox 754 2476 854 2536; x_wconf 90' lang='lat' dir='ltr'>Adam</span> <span class='ocrx_word' id='word_1_116' title='bbox 882 2475 981 2535; x_wconf 88' lang='lat' dir='ltr'>Briau</span> <span class='ocrx_word' id='word_1_117' title='bbox 1010 2480 1139 2555; x_wconf 80' lang='lat' dir='ltr'>propter</span> <span class='ocrx_word' id='word_1_118' title='bbox 1179 2477 1324 2555; x_wconf 89' lang='lat' dir='ltr'>dampna,</span> <span class='ocrx_word' id='word_1_119' title='bbox 1356 2477 1629 2556; x_wconf 78' lang='lat' dir='ltr'>transgressiones,</span> 
     </span>
     <span class='ocr_line' id='line_1_16' title="bbox 396 2579 1628 2664; baseline -0.002 -19"><span class='ocrx_word' id='word_1_120' title='bbox 396 2589 430 2645; x_wconf 90' lang='lat' dir='ltr'>et</span> <span class='ocrx_word' id='word_1_121' title='bbox 450 2583 582 2664; x_wconf 86' lang='lat' dir='ltr'>injurias</span> <span class='ocrx_word' id='word_1_122' title='bbox 602 2582 724 2643; x_wconf 88' lang='lat' dir='ltr'>notorie</span> <span class='ocrx_word' id='word_1_123' title='bbox 744 2581 925 2661; x_wconf 88' lang='lat' dir='ltr'>peripsum</span> <span class='ocrx_word' id='word_1_124' title='bbox 946 2579 1047 2641; x_wconf 89' lang='lat' dir='ltr'>Adam</span> <span class='ocrx_word' id='word_1_125' title='bbox 1068 2581 1101 2641; x_wconf 91' lang='lat' dir='ltr'>in</span> <span class='ocrx_word' id='word_1_126' title='bbox 1126 2581 1221 2642; x_wconf 90' lang='lat' dir='ltr'>bosco</span> <span class='ocrx_word' id='word_1_127' title='bbox 1242 2586 1350 2643; x_wconf 91' lang='lat' dir='ltr'>nostro</span> <span class='ocrx_word' id='word_1_128' title='bbox 1370 2582 1409 2643; x_wconf 89' lang='lat' dir='ltr'>de</span> <span class='ocrx_word' id='word_1_129' title='bbox 1430 2582 1495 2643; x_wconf 86' lang='lat' dir='ltr'>Ros</span> <span class='ocrx_word' id='word_1_130' title='bbox 1516 2582 1628 2653; x_wconf 86' lang='lat' dir='ltr'>illatas,</span> 
     </span>
     <span class='ocr_line' id='line_1_17' title="bbox 395 2686 1631 2766; baseline -0.002 -15"><span class='ocrx_word' id='word_1_131' title='bbox 395 2690 559 2751; x_wconf 87' lang='lat' dir='ltr'>sentencia</span> <span class='ocrx_word' id='word_1_132' title='bbox 592 2686 929 2749; x_wconf 84' lang='lat' dir='ltr'>excommunicacionis</span> <span class='ocrx_word' id='word_1_133' title='bbox 965 2687 1094 2765; x_wconf 84' lang='lat' dir='ltr'>majoris</span> <span class='ocrx_word' id='word_1_134' title='bbox 1129 2706 1148 2747; x_wconf 92' lang='lat' dir='ltr'>a</span> <span class='ocrx_word' id='word_1_135' title='bbox 1184 2686 1391 2748; x_wconf 85' lang='lat' dir='ltr'>sanctissimis</span> <span class='ocrx_word' id='word_1_136' title='bbox 1421 2686 1563 2766; x_wconf 87' lang='lat' dir='ltr'>patribus</span> <span class='ocrx_word' id='word_1_137' title='bbox 1597 2692 1631 2749; x_wconf 85' lang='lat' dir='ltr'>ct</span> 
     </span>
     <span class='ocr_line' id='line_1_18' title="bbox 394 2791 1629 2874; baseline 0 -19"><span class='ocrx_word' id='word_1_138' title='bbox 394 2796 513 2858; x_wconf 87' lang='lat' dir='ltr'>nostris</span> <span class='ocrx_word' id='word_1_139' title='bbox 533 2793 805 2874; x_wconf 87' lang='lat' dir='ltr'>predecessoribus</span> <span class='ocrx_word' id='word_1_140' title='bbox 825 2798 934 2853; x_wconf 85' lang='lat' dir='ltr'>contra</span> <span class='ocrx_word' id='word_1_141' title='bbox 965 2792 1146 2872; x_wconf 86' lang='lat' dir='ltr'>hujusmodi</span> <span class='ocrx_word' id='word_1_142' title='bbox 1177 2791 1393 2853; x_wconf 85' lang='lat' dir='ltr'>malefactores</span> <span class='ocrx_word' id='word_1_143' title='bbox 1424 2792 1629 2873; x_wconf 87' lang='lat' dir='ltr'>promulgata,</span> 
     </span>
     <span class='ocr_line' id='line_1_19' title="bbox 395 2896 1631 2980; baseline -0.003 -17"><span class='ocrx_word' id='word_1_144' title='bbox 395 2902 556 2964; x_wconf 89' lang='lat' dir='ltr'>involutus</span> <span class='ocrx_word' id='word_1_145' title='bbox 577 2900 721 2971; x_wconf 89' lang='lat' dir='ltr'>decessit,</span> <span class='ocrx_word' id='word_1_146' title='bbox 743 2899 888 2980; x_wconf 91' lang='lat' dir='ltr'>quodque</span> <span class='ocrx_word' id='word_1_147' title='bbox 909 2898 993 2959; x_wconf 90' lang='lat' dir='ltr'>idem</span> <span class='ocrx_word' id='word_1_148' title='bbox 1014 2898 1115 2957; x_wconf 87' lang='lat' dir='ltr'>Adam</span> <span class='ocrx_word' id='word_1_149' title='bbox 1136 2896 1181 2958; x_wconf 93' lang='lat' dir='ltr'>sic</span> <span class='ocrx_word' id='word_1_150' title='bbox 1200 2897 1322 2957; x_wconf 91' lang='lat' dir='ltr'>notorie</span> <span class='ocrx_word' id='word_1_151' title='bbox 1342 2898 1631 2959; x_wconf 86' lang='lat' dir='ltr'>excommunicatus</span> 
     </span>
     <span class='ocr_line' id='line_1_20' title="bbox 396 3002 1630 3075; baseline -0.004 -5"><span class='ocrx_word' id='word_1_152' title='bbox 396 3013 508 3070; x_wconf 87' lang='lat' dir='ltr'>contra</span> <span class='ocrx_word' id='word_1_153' title='bbox 528 3006 679 3068; x_wconf 88' lang='lat' dir='ltr'>canonica</span> <span class='ocrx_word' id='word_1_154' title='bbox 699 3006 855 3075; x_wconf 88' lang='lat' dir='ltr'>instituta,</span> <span class='ocrx_word' id='word_1_155' title='bbox 882 3003 1035 3065; x_wconf 81' lang='lat' dir='ltr'>beneficio</span> <span class='ocrx_word' id='word_1_156' title='bbox 1056 3002 1264 3064; x_wconf 85' lang='lat' dir='ltr'>absolucionis</span> <span class='ocrx_word' id='word_1_157' title='bbox 1285 3023 1348 3064; x_wconf 94' lang='lat' dir='ltr'>non</span> <span class='ocrx_word' id='word_1_158' title='bbox 1373 3003 1512 3075; x_wconf 89' lang='lat' dir='ltr'>obtento,</span> <span class='ocrx_word' id='word_1_159' title='bbox 1534 3003 1630 3065; x_wconf 90' lang='lat' dir='ltr'>eccle·</span> 
     </span>
     <span class='ocr_line' id='line_1_21' title="bbox 397 3108 1630 3189; baseline -0.006 -13"><span class='ocrx_word' id='word_1_160' title='bbox 397 3115 524 3177; x_wconf 86' lang='lat' dir='ltr'>siastice</span> <span class='ocrx_word' id='word_1_161' title='bbox 558 3118 607 3175; x_wconf 87' lang='lat' dir='ltr'>est</span> <span class='ocrx_word' id='word_1_162' title='bbox 641 3110 776 3173; x_wconf 87' lang='lat' dir='ltr'>traditus</span> <span class='ocrx_word' id='word_1_163' title='bbox 810 3110 980 3189; x_wconf 88' lang='lat' dir='ltr'>sepulture.</span> <span class='ocrx_word' id='word_1_164' title='bbox 1043 3109 1123 3170; x_wconf 81' lang='lat' dir='ltr'>Cum</span> <span class='ocrx_word' id='word_1_165' title='bbox 1158 3108 1253 3187; x_wconf 82' lang='lat' dir='ltr'>igitur</span> <span class='ocrx_word' id='word_1_166' title='bbox 1290 3109 1630 3169; x_wconf 77' lang='lat' dir='ltr'>excommunicatorum</span> 
     </span>
     <span class='ocr_line' id='line_1_22' title="bbox 397 3213 1630 3299; baseline -0.006 -17"><span class='ocrx_word' id='word_1_167' title='bbox 397 3239 528 3299; x_wconf 88' lang='lat' dir='ltr'>corpora</span> <span class='ocrx_word' id='word_1_168' title='bbox 559 3216 769 3279; x_wconf 83' lang='lat' dir='ltr'>ecclesiastice</span> <span class='ocrx_word' id='word_1_169' title='bbox 804 3215 965 3294; x_wconf 89' lang='lat' dir='ltr'>sepulture</span> <span class='ocrx_word' id='word_1_170' title='bbox 996 3214 1120 3285; x_wconf 88' lang='lat' dir='ltr'>tradita,</span> <span class='ocrx_word' id='word_1_171' title='bbox 1154 3214 1181 3275; x_wconf 89' lang='lat' dir='ltr'>si</span> <span class='ocrx_word' id='word_1_172' title='bbox 1214 3213 1254 3274; x_wconf 92' lang='lat' dir='ltr'>ab</span> <span class='ocrx_word' id='word_1_173' title='bbox 1289 3214 1421 3274; x_wconf 89' lang='lat' dir='ltr'>aliorum</span> <span class='ocrx_word' id='word_1_174' title='bbox 1449 3214 1630 3293; x_wconf 90' lang='lat' dir='ltr'>corporibus</span> 
     </span>
     <span class='ocr_line' id='line_1_23' title="bbox 397 3318 1631 3402; baseline -0.006 -16"><span class='ocrx_word' id='word_1_175' title='bbox 397 3324 533 3387; x_wconf 88' lang='lat' dir='ltr'>discerni</span> <span class='ocrx_word' id='word_1_176' title='bbox 574 3326 733 3402; x_wconf 88' lang='lat' dir='ltr'>poterunt,</span> <span class='ocrx_word' id='word_1_177' title='bbox 774 3320 936 3381; x_wconf 78' lang='lat' dir='ltr'>exhumari</span> <span class='ocrx_word' id='word_1_178' title='bbox 971 3318 1096 3390; x_wconf 88' lang='lat' dir='ltr'>debent,</span> <span class='ocrx_word' id='word_1_179' title='bbox 1138 3323 1170 3379; x_wconf 92' lang='lat' dir='ltr'>et</span> <span class='ocrx_word' id='word_1_180' title='bbox 1203 3318 1311 3397; x_wconf 85' lang='lat' dir='ltr'>procul</span> <span class='ocrx_word' id='word_1_181' title='bbox 1346 3320 1385 3378; x_wconf 88' lang='lat' dir='ltr'>ab</span> <span class='ocrx_word' id='word_1_182' title='bbox 1420 3318 1631 3379; x_wconf 89' lang='lat' dir='ltr'>ecclesiastica</span> 
     </span>
     <span class='ocr_line' id='line_1_24' title="bbox 394 3422 1629 3511; baseline -0.009 -18"><span class='ocrx_word' id='word_1_183' title='bbox 394 3430 557 3511; x_wconf 88' lang='lat' dir='ltr'>sepultura</span> <span class='ocrx_word' id='word_1_184' title='bbox 576 3427 697 3507; x_wconf 84' lang='lat' dir='ltr'>jactari,</span> <span class='ocrx_word' id='word_1_185' title='bbox 713 3426 802 3487; x_wconf 83' lang='lat' dir='ltr'>vobis</span> <span class='ocrx_word' id='word_1_186' title='bbox 819 3424 1006 3485; x_wconf 87' lang='lat' dir='ltr'>mandamus</span> <span class='ocrx_word' id='word_1_187' title='bbox 1025 3423 1174 3504; x_wconf 78' lang='lat' dir='ltr'>quatinus</span> <span class='ocrx_word' id='word_1_188' title='bbox 1195 3443 1289 3502; x_wconf 88' lang='lat' dir='ltr'>super</span> <span class='ocrx_word' id='word_1_189' title='bbox 1309 3422 1455 3485; x_wconf 91' lang='lat' dir='ltr'>omnibus</span> <span class='ocrx_word' id='word_1_190' title='bbox 1472 3428 1504 3485; x_wconf 89' lang='lat' dir='ltr'>et</span> <span class='ocrx_word' id='word_1_191' title='bbox 1525 3423 1629 3503; x_wconf 84' lang='lat' dir='ltr'>singu-</span> 
     </span>
     <span class='ocr_line' id='line_1_25' title="bbox 393 3529 1630 3616; baseline -0.004 -19"><span class='ocrx_word' id='word_1_192' title='bbox 393 3538 434 3599; x_wconf 89' lang='lat' dir='ltr'>lis</span> <span class='ocrx_word' id='word_1_193' title='bbox 461 3535 633 3616; x_wconf 87' lang='lat' dir='ltr'>premissis,</span> <span class='ocrx_word' id='word_1_194' title='bbox 667 3537 701 3595; x_wconf 88' lang='lat' dir='ltr'>et</span> <span class='ocrx_word' id='word_1_195' title='bbox 731 3553 773 3593; x_wconf 89' lang='lat' dir='ltr'>an</span> <span class='ocrx_word' id='word_1_196' title='bbox 803 3532 907 3592; x_wconf 90' lang='lat' dir='ltr'>dictus</span> <span class='ocrx_word' id='word_1_197' title='bbox 935 3529 1036 3591; x_wconf 86' lang='lat' dir='ltr'>Adam</span> <span class='ocrx_word' id='word_1_198' title='bbox 1063 3530 1173 3591; x_wconf 87' lang='lat' dir='ltr'>vivens</span> <span class='ocrx_word' id='word_1_199' title='bbox 1203 3530 1242 3591; x_wconf 93' lang='lat' dir='ltr'>de</span> <span class='ocrx_word' id='word_1_200' title='bbox 1276 3531 1457 3610; x_wconf 84' lang='lat' dir='ltr'>hujusmodi</span> <span class='ocrx_word' id='word_1_201' title='bbox 1484 3531 1630 3610; x_wconf 89' lang='lat' dir='ltr'>dampnis</span> 
     </span>
     <span class='ocr_line' id='line_1_26' title="bbox 395 3636 1631 3719; baseline -0.003 -16"><span class='ocrx_word' id='word_1_202' title='bbox 395 3643 491 3703; x_wconf 86' lang='lat' dir='ltr'>illatis</span> <span class='ocrx_word' id='word_1_203' title='bbox 512 3660 584 3703; x_wconf 86' lang='lat' dir='ltr'>vere</span> <span class='ocrx_word' id='word_1_204' title='bbox 611 3638 757 3719; x_wconf 90' lang='lat' dir='ltr'>penitens</span> <span class='ocrx_word' id='word_1_205' title='bbox 784 3636 1073 3698; x_wconf 88' lang='lat' dir='ltr'>reconciliacionem</span> <span class='ocrx_word' id='word_1_206' title='bbox 1101 3636 1227 3715; x_wconf 91' lang='lat' dir='ltr'>petierit</span> <span class='ocrx_word' id='word_1_207' title='bbox 1258 3636 1423 3716; x_wconf 88' lang='lat' dir='ltr'>inquiratis</span> <span class='ocrx_word' id='word_1_208' title='bbox 1447 3636 1631 3716; x_wconf 87' lang='lat' dir='ltr'>diligencius</span> 
     </span>
     <span class='ocr_line' id='line_1_27' title="bbox 396 3742 1628 3825; baseline -0.006 -14"><span class='ocrx_word' id='word_1_209' title='bbox 396 3749 571 3811; x_wconf 86' lang='lat' dir='ltr'>veritatem.</span> <span class='ocrx_word' id='word_1_210' title='bbox 626 3746 671 3806; x_wconf 82' lang='lat' dir='ltr'>Et</span> <span class='ocrx_word' id='word_1_211' title='bbox 691 3745 767 3825; x_wconf 91' lang='lat' dir='ltr'>quid</span> <span class='ocrx_word' id='word_1_212' title='bbox 796 3745 830 3803; x_wconf 92' lang='lat' dir='ltr'>in</span> <span class='ocrx_word' id='word_1_213' title='bbox 858 3742 1030 3822; x_wconf 86' lang='lat' dir='ltr'>premissis,</span> <span class='ocrx_word' id='word_1_214' title='bbox 1059 3747 1119 3803; x_wconf 90' lang='lat' dir='ltr'>etc.</span> <span class='ocrx_word' id='word_1_215' title='bbox 1176 3742 1295 3802; x_wconf 90' lang='lat' dir='ltr'>Datum</span> <span class='ocrx_word' id='word_1_216' title='bbox 1316 3743 1399 3821; x_wconf 92' lang='lat' dir='ltr'>apud</span> <span class='ocrx_word' id='word_1_217' title='bbox 1430 3743 1628 3823; x_wconf 88' lang='lat' dir='ltr'>Prestebury,</span> 
     </span>
     <span class='ocr_line' id='line_1_28' title="bbox 395 3848 1146 3935; baseline -0.011 -20"><span class='ocrx_word' id='word_1_218' title='bbox 395 3856 480 3935; x_wconf 82' lang='lat' dir='ltr'>xxvj⁰</span> <span class='ocrx_word' id='word_1_219' title='bbox 500 3854 551 3915; x_wconf 90' lang='lat' dir='ltr'>die</span> <span class='ocrx_word' id='word_1_220' title='bbox 571 3852 668 3923; x_wconf 86' lang='lat' dir='ltr'>Junii,</span> <span class='ocrx_word' id='word_1_221' title='bbox 690 3870 773 3912; x_wconf 91' lang='lat' dir='ltr'>anno</span> <span class='ocrx_word' id='word_1_222' title='bbox 801 3848 932 3911; x_wconf 91' lang='lat' dir='ltr'>Domini</span> <span class='ocrx_word' id='word_1_223' title='bbox 956 3848 1146 3927; x_wconf 82' lang='lat' dir='ltr'>supradicto.</span> 
     </span>
    </p>
   </div>
   <div class='ocr_carea' id='block_1_5' title="bbox 399 4141 1631 4468">
    <p class='ocr_par' dir='ltr' id='par_1_5' title="bbox 399 4141 1631 4468">
     <span class='ocr_line' id='line_1_29' title="bbox 399 4141 1630 4226; baseline -0.002 -17"><span class='ocrx_word' id='word_1_224' title='bbox 399 4148 476 4226; x_wconf 74' lang='lat' dir='ltr'>Juty</span> <span class='ocrx_word' id='word_1_225' title='bbox 503 4145 638 4206; x_wconf 64' lang='lat' dir='ltr'>d-Tlae</span> <span class='ocrx_word' id='word_1_226' title='bbox 666 4143 785 4223; x_wconf 81' lang='lat' dir='ltr'>Bislwp</span> <span class='ocrx_word' id='word_1_227' title='bbox 812 4149 948 4203; x_wconf 81' lang='lat' dir='ltr'>consents</span> <span class='ocrx_word' id='word_1_228' title='bbox 978 4150 1007 4203; x_wconf 90' lang='lat' dir='ltr'>to</span> <span class='ocrx_word' id='word_1_229' title='bbox 1035 4147 1084 4202; x_wconf 82' lang='lat' dir='ltr'>act</span> <span class='ocrx_word' id='word_1_230' title='bbox 1111 4162 1146 4202; x_wconf 83' lang='lat' dir='ltr'>as</span> <span class='ocrx_word' id='word_1_231' title='bbox 1173 4141 1384 4201; x_wconf 80' lang='lat' dir='ltr'>arbitrator</span> <span class='ocrx_word' id='word_1_232' title='bbox 1369 4162 1404 4202; x_wconf 79' lang='lat' dir='ltr'>an</span> <span class='ocrx_word' id='word_1_233' title='bbox 1432 4142 1481 4203; x_wconf 75' lang='lat' dir='ltr'>thc</span> <span class='ocrx_word' id='word_1_234' title='bbox 1508 4143 1630 4224; x_wconf 76' lang='lat' dir='ltr'>disputo</span> 
     </span>
     <span class='ocr_line' id='line_1_30' title="bbox 522 4222 1628 4301; baseline -0.001 -14"><span class='ocrx_word' id='word_1_235' title='bbox 522 4228 649 4287; x_wconf 73' lang='lat' dir='ltr'>between</span> <span class='ocrx_word' id='word_1_236' title='bbox 678 4224 820 4284; x_wconf 82' lang='lat' dir='ltr'>Willium</span> <span class='ocrx_word' id='word_1_237' title='bbox 846 4224 883 4283; x_wconf 82' lang='lat' dir='ltr'>da</span> <span class='ocrx_word' id='word_1_238' title='bbox 915 4223 1134 4301; x_wconf 76' lang='lat' dir='ltr'>Schcyncstonc</span> <span class='ocrx_word' id='word_1_239' title='bbox 1164 4222 1227 4282; x_wconf 85' lang='lat' dir='ltr'>and</span> <span class='ocrx_word' id='word_1_240' title='bbox 1261 4222 1401 4283; x_wconf 83' lang='lat' dir='ltr'>erlium</span> <span class='ocrx_word' id='word_1_241' title='bbox 1430 4223 1467 4283; x_wconf 82' lang='lat' dir='ltr'>da</span> <span class='ocrx_word' id='word_1_242' title='bbox 1497 4224 1628 4297; x_wconf 80' lang='lat' dir='ltr'>Mortua,</span> 
     </span>
     <span class='ocr_line' id='line_1_31' title="bbox 517 4273 1631 4468; baseline 0.001 -101"><span class='ocrx_word' id='word_1_243' title='bbox 517 4305 686 4468; x_wconf 44' lang='lat' dir='ltr'>mma</span> <span class='ocrx_word' id='word_1_244' title='bbox 712 4305 749 4365; x_wconf 80' lang='lat' dir='ltr'>in</span> <span class='ocrx_word' id='word_1_245' title='bbox 778 4304 880 4365; x_wconf 75' lang='lat' dir='ltr'>Castis</span> <span class='ocrx_word' id='word_1_246' title='bbox 907 4304 1071 4382; x_wconf 78' lang='lat' dir='ltr'>Holdpate,</span> <span class='ocrx_word' id='word_1_247' title='bbox 1099 4323 1134 4364; x_wconf 83' lang='lat' dir='ltr'>as</span> <span class='ocrx_word' id='word_1_248' title='bbox 1164 4309 1192 4364; x_wconf 90' lang='lat' dir='ltr'>to</span> <span class='ocrx_word' id='word_1_249' title='bbox 1221 4302 1270 4363; x_wconf 77' lang='lat' dir='ltr'>tlte</span> <span class='ocrx_word' id='word_1_250' title='bbox 1299 4303 1422 4364; x_wconf 79' lang='lat' dir='ltr'>Charclt</span> <span class='ocrx_word' id='word_1_251' title='bbox 1446 4305 1481 4385; x_wconf 85' lang='lat' dir='ltr'>os</span> <span class='ocrx_word' id='word_1_252' title='bbox 1505 4273 1631 4387; x_wconf 76' lang='lat' dir='ltr'>Hoptori</span> 
     </span>
    </p>
   </div>
   <div class='ocr_carea' id='block_1_6' title="bbox 286 4552 1630 5161">
    <p class='ocr_par' dir='ltr' id='par_1_6' title="bbox 286 4552 1630 5161">
     <span class='ocr_line' id='line_1_32' title="bbox 286 4552 1627 4643; baseline 0.001 -27"><span class='ocrx_word' id='word_1_253' title='bbox 286 4631 292 4643; x_wconf 35' lang='grc' dir='ltr'>ι</span> <span class='ocrx_word' id='word_1_254' title='bbox 479 4557 626 4615; x_wconf 81' lang='lat' dir='ltr'>erunns</span> <span class='ocrx_word' id='word_1_255' title='bbox 660 4572 756 4614; x_wconf 80' lang='lat' dir='ltr'>urssa</span> <span class='ocrx_word' id='word_1_256' title='bbox 789 4570 915 4613; x_wconf 76' lang='lat' dir='ltr'>sonmo</span> <span class='ocrx_word' id='word_1_257' title='bbox 950 4552 1001 4613; x_wconf 91' lang='lat' dir='ltr'>W.</span> <span class='ocrx_word' id='word_1_258' title='bbox 1037 4570 1080 4611; x_wconf 82' lang='lat' dir='ltr'>na</span> <span class='ocrx_word' id='word_1_259' title='bbox 1123 4552 1296 4624; x_wconf 78' lang='lat' dir='ltr'>Moarous,</span> <span class='ocrx_word' id='word_1_260' title='bbox 1338 4570 1550 4615; x_wconf 79' lang='lat' dir='ltr'>roaorouaaro</span> <span class='ocrx_word' id='word_1_261' title='bbox 1584 4575 1627 4617; x_wconf 85' lang='lat' dir='ltr'>nu</span> 
     </span>
     <span class='ocr_line' id='line_1_33' title="bbox 398 4657 1628 4742; baseline -0.001 -18"><span class='ocrx_word' id='word_1_262' title='bbox 398 4660 723 4731; x_wconf 67' lang='lat' dir='ltr'>Ronanus-Adam,</span> <span class='ocrx_word' id='word_1_263' title='bbox 753 4664 823 4729; x_wconf 85' lang='lat' dir='ltr'>etc,</span> <span class='ocrx_word' id='word_1_264' title='bbox 855 4658 970 4719; x_wconf 88' lang='lat' dir='ltr'>dilecto</span> <span class='ocrx_word' id='word_1_265' title='bbox 997 4657 1071 4729; x_wconf 86' lang='lat' dir='ltr'>filio,</span> <span class='ocrx_word' id='word_1_266' title='bbox 1113 4658 1271 4719; x_wconf 87' lang='lat' dir='ltr'>Willelmo</span> <span class='ocrx_word' id='word_1_267' title='bbox 1302 4658 1341 4719; x_wconf 91' lang='lat' dir='ltr'>de</span> <span class='ocrx_word' id='word_1_268' title='bbox 1369 4658 1524 4732; x_wconf 87' lang='lat' dir='ltr'>Mortone,</span> <span class='ocrx_word' id='word_1_269' title='bbox 1558 4682 1628 4742; x_wconf 91' lang='lat' dir='ltr'>por-</span> 
     </span>
     <span class='ocr_line' id='line_1_34' title="bbox 399 4762 1630 4847; baseline -0.003 -18"><span class='ocrx_word' id='word_1_270' title='bbox 399 4767 537 4829; x_wconf 90' lang='lat' dir='ltr'>cionario</span> <span class='ocrx_word' id='word_1_271' title='bbox 558 4766 591 4826; x_wconf 91' lang='lat' dir='ltr'>in</span> <span class='ocrx_word' id='word_1_272' title='bbox 612 4764 744 4827; x_wconf 88' lang='lat' dir='ltr'>ecclesia</span> <span class='ocrx_word' id='word_1_273' title='bbox 764 4765 803 4825; x_wconf 89' lang='lat' dir='ltr'>de</span> <span class='ocrx_word' id='word_1_274' title='bbox 824 4763 937 4825; x_wconf 82' lang='lat' dir='ltr'>Castro</span> <span class='ocrx_word' id='word_1_275' title='bbox 965 4762 1136 4842; x_wconf 86' lang='lat' dir='ltr'>Holegode,</span> <span class='ocrx_word' id='word_1_276' title='bbox 1158 4762 1302 4834; x_wconf 87' lang='lat' dir='ltr'>salutem,</span> <span class='ocrx_word' id='word_1_277' title='bbox 1325 4767 1383 4824; x_wconf 89' lang='lat' dir='ltr'>etc.</span> <span class='ocrx_word' id='word_1_278' title='bbox 1426 4764 1507 4839; x_wconf 85' lang='lat' dir='ltr'>Quia</span> <span class='ocrx_word' id='word_1_279' title='bbox 1526 4768 1630 4847; x_wconf 84' lang='lat' dir='ltr'>placet</span> 
     </span>
     <span class='ocr_line' id='line_1_35' title="bbox 396 4868 1630 4952; baseline 0 -17"><span class='ocrx_word' id='word_1_280' title='bbox 396 4873 455 4935; x_wconf 91' lang='lat' dir='ltr'>tibi</span> <span class='ocrx_word' id='word_1_281' title='bbox 475 4877 508 4934; x_wconf 91' lang='lat' dir='ltr'>et</span> <span class='ocrx_word' id='word_1_282' title='bbox 522 4870 679 4933; x_wconf 88' lang='lat' dir='ltr'>Willelmo</span> <span class='ocrx_word' id='word_1_283' title='bbox 694 4870 733 4932; x_wconf 91' lang='lat' dir='ltr'>de</span> <span class='ocrx_word' id='word_1_284' title='bbox 747 4870 959 4949; x_wconf 85' lang='lat' dir='ltr'>Oheynstone,</span> <span class='ocrx_word' id='word_1_285' title='bbox 980 4873 1161 4947; x_wconf 87' lang='lat' dir='ltr'>presentato</span> <span class='ocrx_word' id='word_1_286' title='bbox 1182 4868 1221 4928; x_wconf 82' lang='lat' dir='ltr'>ad</span> <span class='ocrx_word' id='word_1_287' title='bbox 1241 4868 1404 4930; x_wconf 87' lang='lat' dir='ltr'>ecclesiam</span> <span class='ocrx_word' id='word_1_288' title='bbox 1426 4871 1464 4932; x_wconf 92' lang='lat' dir='ltr'>de</span> <span class='ocrx_word' id='word_1_289' title='bbox 1479 4872 1630 4952; x_wconf 87' lang='lat' dir='ltr'>Hoptone</span> 
     </span>
     <span class='ocr_line' id='line_1_36' title="bbox 398 4973 1629 5057; baseline 0.001 -17"><span class='ocrx_word' id='word_1_290' title='bbox 398 4978 515 5048; x_wconf 84' lang='lat' dir='ltr'>Wafre,</span> <span class='ocrx_word' id='word_1_291' title='bbox 539 4976 624 5057; x_wconf 89' lang='lat' dir='ltr'>qnod</span> <span class='ocrx_word' id='word_1_292' title='bbox 644 4976 683 5037; x_wconf 91' lang='lat' dir='ltr'>lis</span> <span class='ocrx_word' id='word_1_293' title='bbox 704 4980 791 5035; x_wconf 85' lang='lat' dir='ltr'>mota</span> <span class='ocrx_word' id='word_1_294' title='bbox 810 4974 895 5036; x_wconf 88' lang='lat' dir='ltr'>inter</span> <span class='ocrx_word' id='word_1_295' title='bbox 917 4980 950 5035; x_wconf 88' lang='lat' dir='ltr'>ts</span> <span class='ocrx_word' id='word_1_296' title='bbox 977 4980 1009 5036; x_wconf 89' lang='lat' dir='ltr'>et</span> <span class='ocrx_word' id='word_1_297' title='bbox 1037 4974 1156 5035; x_wconf 92' lang='lat' dir='ltr'>dictum</span> <span class='ocrx_word' id='word_1_298' title='bbox 1187 4973 1380 5035; x_wconf 88' lang='lat' dir='ltr'>Willelmum</span> <span class='ocrx_word' id='word_1_299' title='bbox 1402 4995 1496 5056; x_wconf 88' lang='lat' dir='ltr'>super</span> <span class='ocrx_word' id='word_1_300' title='bbox 1518 4979 1629 5040; x_wconf 89' lang='lat' dir='ltr'>eadem</span> 
     </span>
     <span class='ocr_line' id='line_1_37' title="bbox 398 5078 1629 5161; baseline -0.001 -14"><span class='ocrx_word' id='word_1_301' title='bbox 398 5084 539 5155; x_wconf 89' lang='lat' dir='ltr'>ecclesia,</span> <span class='ocrx_word' id='word_1_302' title='bbox 581 5080 791 5143; x_wconf 85' lang='lat' dir='ltr'>ordinacionis</span> <span class='ocrx_word' id='word_1_303' title='bbox 838 5084 946 5142; x_wconf 91' lang='lat' dir='ltr'>nostre</span> <span class='ocrx_word' id='word_1_304' title='bbox 988 5079 1173 5160; x_wconf 89' lang='lat' dir='ltr'>compendio</span> <span class='ocrx_word' id='word_1_305' title='bbox 1213 5078 1322 5159; x_wconf 89' lang='lat' dir='ltr'>pocius</span> <span class='ocrx_word' id='word_1_306' title='bbox 1355 5100 1450 5160; x_wconf 89' lang='lat' dir='ltr'>quam</span> <span class='ocrx_word' id='word_1_307' title='bbox 1489 5080 1629 5161; x_wconf 82' lang='lat' dir='ltr'>judiciali</span> 
     </span>
    </p>
   </div>
   <div class='ocr_carea' id='block_1_7' title="bbox 0 0 1934 5917">
    <p class='ocr_par' dir='ltr' id='par_1_7' title="bbox 0 0 1934 5917">
     <span class='ocr_line' id='line_1_38' title="bbox 0 0 1934 5917; baseline 0 0"><span class='ocrx_word' id='word_1_308' title='bbox 0 0 1934 5917; x_wconf 95' lang='lat' dir='ltr'> </span> 
     </span>
    </p>
   </div>
  </div>
 </body>
</html>
