3850 5917
706 676 857 757 Episcopi
883 677 1127 758 Herosordcaac's.
1472 678 1532 739 271

71 936 158 977 w·
184 936 254 977 ¹³²⁴·
299 925 765 1005 Jon.10.-ruolr0ubtst0p
785 933 947 1006 postpones
975 926 1166 1005 indefinitcly
1195 926 1244 985 aa
1270 927 1399 1005 ocootinp
1420 925 1455 1004 os
1484 925 1533 986 tho

420 1007 601 1068 Provinciol
633 1006 770 1077 Oouncc'l,
800 1006 849 1066 the
883 1006 968 1085 Kiap
1004 1006 1117 1085 hovinp
1149 1007 1277 1086 pointed
1313 1014 1366 1067 out
1403 1007 1471 1067 thot
1506 1007 1533 1066 it

421 1088 522 1149 would
542 1088 684 1167 intorsere
711 1087 788 1147 with
816 1087 865 1148 tte
884 1086 1014 1166 mcetiop
1035 1087 1070 1166 os
1087 1087 1288 1147 Portiomeat.

380 1268 567 1329 Ravocarm
609 1268 1072 1349 Ooucm11.—Archiepiscopus
1106 1269 1265 1349 Episcopo
1311 1259 1535 1331 Hereiorde'nsi

299 1374 443 1444 salutem,
472 1380 532 1435 etc.
587 1370 824 1435 Deliberacione
855 1374 985 1455 provida
1016 1374 1116 1435 multa
1146 1374 1334 1435 multociens
1368 1352 1535 1435 salubriter

299 1480 443 1540 ordinata
476 1481 679 1560 postmodum
724 1481 812 1560 juxta
846 1481 1030 1542 varietatem
1060 1488 1238 1559 temporum
1279 1485 1311 1541 et
1348 1481 1534 1559 qualitatem

300 1586 401 1645 eciam
431 1585 661 1664 emergencium
698 1585 888 1665 agendorum
915 1591 1067 1666 expetunt
1097 1605 1324 1666 nonnunquam
1356 1587 1532 1647 necessario

301 1688 496 1748 commutari.
554 1689 634 1749 (lum
665 1688 771 1769 itaque
801 1688 893 1750 firmo
924 1694 1077 1769 concepto
1107 1690 1276 1769 proposito,
1309 1690 1471 1751 vobiscum
1502 1696 1534 1752 et

300 1814 372 1854 cum
408 1794 520 1855 ceteris
565 1794 713 1855 iratribus
747 1794 940 1876 coepiscopis
975 1795 1181 1875 suffraganeis
1215 1796 1341 1867 nostris,
1377 1816 1413 1857 ao
1453 1797 1536 1858 clero

300 1905 407 1961 nostre
421 1900 581 1979 provincie
608 1900 853 1973 cantuariensis,
878 1901 911 1960 in
932 1902 1064 1963 ecclesia
1084 1902 1185 1963 sancti
1207 1902 1296 1962 Pauli
1312 1902 1534 1975 Londonionsi,

301 2006 491 2086 provinciale
522 2006 688 2067 consilium
730 2006 762 2065 in
794 2007 923 2069 Octabis
954 2008 1057 2068 sancti
1089 2008 1214 2067 Hillarii
1244 2008 1386 2087 proximo
1427 2007 1534 2078 futuri,

300 2110 389 2190 juxta
422 2110 571 2171 effectum
609 2110 784 2170 litterarum
818 2116 998 2171 nostrarum
1033 2131 1127 2190 super
1161 2110 1221 2172 hoc
1242 2111 1437 2195 emissarum,
1478 2131 1536 2190 pro

301 2214 438 2293 negociis
463 2214 568 2275 arduis
599 2213 730 2275 ecclesie
761 2214 871 2294 Anglie
899 2214 1164 2294 disposuissemus
1192 2215 1373 2287 celebrasse,
1406 2216 1536 2277 ecclesie

302 2320 520 2381 serenissimus
544 2319 705 2398 Princeps,
737 2320 884 2380 dominus
915 2320 983 2380 Rex
1014 2320 1124 2401 Anglie
1144 2320 1284 2391 illustris,
1316 2321 1421 2401 apices
1451 2340 1534 2393 suas,

301 2445 380 2504 quas
417 2426 501 2504 apud
538 2425 714 2495 Octeiorde,
750 2425 818 2504 viij⁰
855 2426 906 2485 die
943 2425 1084 2486 Januarii
1121 2446 1191 2486 sero
1225 2426 1409 2505 recepimus,
1444 2425 1535 2488 uobis

302 2530 459 2591 destinare
480 2532 609 2602 curavit,
631 2531 791 2592 innuendo
812 2532 846 2590 in
866 2531 984 2593 eisdem
1005 2532 1089 2611 quod
1113 2552 1169 2611 per
1192 2532 1358 2593 consilium
1389 2537 1533 2593 nostrum

302 2635 492 2715 hujusmodi,
521 2635 548 2695 si
580 2636 618 2695 ad
650 2642 756 2697 actum
784 2636 974 2716 procederet,
1010 2638 1217 2717 parliamento
1252 2656 1319 2708 suo,
1350 2638 1435 2718 quod
1469 2644 1535 2699 tam

302 2760 359 2821 pro
380 2746 465 2802 statu
489 2745 521 2801 et
542 2741 679 2801 utilitate
701 2742 831 2803 ecclesie
852 2747 960 2803 sancte
981 2763 1076 2823 quam
1097 2763 1154 2822 pro
1175 2744 1297 2823 magnis
1325 2749 1357 2805 et
1379 2744 1532 2824 urgentis·

302 2846 391 2908 simis
411 2846 499 2926 regni
524 2847 573 2907 sui
593 2848 736 2927 negotiis,
762 2868 781 2908 a
801 2848 852 2909 die
873 2848 1108 2910 Purificacionis
1128 2848 1219 2911 beate
1237 2849 1374 2929 Virginis
1395 2850 1537 2929 proxime

303 2954 408 3015 futuro
428 2957 461 3013 in
483 2959 547 3015 tres
568 2955 770 3034 septimanas,
796 2954 879 3034 apud
901 2955 1219 3017 westmonasterium
1239 2955 1304 3034 jam
1325 2956 1441 3017 fecerat
1462 2956 1534 3017 sub·

303 3060 432 3131 moneri,
460 3060 721 3140 impedimentum
748 3059 929 3132 maximum,
958 3061 1042 3140 quod
1077 3061 1167 3132 absit,
1199 3082 1354 3141 paremus,
1383 3062 1536 3142 nobisque

303 3166 480 3226 mandando
508 3165 639 3227 ulterius
668 3165 856 3246 supplicavit
889 3171 926 3226 ut
960 3186 999 3227 ex
1033 3188 1128 3228 causa
1164 3167 1317 3246 premissa
1362 3188 1425 3228 non
1470 3172 1536 3229 tam

302 3272 478 3333 necessaria
509 3292 603 3352 quam
638 3271 707 3331 utili
738 3272 999 3333 convocacionem
1032 3272 1223 3351 prelatorum
1255 3276 1287 3333 et
1325 3272 1399 3334 cleri
1431 3278 1537 3334 nostre

302 3377 470 3456 provincie,
491 3382 528 3437 ut
548 3376 750 3457 premittitur,
779 3376 953 3437 faciendam
979 3376 1175 3438 differremus
1207 3398 1243 3438 ac
1263 3378 1401 3439 revocari
1421 3378 1536 3439 facere-

303 3501 374 3542 mus
394 3482 521 3561 penitus
541 3482 603 3542 ista
631 3482 708 3543 vice.
751 3482 819 3542 Nos
853 3482 947 3561 igitur
981 3484 1135 3561 premissa
1165 3483 1374 3562 ponderantes
1403 3490 1435 3545 et
1464 3503 1537 3545 con·

303 3588 476 3649 siderantes
504 3588 631 3668 iusuper
662 3586 842 3647 discrimina
873 3587 1002 3667 grandia
1029 3587 1171 3648 laborum
1200 3593 1232 3653 et
1263 3594 1447 3669 sumptuum
1476 3609 1537 3670 que

304 3694 476 3755 confratres
517 3698 643 3754 nostros
684 3699 716 3754 et
747 3693 865 3754 clerum
899 3693 1056 3773 predictos
1091 3693 1244 3754 veniendo
1280 3694 1319 3754 ad
1355 3693 1536 3772 hujusmodi

303 3800 469 3861 concilium
495 3805 527 3861 et
548 3800 720 3860 recedendo
752 3799 791 3859 ab
823 3799 942 3871 eodem,
975 3820 1011 3859 ac
1032 3798 1146 3859 iterum
1168 3799 1286 3880 absque
1306 3799 1470 3859 intervallo
1497 3800 1537 3859 ad

301 3905 478 3985 pradictum
499 3905 742 3985 parliamentum
773 3904 939 3976 redeundo,
969 3904 1031 3965 hiis
1052 3905 1127 3965 anni
1159 3904 1351 3983 temporibus
1379 3909 1537 3985 oporteret

303 4002 479 4064 necessario
511 4002 675 4074 sustinere,
707 4002 747 4063 de
768 4002 964 4082 quorundam
993 4002 1185 4080 prelatorum
1224 4005 1256 4062 et
1292 4001 1422 4061 aliorum
1458 4002 1537 4081 juris

304 4107 475 4186 peritorum
511 4106 742 4166 communicato
777 4106 916 4178 oonsilio,
958 4105 1079 4166 dictum
1113 4110 1257 4167 nostrum
1295 4105 1460 4167 concilium
1497 4106 1537 4166 ad

302 4230 433 4290 presens
455 4211 601 4271 duximus
625 4211 889 4290 suspendendum,
912 4216 944 4271 et
969 4210 1069 4271 eidem
1091 4210 1150 4270 hac
1171 4210 1238 4271 vice
1260 4210 1536 4289 supersedendum,

303 4317 388 4400 quod
416 4323 519 4378 vestre
548 4316 737 4376 fraternitati
759 4322 867 4376 tenore
897 4316 1095 4396 presencium
1126 4316 1318 4389 intimamus,
1343 4322 1375 4377 et
1404 4336 1537 4395 parvos

303 4424 386 4486 clero
421 4429 525 4485 vestro
559 4427 592 4483 et
626 4423 738 4483 ceteris
759 4421 892 4483 subditis
926 4427 1030 4482 vestre
1064 4421 1197 4483 diocesis
1225 4442 1358 4501 quorum
1385 4422 1538 4483 interesse

305 4529 478 4591 dinoscitur
504 4528 622 4608 absque
653 4548 740 4589 more
768 4528 899 4607 diffugio
929 4527 1075 4589 volumus
1096 4527 1250 4589 intimare.
1303 4528 1423 4587 Datum
1454 4528 1538 4607 apud

305 4638 490 4710 Lamhethe,
512 4646 545 4696 ι’
565 4636 615 4697 die
636 4635 787 4708 Januarii,
809 4636 836 4695 A
838 4681 1005 4696 .....
1007 4638 1017 4672 ¹

680 5158 682 5161 Α
717 5104 802 5145 l-The
813 5107 884 5152 entra
896 5104 918 5147 is
935 5104 1077 5148 unliniahcd.
