3850 5917
411 685 470 746 194
782 685 961 765 rueram
988 684 1054 746 ra
1080 683 1117 746 a
1147 683 1271 745 ouon

239 914 297 954 Α-ὓ·
312 913 368 955 ¹³²⁰·
410 915 533 970 suetam
571 915 604 971 et
638 910 757 972 eisdem
793 909 931 970 debitam
967 909 1006 970 ab
1041 908 1180 990 antiquo.
1244 908 1284 968 In
1328 929 1462 990 quorum
1501 908 1644 970 omnium

409 1015 635 1087 testimonium,
663 1021 723 1076 etc.
753 1017 872 1076 Datum
897 1016 981 1095 apud
1009 1015 1194 1095 Bergeveny
1218 1023 1250 1076 v⁰
1279 1013 1349 1076 Kal.
1378 1013 1532 1086 Octobris,
1560 1033 1644 1074 anno

410 1121 539 1181 Domini
567 1120 735 1182 millesimo
765 1120 856 1182 000ο
876 1121 1034 1192 vicesimo,
1059 1126 1119 1182 etc.

410 1373 487 1452 Moy
514 1373 751 1434 15.-Wiztiam
785 1373 822 1434 dc
858 1374 1058 1445 Laudiacum,
1091 1373 1195 1454 Pupcl
1229 1373 1361 1445 Nuacio,
1389 1374 1491 1436 writes
1526 1382 1556 1436 to
1596 1375 1644 1436 tha

532 1454 658 1534 Biebop,
684 1454 869 1532 dcnmndinp
896 1455 945 1516 the
969 1474 1090 1515 ancora
1114 1456 1150 1534 os
1172 1453 1220 1514 tis
1246 1453 1465 1516 Procurctiocs
1484 1455 1571 1535 from
1595 1456 1644 1516 tlte

531 1534 665 1605 Diocccc,
693 1535 744 1596 cic
770 1535 874 1596 nrarlcs
903 1535 975 1614 only
1004 1535 1118 1614 buoinp
1146 1535 1217 1596 bean
1241 1535 1321 1615 paid
1348 1555 1383 1596 aa
1411 1543 1469 1614 pet.

491 1701 674 1763 Oourrrssro
695 1721 796 1763 sacra
813 1720 938 1764 noumo
953 1703 1214 1764 Hunnsosnausr
1229 1703 1391 1764 Emscoro
1405 1721 1447 1763 su
1465 1721 1646 1765 nnvaunmr

409 1824 444 1867 rr
486 1825 616 1870 brocasr
651 1826 711 1870 sur
745 1825 1011 1870 asceumemuns
1047 1826 1185 1868 punisse
1224 1827 1340 1869 aarum
1375 1809 1563 1871 Wmnnmso
1601 1829 1645 1871 mr

409 1913 580 1986 Launuuo,
604 1932 726 1975 uuscro
760 1915 858 1976 Sunrs
883 1914 1316 1978 dromonem—Venerabili
1344 1914 1377 1974 in
1409 1915 1536 1977 Christo
1563 1917 1645 1997 patri

409 2019 545 2091 domino,
576 2025 645 2091 etc,
671 2021 768 2081 frater
795 2021 845 2081 W.
878 2020 917 2081 de
946 2020 1110 2092 Lauduno,
1143 2020 1222 2081 sacri
1250 2020 1362 2101 palacii
1386 2019 1494 2093 lector,
1526 2021 1646 2084 ordinis

410 2125 656 2197 Predicatorum,
691 2146 728 2186 ac
760 2125 895 2186 nuncius
932 2125 1021 2187 Sedis
1057 2125 1245 2205 Apostolice,
1282 2125 1415 2186 sulutem
1444 2126 1477 2185 in
1507 2127 1647 2189 Domino

410 2230 645 2310 sempiternam.
697 2231 835 2293 Litteras
863 2230 1055 2292 sanctissimi
1075 2231 1184 2311 patris,
1213 2231 1332 2292 domini
1353 2230 1518 2304 Johannis,
1540 2232 1647 2293 divina

410 2336 612 2417 providencia
653 2337 740 2416 Papa
781 2336 892 2409 XXII,
935 2336 1133 2398 continencia
1166 2337 1342 2416 recepimus
1383 2337 1582 2418 infrascripta
1597 2358 1647 2398 :—

409 2442 572 2503 Johannes
604 2443 790 2522 Episcopus,
822 2463 931 2504 servus
952 2462 1113 2504 servorum
1149 2442 1218 2514 Dei,
1240 2441 1469 2504 venerabilibus
1497 2443 1646 2506 iratribus

410 2548 574 2620 universis,
614 2548 865 2629 Archiepiscopis
903 2555 936 2610 et
970 2549 1146 2630 Episcopis‚
1182 2569 1219 2610 ac
1255 2548 1377 2610 dilectis
1415 2548 1498 2620 liliis,
1537 2549 1646 2611 electis

411 2652 593 2725 Abbatibus,
615 2652 784 2725 Prioribus,
806 2655 953 2726 Dccauis,
978 2654 1155 2735 prepositis,
1182 2653 1418 2727 archidiaconis,
1440 2655 1645 2735 archipresbi-

411 2759 496 2831 teris,
517 2758 669 2838 plebanis,
690 2765 723 2820 et
743 2759 813 2821 aliis
834 2759 1036 2822 ecclesiarum
1064 2759 1193 2840 prelatis
1217 2765 1250 2821 et
1277 2759 1449 2821 rectoribus
1474 2766 1506 2822 et
1537 2781 1645 2823 eorum

410 2863 495 2925 vices
532 2864 721 2944 gerentibus,
765 2864 896 2945 aliisque
931 2865 1076 2944 personis
1112 2863 1341 2938 ecclesiasticis,
1385 2865 1578 2928 secularibus
1613 2872 1647 2928 et

410 2971 611 3050 regularibus,
637 2970 848 3043 ecclesiarum,
870 2976 903 3032 et
924 2970 1188 3032 monasteriorum
1205 2971 1351 3052 capitulis
1374 2976 1406 3033 ct
1428 2973 1644 3046 conventibus,

410 3077 563 3156 exemptis
591 3082 624 3138 et
647 3097 712 3137 non
732 3077 896 3157 exemptis,
920 3077 1184 3150 cisterciensium,
1219 3076 1481 3151 cluniacensium,
1505 3078 1643 3141 Oartusi·

409 3182 543 3255 ensium,
558 3183 890 3256 Grandmoutensium,
905 3181 1256 3254 Premonstratensium,
1274 3182 1462 3243 Sanctorum
1482 3182 1646 3245 Benedicti

411 3296 444 3352 et
471 3291 647 3371 Augustini,
676 3295 708 3352 ct
736 3291 868 3352 aliorum
896 3309 1154 3372 quorumcunque
1182 3289 1337 3360 ordinum,
1365 3290 1586 3370 magistrisque
1608 3311 1645 3352 ac

411 3395 566 3475 prioribus
594 3400 626 3456 et
652 3395 888 3476 preceptoribus
924 3395 1140 3475 Hospitalium
1178 3395 1286 3456 Sancti
1313 3394 1469 3456 Johannis
1497 3395 1644 3457 Jerosoli·

411 3501 531 3572 mitani,
561 3521 598 3561 ac
628 3500 719 3562 beate
747 3501 848 3562 Maris
875 3501 1140 3562 Theutonicorum
1169 3505 1202 3562 et
1231 3500 1470 3572 calatravensis,
1498 3502 1538 3562 ad
1565 3521 1647 3582 quos

410 3610 573 3685 presentes
593 3605 697 3667 littera
718 3607 927 3686 pervenerint,
949 3606 1083 3668 salutem
1105 3612 1138 3668 et
1155 3606 1359 3686 apostolicam
1380 3606 1645 3670 benediccionem.

411 3711 491 3773 (lum
512 3732 571 3773 nos
602 3711 751 3772 dilectum
775 3712 874 3773 filium
906 3712 1111 3774 Guillelmum
1136 3713 1175 3773 de
1204 3712 1366 3784 Lauduno,
1395 3713 1513 3774 ordinis
1538 3714 1644 3776 Prodi-

410 3821 562 3886 catorum,
585 3815 618 3875 in
642 3816 737 3876 Sacra
756 3817 925 3896 Theologia
943 3815 1138 3896 magistrum,
1159 3815 1192 3875 in
1211 3815 1305 3877 Ouria
1324 3815 1467 3876 Romana
1485 3814 1644 3892 lectorem,

413 3922 590 4001 Apostolice
624 3921 713 3983 Sedis
749 3923 909 3993 nuncium,
951 3921 1158 3983 exhibitorem
1193 3919 1401 4000 presencium,
1438 3922 1477 3981 ad
1514 3941 1645 4002 regnum

412 4028 530 4107 Anglie‚
566 4033 599 4089 et
630 4027 782 4089 Hibemie
820 4048 857 4089 ac
894 4027 1008 4088 Wsllie
1035 4032 1151 4107 partes,
1181 4026 1240 4087 sibi
1278 4031 1311 4088 et
1348 4026 1518 4087 venerabili
1556 4026 1645 4089 iratri

410 4140 528 4205 nostro,
550 4133 682 4213 Rigaldo
701 4133 858 4214 Episcopo
881 4133 1103 4204 Wintouiensi,
1126 4131 1312 4212 quibusdam
1338 4131 1443 4192 arduis
1467 4133 1645 4195 commissis

411 4239 548 4320 negociis
576 4239 779 4312 destinemus,
807 4239 1045 4301 universitatem
1073 4244 1210 4299 vestram
1238 4256 1394 4318 rogamus,
1416 4256 1590 4310 monemus,
1612 4245 1645 4300 et

411 4346 574 4407 hortamur
604 4346 769 4418 attencius,
810 4353 842 4407 et
879 4366 935 4426 per
970 4343 1142 4426 apostolica
1183 4342 1272 4404 vobis
1306 4342 1423 4422 scripta
1458 4343 1645 4406 mandamus

410 4455 566 4531 quatenus
607 4450 746 4511 eundum
783 4449 995 4521 Guillelmum,
1031 4468 1103 4509 cum
1139 4467 1195 4527 per
1228 4451 1335 4526 partes
1370 4450 1401 4507 et
1435 4446 1505 4508 loca
1540 4453 1645 4510 vestra

411 4557 579 4617 transitum
618 4556 735 4628 iecerit,
771 4557 811 4617 ob
846 4555 1057 4618 reverenciam
1094 4552 1273 4634 Apostolice
1311 4551 1399 4614 Sedis
1436 4558 1469 4614 et
1503 4559 1645 4616 nostram

411 4663 544 4743 benigne
575 4663 770 4742 recipientes,
803 4667 835 4723 et
866 4663 999 4723 honeste
1028 4665 1209 4730 tractantes,
1231 4664 1264 4720 et
1291 4678 1348 4739 pro
1374 4658 1440 4719 suis
1468 4664 1501 4719 et
1528 4659 1646 4722 familie

412 4789 468 4831 sue
488 4768 672 4830 necessariis
693 4769 825 4849 singulis
852 4768 962 4829 diebus
990 4767 1029 4828 de
1059 4766 1159 4827 tribus
1190 4763 1317 4826 florenis
1346 4763 1422 4836 auri,
1448 4784 1519 4826 cum
1551 4784 1646 4846 super

412 4875 472 4935 hoc
498 4894 555 4954 per
581 4874 716 4935 eundem
743 4873 948 4934 Guillelmum
980 4877 1035 4932 aut
1064 4871 1132 4950 ejus
1162 4869 1313 4930 nuncium
1342 4866 1484 4950 requisiti
1513 4867 1645 4944 fueritis,

411 4979 577 5051 ineundo,
598 4979 756 5050 morando,
778 4983 811 5040 et
831 4979 999 5049 redeundo,
1022 4975 1191 5037 liberaliter
1207 4973 1370 5055 providere
1392 4972 1518 5036 curatis.
1554 4974 1645 5051 Quod

412 5085 439 5147 si
462 5085 619 5165 prefatum
648 5085 851 5146 Guillelmum
887 5084 920 5144 in
948 5083 1053 5164 aliquo
1091 5081 1160 5142 loco
1196 5080 1247 5142 vel
1273 5079 1350 5142 locis
1377 5099 1435 5159 pro
1463 5079 1646 5158 hujusmodi
