3850 5917
224 897 283 937 ab.
299 895 352 934 itia.

242 1743 291 1784 Fol.
304 1742 353 1782 2⁴b.

392 665 434 723 88
769 662 949 740 chs'stram
977 661 1043 722 Adc
1069 661 1107 722 de
1136 661 1259 722 Orlctoa

398 894 563 950 conservet
584 889 623 949 ad
649 888 779 949 ecclesie
800 907 855 948 sue
877 888 1025 966 regimen,
1047 893 1080 947 et
1100 886 1189 947 vobis
1210 886 1363 966 adaugeat
1389 886 1508 947 donum
1532 887 1636 965 gracie

395 993 551 1055 salutaris.
596 995 754 1075 Scriptum
781 999 951 1073 utsupra.
1038 1004 1040 1007 '

399 1259 476 1320 Neo.
505 1260 724 1339 21.-D[aetct
752 1259 900 1342 Martin],
928 1260 1048 1340 Bisbop
1075 1262 1110 1340 os
1145 1263 1191 1322 St.
1227 1261 1368 1332 Dooid's,
1396 1282 1555 1341 errrpowere
1584 1262 1635 1322 tlte

523 1341 642 1422 Bisbop
664 1343 700 1420 os
725 1341 877 1420 Hereford
906 1348 935 1401 to
959 1348 1010 1402 act
1026 1343 1081 1421 scr
1106 1341 1170 1401 tim
1197 1343 1232 1401 c'n
1257 1342 1305 1402 the
1332 1350 1444 1402 rmtter
1469 1343 1505 1420 os
1525 1343 1633 1403 releas-

522 1425 575 1500 c'ap
608 1422 692 1482 John
722 1423 813 1492 Both,
845 1443 865 1482 a
889 1430 1012 1482 sanant
1039 1424 1074 1502 os
1097 1423 1189 1500 Lady
1213 1423 1371 1501 Marqaret
1398 1423 1435 1482 de
1463 1423 1633 1494 Mortimcr,

515 1505 602 1642 {rom
630 1503 679 1564 tte
715 1510 850 1564 sentence
885 1504 920 1582 oj
954 1503 1247 1564 cecornmanicctioa
1279 1504 1475 1583 pronoicnccd
1510 1504 1635 1582 aqciast

540 1604 593 1644 cm.

479 1740 663 1801 Goumasm
685 1757 802 1800 nomm
825 1740 1145 1810 ursmarus-D,
1173 1740 1378 1800 miseracione
1398 1740 1505 1800 divina
1525 1740 1634 1801 Mene-

396 1848 502 1906 vensis
523 1846 711 1925 Episcopus,
734 1844 903 1905 venerabili
923 1845 956 1903 in
979 1844 1106 1905 Christo
1127 1845 1219 1923 patri,
1235 1845 1310 1914 Ade,
1323 1851 1392 1915 eto,
1414 1845 1558 1917 salutem,
1574 1851 1633 1907 etc.

396 1953 477 2025 Quia
506 1951 717 2013 intelleximus
752 1950 835 2030 quod
857 1950 1020 2010 occasione
1055 1950 1218 2028 eujusdam
1241 1950 1401 2010 sentencie
1422 1951 1633 2010 excommuni-

395 2058 531 2118 cacionis
567 2057 695 2136 majoris
737 2076 793 2135 per
834 2055 915 2116 bone
957 2055 1107 2116 memorie
1148 2056 1332 2134 magistrum
1375 2055 1553 2115 Gilbertum
1595 2055 1634 2115 de

396 2162 626 2234 Musselwicke,
664 2161 823 2242 quendem
858 2161 1022 2222 officialem
1064 2167 1217 2230 nostrum,
1256 2162 1289 2220 in
1323 2161 1502 2222 Johennem
1538 2162 1633 2232 Both,

395 2268 581 2328 familiarem
602 2268 715 2329 nobilis
730 2266 879 2338 mulieris,
895 2267 995 2326 amice
1010 2271 1118 2327 nostre
1132 2267 1165 2325 in
1180 2266 1306 2327 Christo
1319 2267 1493 2337 karissime,
1508 2267 1635 2328 domine

396 2373 574 2452 Margarete
596 2373 635 2433 de
659 2371 876 2442 Mortuomari,
909 2391 982 2431 cum
1013 2370 1318 2432 communicantibus
1349 2371 1451 2432 eidem
1485 2372 1635 2442 Johenni,

394 2484 525 2557 propter
553 2497 643 2537 suam
669 2476 901 2536 contumaciam
922 2475 1163 2556 multiplicatam
1192 2477 1310 2556 pariter
1337 2483 1369 2537 et
1399 2477 1554 2539 offensam
1575 2479 1633 2538 iul-

396 2584 523 2655 minate,
548 2588 655 2663 posset
685 2583 847 2642 internos
869 2587 901 2642 et
932 2582 1049 2641 dietam
1081 2582 1239 2642 dominam
1270 2582 1475 2643 dissensionis
1503 2584 1636 2643 materia

397 2689 545 2760 suboriri;
570 2709 628 2749 nos
645 2687 787 2748 volentes
807 2688 895 2766 juxta
916 2687 1091 2746 doctrinam
1107 2687 1249 2767 Apostoli
1271 2708 1343 2748 cum
1364 2688 1510 2749 omnibus
1524 2709 1636 2768 pacem

396 2816 525 2875 querere
546 2800 578 2856 et
601 2794 724 2864 habere,
747 2798 779 2854 et
802 2793 923 2873 prefate
944 2793 1079 2863 domine,
1100 2799 1253 2873 quantum
1275 2815 1347 2854 cum
1370 2795 1439 2855 Deo
1455 2814 1634 2874 possumus,

394 2900 599 2979 complacere,
625 2899 834 2968 tractandum,
856 2899 1093 2978 providendum,
1119 2904 1151 2959 et
1179 2899 1386 2959 ordinandum
1411 2901 1450 2961 de
1478 2907 1635 2980 oportuno

395 3007 534 3068 remedio
555 3026 613 3085 pro
635 3006 719 3066 dicto
745 3005 891 3066 Johanne
915 3011 947 3065 et
969 3005 1038 3065 aliis
1063 3006 1209 3066 omnibus
1233 3007 1287 3086 qui
1308 3027 1342 3067 se
1363 3007 1526 3068 occasione
1551 3009 1634 3070 dicte

396 3112 556 3174 sentencie
589 3112 746 3173 senserint
778 3112 916 3173 indebite
951 3118 1162 3191 pregravatos,
1184 3118 1216 3173 et
1237 3112 1277 3172 ad
1304 3112 1488 3173 beneficium
1512 3115 1635 3175 absolu-

396 3217 496 3278 cionis
518 3237 598 3289 vere,
621 3237 677 3278 seu
699 3217 738 3277 ad
761 3216 925 3287 cautelam,
956 3217 983 3277 si
1013 3217 1195 3296 oportuerit,
1225 3217 1480 3297 impendendum,
1510 3220 1559 3280 vel
1595 3220 1635 3280 ad

396 3323 607 3388 revocandum
627 3322 783 3402 prefatam
804 3322 1008 3392 sentenciam,
1031 3322 1058 3382 si
1079 3328 1111 3382 et
1132 3328 1287 3402 quatenus
1308 3324 1347 3384 de
1368 3324 1467 3403 ipsius
1488 3325 1635 3386 nullitate

395 3428 513 3508 poterit
539 3447 698 3507 apparere,
720 3447 843 3488 necnon
874 3428 914 3487 ad
945 3428 1051 3488 omnia
1072 3427 1133 3487 alia
1164 3428 1306 3489 iacienda
1330 3450 1390 3508 que
1411 3431 1444 3488 in
1472 3430 1637 3509 premissis

396 3533 574 3593 necessaria
588 3532 705 3594 fuerint
726 3552 783 3592 seu
802 3533 901 3593 eciam
919 3538 1083 3612 oportuna,
1100 3533 1188 3594 vobis
1203 3535 1431 3595 committimus
1447 3535 1479 3593 in
1498 3536 1634 3596 solidum

395 3637 480 3698 vices
502 3642 636 3698 nostras.
690 3638 809 3697 Datum
843 3637 925 3717 apud
956 3637 1137 3698 Londonias
1164 3638 1209 3715 xj⁰
1236 3638 1305 3697 Kal.
1335 3639 1528 3710 Decembris,
1550 3661 1635 3702 anno

395 3743 526 3804 Domini
550 3743 786 3823 Mmcoaviija
809 3742 1058 3804 consecracionis
1082 3748 1189 3804 nostre
1211 3743 1305 3823 xxiiij.

395 4010 468 4070 Dec.
497 4008 657 4068 Ita—Tha
694 4007 822 4086 Bishop,
857 4005 991 4086 findinq,
1020 4014 1053 4066 at
1089 4007 1137 4067 aa
1165 4007 1336 4079 visitatioa,
1366 4010 1415 4071 the
1445 4011 1568 4074 Choreb
1602 4016 1639 4093 os

522 4088 660 4167 Kinptcn
685 4088 754 4148 held
783 4087 926 4165 bydolrn
957 4087 1104 4164 Watwyn,
1127 4109 1147 4148 a
1166 4089 1325 4168 pluralist,
1353 4092 1425 4152 csta
1451 4093 1634 4172 Hamphrey

521 4169 558 4229 dc
586 4169 706 4240 Bohun,
739 4169 821 4228 Eart
848 4169 883 4246 of
908 4168 1068 4247 Hereford,
1099 4168 1148 4228 rte
1181 4177 1295 4248 pat-ron
1328 4173 1363 4250 os
1399 4173 1447 4233 the
1474 4195 1566 4247 sante,
1604 4184 1634 4237 to

520 4249 648 4329 appoint
669 4270 689 4309 a
709 4269 773 4310 new
797 4249 917 4309 Hector.

479 4417 709 4478 Dauuucmoro
752 4434 852 4476 saona
894 4416 1014 4476 Coum
1063 4416 1324 4480 Haearoenansr
1366 4439 1409 4480 na
1451 4441 1633 4486 vscrcrona

397 4543 553 4588 accusem
589 4521 995 4600 Karesene—Magnifica
1022 4526 1055 4582 et
1081 4524 1204 4601 potenti
1229 4525 1304 4595 viro,
1332 4527 1434 4588 amico
1458 4535 1491 4589 et
1512 4529 1578 4591 filio
1600 4531 1633 4591 in

397 4631 524 4692 Christo
545 4629 719 4697 karissimo,
742 4627 870 4687 domino
895 4625 1073 4686 Humfredo
1095 4628 1134 4687 de
1158 4627 1283 4700 Bohun,
1309 4629 1424 4692 comiti
1448 4633 1635 4699 Herefordie

398 4735 592 4806 et'Essexie,
616 4733 725 4804 Adam,
746 4739 816 4804 eto„
834 4731 981 4810 quicquid
1002 4738 1109 4810 potest
1129 4734 1279 4805 amicicie,
1300 4743 1360 4797 etc.
1402 4739 1484 4812 Quia
1504 4742 1638 4804 ecclesia

397 4843 436 4903 de
474 4841 652 4920 Kyngtone,
693 4839 789 4899 vestri
824 4842 1019 4917 patronatus,
1051 4857 1152 4917 nuper
1190 4859 1247 4917 per
1277 4860 1336 4902 nos
1370 4843 1507 4914 visitata,
1538 4867 1634 4926 quam

397 4945 584 5010 venerabilis
606 4945 654 5005 vir
682 4944 832 5023 magister
852 4943 1016 5004 Johannes
1037 4943 1209 5022 Walewyn,
1237 4946 1316 5024 juris
1336 4947 1437 5009 civilis
1465 4953 1633 5029 professor,

398 5075 555 5118 unacum
584 5054 724 5115 ecclesiis
745 5051 977 5132 parochialibus
1001 5052 1039 5112 de
1065 5051 1263 5133 Lugwardyn
1290 5061 1323 5115 et
1350 5055 1516 5120 Radenora
1536 5064 1636 5124 veteri
