3850 5917
407 669 467 729 294
781 668 962 747 Rapistrum
989 669 1054 730 ride
1081 669 1118 731 dc
1148 669 1272 731 Orlctoa

236 899 296 940 M>-
311 900 367 939 Μ·
409 912 466 954 seu
504 894 775 973 dispensacionem
813 894 972 955 diocesani
1011 895 1060 956 sui
1095 896 1185 975 juxta
1225 895 1358 958 formam
1403 896 1646 959 constitucionis
1710 899 1714 907 '

408 997 509 1060 felicis
529 999 758 1060 recordacionis
780 999 899 1060 domini
921 1000 1077 1061 Bonilacii
1099 1002 1186 1081 Pape
1205 1002 1291 1063 VIII
1318 1002 1456 1063 obtinuit
1483 1007 1519 1063 nt
1540 1002 1647 1064 studio

409 1103 569 1165 insisteret
606 1104 791 1176 litterarum,
816 1110 963 1185 pretextu
1000 1106 1090 1185 cnjus
1121 1106 1369 1186 dispensacionis
1397 1108 1518 1169 fructus
1546 1107 1647 1187 ipsius

409 1209 548 1279 ecclesie,
568 1230 628 1290 que
648 1230 762 1270 novem
781 1230 956 1271 marcarum
976 1211 1196 1291 sterlingorum
1214 1212 1303 1292 juxta
1317 1213 1512 1274 taracionem
1527 1214 1648 1276 decime

409 1314 546 1376 valorem
575 1335 716 1376 annuum
740 1336 805 1377 non
829 1318 994 1388 excedunt,
1019 1336 1076 1397 per
1099 1317 1238 1397 quinque
1263 1338 1362 1379 annos
1384 1318 1534 1398 percepit,
1560 1328 1592 1380 et
1613 1318 1647 1379 in

408 1421 551 1501 proprios
586 1442 662 1483 usus
693 1427 816 1501 partem
847 1442 957 1483 eorum
988 1423 1145 1502 expendit,
1177 1424 1216 1483 de
1251 1423 1376 1485 residuo
1411 1424 1529 1484 faciens
1564 1424 1648 1485 dicte

408 1526 539 1589 ecclesie
568 1533 600 1589 et
623 1527 771 1607 parochie
794 1547 852 1607 per
878 1527 1030 1588 vicarium
1055 1528 1213 1606 ydoneum
1239 1529 1343 1591 debite
1368 1528 1526 1599 deserviri,
1551 1549 1647 1608 quam

409 1634 573 1695 ecclesiam
596 1634 799 1714 postmodum
821 1634 855 1693 in
877 1634 1024 1695 manibus
1048 1635 1198 1696 ordinarii
1219 1636 1352 1697 diocesis
1374 1636 1530 1697 antedicto
1552 1635 1648 1698 libere

408 1740 596 1819 resignavit;
625 1761 734 1801 verum
759 1760 831 1800 cum
859 1745 989 1820 propter
1013 1746 1232 1821 paupertatem
1256 1741 1294 1801 de
1323 1741 1475 1803 fructibus
1497 1742 1648 1821 predictis

409 1866 473 1909 non
501 1833 602 1927 possit
629 1845 811 1907 satisfacere
842 1845 875 1905 in
907 1846 1056 1925 presenti,
1089 1846 1278 1925 supplicavit
1309 1846 1471 1907 humiliter
1502 1846 1561 1907 sibi
1592 1866 1649 1926 per

410 1952 524 2014 Sedem
551 1951 766 2031 Apostolieam
791 1971 885 2031 super
908 1951 971 2013 hiis
994 1951 1033 2012 de
1058 1957 1214 2031 oportuno
1238 1952 1377 2013 remedio
1405 1952 1647 2014 misericorditer

409 2058 573 2138 provideri.
626 2057 694 2118 Nos
716 2057 811 2137 igitur
831 2058 1019 2118 auctoritate
1047 2056 1166 2117 domini
1188 2056 1283 2136 Pape,
1305 2058 1395 2136 cujus
1423 2057 1647 2136 penitenciarie

409 2184 517 2224 curam
551 2163 698 2243 gerimus,
721 2168 775 2223 tue
807 2161 992 2223 discrecioni
1014 2162 1243 2223 committimus
1278 2163 1437 2243 quatinus,
1473 2164 1500 2225 si
1521 2170 1571 2225 est
1591 2165 1645 2236 ita,

409 2276 578 2350 postquam
609 2270 765 2349 ydoneam
797 2268 931 2329 salutem
961 2268 1121 2347 juratoris,
1153 2268 1180 2329 si
1213 2268 1306 2329 aliam
1337 2269 1411 2330 dare
1442 2290 1506 2329 non
1537 2270 1647 2349 possit,

410 2376 468 2437 tibi
506 2374 679 2455 praetiterit
718 2373 902 2435 canonicam
940 2374 1033 2454 quod,
1073 2393 1145 2433 cum
1184 2374 1224 2433 ad
1258 2374 1454 2454 pinguiorem
1489 2374 1647 2435 fortunam

410 2480 579 2550 devenerit,
608 2480 647 2541 de
671 2479 820 2559 predictis
849 2477 1003 2539 fructibus
1031 2478 1213 2551 satisfaciet,
1242 2480 1282 2539 ad
1310 2485 1400 2539 tunm
1429 2479 1594 2540 arbitrium
1615 2480 1648 2539 ln

409 2586 587 2648 evidentem
609 2586 780 2646 utilitatem
803 2584 925 2666 prelato
945 2584 1077 2646 ccclesia
1098 2584 1231 2646 fideliter
1251 2586 1479 2657 convertendis,
1504 2586 1649 2664 injuncta

410 2692 483 2754 inde
514 2692 572 2752 sibi
603 2712 660 2771 pro
692 2691 785 2752 modo
821 2690 913 2770 culpe
946 2691 1126 2770 penitencia
1158 2690 1296 2763 salutari,
1331 2696 1363 2752 et
1395 2690 1464 2753 aliis
1495 2712 1556 2772 que
1588 2682 1648 2753 sibi

410 2799 527 2860 inerint
551 2798 752 2878 injungenda,
779 2818 874 2877 super
901 2797 1109 2868 inhabilitate,
1138 2798 1164 2858 si
1193 2818 1286 2878 quam
1315 2818 1353 2859 ex
1381 2798 1454 2859 inde
1482 2799 1647 2869 contraxit,

409 2906 581 2985 dispenses,
618 2904 679 2966 alio
715 2903 775 2965 sibi
809 2923 874 2965 non
908 2904 1055 2964 obstante
1090 2904 1250 2975 canonico,
1286 2904 1474 2965 auctoritate
1508 2905 1650 2984 predicta

409 3008 652 3070 misericorditer
681 3028 753 3067 cum
789 3007 909 3069 eodem.
980 3008 1100 3068 Datum
1138 3007 1309 3079 Avonione,
1338 3010 1383 3088 vj⁰
1418 3009 1488 3071 Kal.
1526 3010 1647 3081 Marcii,

409 3115 617 3177 Pontificatns
646 3113 765 3173 domini
793 3112 950 3174 Johannis
979 3114 1064 3193 Pape
1092 3113 1194 3172 XXII
1222 3134 1304 3176 anno
1332 3119 1453 3177 octavo.

409 3396 485 3474 May
505 3396 646 3455 aci-W.
669 3396 707 3456 de
727 3395 908 3473 Panbrrdpe
927 3396 1045 3473 raaipcs
1068 3395 1117 3456 ihc
1137 3396 1268 3474 Rectory
1289 3396 1324 3476 of
1341 3396 1469 3476 Bpsord.

491 3578 693 3638 Rnsrerrcro
716 3596 874 3637 accursus
897 3595 941 3637 cu
964 3578 1348 3639 suessa-Reverendo
1370 3578 1403 3638 in
1425 3578 1551 3641 Christo
1565 3580 1648 3659 patri

409 3704 446 3745 ac
477 3685 606 3745 domino
634 3704 700 3754 suo,
736 3683 865 3743 domino
893 3683 970 3756 Ade,
993 3688 1062 3755 etc,
1095 3703 1171 3744 suus
1199 3685 1331 3745 devotus
1360 3684 1499 3755 clericus,
1529 3684 1579 3743 W.
1609 3684 1648 3745 de

409 3789 620 3868 Penebrugge,
657 3789 774 3849 Rector
809 3788 940 3849 ecclesie
974 3789 1013 3849 de
1048 3788 1195 3868 Bylorde,
1231 3794 1334 3849 vestre
1369 3788 1511 3860 diocesis,
1546 3788 1646 3850 omni·

410 3894 536 3955 modam
564 3894 788 3965 obedienciam,
809 3893 1031 3965 reverenciam,
1054 3898 1086 3954 et
1110 3894 1262 3955 honorem
1282 3894 1422 3954 debitum
1443 3898 1533 3955 tanto
1554 3894 1645 3974 patri.

410 4000 493 4061 (lura
520 4000 694 4059 animarum
723 3999 807 4060 dicte
831 3998 1020 4079 parochialis
1044 3999 1204 4060 exonerari
1233 3998 1394 4069 affectans,
1420 3998 1521 4079 ipsam
1549 3999 1646 4061 ecole-

409 4104 500 4175 siam,
532 4124 604 4167 cum
639 4105 786 4169 omnibus
818 4105 885 4166 suis
911 4104 1033 4183 juribus
1068 4108 1100 4166 et
1127 4105 1331 4184 pertinenciIs
1360 4104 1524 4176 universis,
1559 4124 1645 4184 pure,

409 4215 532 4289 sponte,
553 4216 587 4270 et
614 4209 756 4271 absolute
785 4210 819 4269 iu
839 4230 945 4271 sacras
970 4230 1083 4271 manns
1111 4216 1233 4272 vestras
1260 4210 1394 4290 resigno,
1415 4215 1448 4271 et
1475 4210 1562 4271 omni
1585 4210 1647 4291 juri

409 4317 493 4397 quod
521 4317 553 4376 in
582 4316 651 4397 ipsa
679 4316 775 4377 habui
801 4316 953 4377 renuncio
981 4337 1037 4397 per
1064 4322 1237 4396 presentes.
1293 4316 1334 4377 Iu
1365 4316 1456 4394 cujus
1486 4316 1531 4377 rei
1559 4315 1645 4377 tasti-

409 4424 551 4485 monium
590 4422 727 4502 sigillum
768 4443 875 4484 meum
914 4422 1115 4503 presentibus
1153 4424 1294 4503 apposui,
1331 4428 1365 4485 et
1402 4422 1476 4503 qnia
1509 4421 1646 4501 sigillum

410 4549 516 4591 meum
537 4530 680 4609 pluribus
700 4536 752 4591 ost
770 4528 977 4607 incognitum,
1002 4528 1138 4609 sigillum
1160 4529 1253 4590 officii
1275 4528 1460 4591 cancellarii
1485 4528 1646 4591 Universi·

410 4636 486 4696 tatis
507 4634 695 4697 Oxoniensis
716 4634 832 4715 apponi
853 4634 1029 4713 procuravi.
1084 4636 1204 4697 Datum
1226 4635 1358 4707 Oronte,
1379 4634 1412 4695 in
1444 4634 1524 4696 laeto
1545 4632 1647 4695 sancti

410 4740 588 4820 Augustini,
605 4740 778 4819 Anglornm
799 4739 952 4819 Apostoli,
974 4756 1059 4803 anno
1083 4741 1212 4803 Domini
1234 4740 1401 4803 millesimo
1426 4739 1608 4820 commea
