3850 5917
402 696 463 754 232
778 692 958 770 Ropistrcm
984 690 1049 752 Ado
1076 691 1113 753 dc
1142 691 1265 751 Orletoa

231 926 289 965 Μ)-
304 926 360 964 1321
402 916 546 977 salutem.
590 916 624 977 si
646 915 755 987 Adam,
779 914 1021 976 Herefordensis
1043 913 1229 993 Episcopus,
1251 911 1359 974 feccrit
1380 917 1411 973 te
1432 932 1577 973 securum
1598 910 1638 971 de

402 1021 515 1082 clamio
536 1042 594 1083 suo
615 1020 840 1102 prosequendo,
863 1025 939 1081 tunc
964 1039 1046 1100 pone
1068 1039 1123 1099 per
1151 1018 1278 1079 vadium
1306 1022 1338 1079 61
1367 1018 1471 1079 salvos
1499 1016 1639 1097 pleggios

403 1127 598 1189 Willelmum
621 1128 660 1187 de
681 1126 842 1197 Baisham,
874 1126 1045 1185 Ricardum
1078 1124 1162 1204 Irby,
1184 1124 1369 1203 magistrum
1392 1122 1587 1202 Stephanum
1609 1122 1639 1183 16

403 1231 484 1303 Κ66,
517 1232 709 1293 Willelmum
739 1231 769 1292 le
801 1230 993 1309 Irmongare,
1022 1230 1202 1291 Johanncm
1223 1230 1261 1290 de
1293 1229 1437 1299 Pultone,
1459 1228 1638 1289 Johannem

404 1338 526 1418 Marky,
566 1338 759 1398 Willelmum
801 1338 924 1415 Marky,
967 1336 1143 1397 Walterum
1189 1336 1330 1406 Buffard,
1373 1334 1473 1395 Adam
1523 1335 1637 1405 Smart,

403 1442 581 1503 Johannem
602 1443 632 1503 16
653 1443 772 1513 Ρο1161,
787 1442 968 1502 Johannem
988 1442 1017 1502 le
1039 1441 1159 1513 walah,
1182 1442 1352 1501 Ricardum
1374 1441 1462 1512 Pani,
1484 1442 1638 1501 Thomam

403 1548 489 1628 Irby,
525 1549 694 1627 Hugonem
729 1548 899 1627 Hathewy,
935 1548 1104 1627 Hugonem
1140 1548 1168 1609 16
1202 1548 1273 1617 Coc,
1310 1548 1503 1608 Willclmum
1538 1547 1639 1607 filium

404 1654 553 1734 Philippi,
575 1654 768 1715 Willelmum
787 1654 807 1713 J
809 1655 938 1724 ourdan,
954 1653 1129 1714 Walterum
1146 1654 1275 1723 WatieS,
1298 1653 1491 1715 Willelmum
1506 1654 1638 1723 Waties,

405 1761 504 1821 Adam
529 1761 676 1840 Boldray‚
698 1760 874 1820 Walterum
903 1760 942 1820 de
971 1760 1046 1830 Oke,
1069 1759 1168 1821 Adam
1192 1761 1282 1839 Paty,
1309 1760 1408 1820 Adam
1436 1761 1474 1820 de
1500 1760 1639 1830 Bercwe,

404 1866 598 1928 willelmum
640 1867 678 1927 de
717 1865 886 1935 Reodhale,
927 1864 1103 1925 Galiridum
1145 1866 1272 1944 Schayt,
1316 1865 1508 1945 Phillippum
1547 1866 1637 1937 Secu,

402 1972 582 2033 Johannem
609 1972 648 2031 de
669 1972 871 2049 Donyntone‚
903 1976 935 2031 61
956 1970 1150 2031 Willelmum
1179 1972 1217 2031 dc
1243 1970 1433 2040 Lodebroke,
1455 1971 1538 2051 quod
1573 1970 1638 2031 sint

403 2096 509 2137 coram
540 2075 730 2137 Justiciariis
761 2075 878 2136 nostris
906 2077 989 2154 apud
1018 2075 1196 2136 Eboracum
1228 2096 1246 2136 6
1271 2076 1321 2136 (116
1349 2075 1451 2136 666611
1481 2075 1639 2135 Johannis

404 2182 550 2261 Baptista
574 2180 607 2239 in
629 2202 669 2241 xv
689 2182 765 2252 dica,
787 2181 944 2241 ostensuri
976 2200 1072 2261 quare
1100 2181 1130 2239 vi
1162 2185 1194 2241 et
1225 2180 1320 2241 armis
1351 2180 1433 2240 bona
1464 2183 1496 2240 61
1527 2179 1639 2239 catalla

404 2287 504 2366 ipsius
532 2286 682 2366 Episcopi
711 2287 751 2346 ad
775 2285 949 2346 valenciam
974 2290 1101 2346 centum
1129 2285 1277 2345 librarum
1306 2286 1389 2364 apud
1417 2286 1482 2347 Ros
1511 2286 1640 2345 inventa

404 2398 555 2473 ceperunt
583 2398 615 2453 et
636 2397 885 2471 asportaverunt,
908 2398 941 2452 et
969 2392 1030 2452 6116
1061 2392 1201 2453 enormia
1221 2392 1250 2452 ei
1272 2392 1455 2461 intulerunt,
1486 2392 1525 2451 ad
1546 2408 1640 2470 grave

404 2499 577 2578 dampnum
608 2497 708 2577 ipsius
739 2497 889 2576 Episcopi
918 2503 951 2557 et
976 2503 1085 2558 contra
1106 2517 1215 2576 pacem
1245 2502 1394 2557 nostram.
1451 2496 1494 2557 Et
1522 2496 1640 2557 habeas

404 2604 447 2665 ibi
468 2604 597 2665 nomina
617 2602 799 2684 plegorium‚
821 2608 881 2663 etc.
933 2604 1027 2663 Teste
1058 2622 1109 2663 me
1130 2602 1199 2683 ipso
1220 2602 1304 2682 apud
1335 2602 1519 2673 Rothwellc,
1542 2602 1640 2662 tercio

405 2710 456 2771 die
476 2708 573 2779 danii,
597 2729 680 2769 anno
700 2708 788 2787 regni
809 2708 909 2770 nostri
930 2708 1173 2789 quintodecimo.

485 2890 669 2959 Edwardus‚
698 2895 767 2960 616,
798 2889 984 2950 Vicecomiti
1013 2888 1236 2950 Herefordensi
1265 2889 1407 2949 salutem.
1466 2889 1498 2949 si
1527 2889 1638 2959 Adam,

402 2995 645 3057 Hereiordensis
664 2995 851 3074 Episcopus,
873 2995 981 3057 fecerit
1002 3000 1043 3067 16,
1075 3001 1108 3057 61
1128 3042 1144 3066 ,,
1172 3000 1247 3055 1666
1267 3015 1349 3074 pone
1380 3016 1436 3075 per
1457 2995 1583 3055 vadium
1605 3001 1638 3056 et

402 3102 506 3163 salvos
528 3100 676 3179 pleggios,
705 3101 874 3160 Ricardum
896 3100 980 3179 Irby,
1002 3101 1155 3161 Thomam
1178 3101 1262 3180 Irby,
1285 3102 1459 3162 Walterum
1491 3102 1530 3162 de
1560 3101 1637 3172 Oke,

403 3206 505 3266 Adam
529 3206 676 3285 Boldray,
712 3206 881 3283 Hugonem
917 3206 1086 3285 Hathewy‚
1116 3205 1309 3266 Willelmum
1336 3206 1374 3266 de
1412 3206 1563 3267 Baisham
1594 3207 1633 3267 de

403 3312 565 3380 Ponshull,
587 3310 765 3371 Johannem
780 3311 810 3371 le
832 3311 953 3382 Walsh,
970 3311 1162 3371 Willelmum
1185 3311 1224 3372 de
1238 3312 1390 3381 Rudhale,
1413 3318 1445 3373 et
1459 3312 1639 3373 Johannem

404 3417 433 3477 16
457 3418 577 3487 Portos,
609 3417 693 3496 quod
721 3417 785 3477 sint
806 3436 912 3477 coram
940 3417 1130 3477 Justiciariis
1156 3418 1272 3478 nostris
1306 3419 1388 3497 apud
1420 3418 1597 3479 Eboracum
1620 3439 1640 3479 a

401 3524 452 3583 die
472 3522 574 3583 sancti
587 3522 743 3583 Johannis
760 3522 906 3601 Baptista
929 3522 962 3581 in
984 3540 1025 3581 xv
1045 3523 1120 3593 dies,
1142 3524 1298 3583 ostensuri
1320 3543 1416 3603 quare
1436 3524 1468 3584 vi
1489 3530 1521 3586 et
1542 3524 1639 3585 armis

400 3627 526 3688 arbores
547 3627 647 3707 ipsius
670 3626 819 3706 Episcopi
841 3628 924 3706 apud
948 3628 1014 3688 Ros
1034 3648 1135 3707 nuper
1171 3634 1347 3689 crescentes
1375 3630 1583 3701 succiderunt,
1605 3637 1638 3692 61

402 3732 607 3793 maercmium
632 3732 714 3802 inde,
739 3751 862 3792 necnon
884 3731 996 3793 atalia
1017 3732 1098 3793 bona
1126 3738 1158 3793 et
1186 3734 1299 3794 6616116
1319 3754 1377 3795 666
1397 3735 1437 3795 ad
1464 3736 1638 3797 valenciam

403 3844 531 3899 centum
553 3837 702 3897 librarum
722 3838 836 3898 ibidem
857 3837 988 3899 inventa
1009 3844 1159 3918 ceperunt
1184 3845 1216 3899 61
1236 3846 1484 3919 asportaverunt,
1514 3848 1546 3903 61
1577 3842 1639 3903 6116

402 3944 544 4006 enormia
565 3944 593 4005 ei
615 3943 789 4003 intulerunt
812 3944 851 4002 ad
872 3963 966 4023 grave
988 3945 1161 4023 dampnum
1185 3944 1284 4023 ipsius
1309 3946 1458 4026 Episcopi
1480 3952 1512 4007 et
1529 3954 1640 4009 contra

403 4069 514 4129 pacem
534 4053 684 4119 nostram,
714 4053 773 4109 etc.
816 4048 859 4108 Et
884 4048 1011 4117 habeas,
1033 4056 1092 4109 etc.
1148 4050 1241 4111 Teste
1270 4056 1306 4110 ut
1331 4071 1433 4131 supra.

486 4231 670 4301 Edwardus‚
699 4235 768 4301 616,
796 4230 982 4291 Vioecomiti
1011 4230 1235 4293 Herelordensi
1263 4232 1406 4293 salutem.
1466 4232 1499 4294 Si
1527 4232 1637 4306 Adam,

404 4334 646 4399 Herefordensis
671 4335 849 4415 Episcopus
873 4335 990 4407 fecerit,
1019 4341 1089 4407 616,
1119 4342 1195 4396 1666
1222 4356 1304 4416 pone
1331 4357 1387 4416 per
1413 4338 1549 4411 vadium,
1577 4344 1637 4399 etc.

404 4444 574 4505 Ricardum
596 4442 681 4521 Irby,
703 4446 773 4511 616,
794 4446 830 4501 61
852 4461 956 4521 supra,
978 4441 1062 4521 quod
1083 4442 1147 4502 sint
1175 4462 1279 4502 coram
1301 4441 1490 4503 Justiciariis
1511 4444 1636 4516 nostris,

405 4550 489 4630 apud
516 4547 694 4608 Eboracum
716 4568 735 4607 6
765 4547 815 4607 (116
836 4547 938 4607 666611
959 4547 1115 4608 Johannis
1140 4547 1285 4626 Baptista
1306 4547 1339 4607 in
1364 4568 1405 4608 xv
1425 4548 1511 4627 days,
1533 4554 1636 4611 osten·

404 4654 478 4726 suri,
501 4672 598 4735 quare
618 4653 648 4712 vi
670 4658 702 4713 et
723 4652 819 4712 armis
841 4652 920 4713 duos
941 4672 1048 4732 equos,
1071 4653 1235 4713 duodecim
1256 4652 1360 4724 boves,
1382 4657 1415 4713 61
1434 4653 1584 4714 (16666166
1605 4658 1640 4715 61

405 4760 612 4841 quadraginta
632 4778 706 4820 oves
727 4757 827 4837 ipsius
848 4757 1009 4837 Episcopi,
1031 4758 1127 4837 precii
1148 4758 1354 4839 quadraginta
1374 4758 1532 4831 libramm‚
1554 4761 1637 4839 apud

405 4868 535 4947 Uptone
564 4864 714 4945 Episcopi
735 4865 880 4925 inventes
908 4871 1059 4944 oeperunt
1083 4870 1115 4925 et
1136 4865 1339 4937 abduxerunt,
1361 4871 1393 4926 et
1415 4865 1475 4925 6116
1495 4865 1577 4926 bona
1605 4872 1638 4928 61

406 4972 520 5035 catalla
553 4990 611 5032 666
651 4970 691 5031 ad
731 4968 904 5030 valenciam
939 4969 1146 5049 quadraginta
1166 4969 1315 5030 librarum
1355 4970 1471 5031 ibidem
1509 4970 1638 5033 inventa

409 5081 561 5159 oeperunt
590 5081 623 5138 et
651 5079 901 5155 asportaverunt,
921 5080 955 5136 et
976 5074 1037 5135 alia
1057 5075 1197 5137 enormia
1217 5075 1246 5136 ei
1276 5075 1455 5149 1616161661,
1478 5076 1517 5136 ad
1544 5096 1640 5157 grave
