3850 5917
695 691 846 771 Episcopi
873 692 1117 773 Heresordemis.
1464 700 1523 761 371

92 916 155 954 M>-
178 919 243 955 Μ
288 912 497 993 Wyggemore
539 934 611 974 oum
647 914 793 977 Johenne
830 917 914 977 dicto
949 918 989 979 de
1027 917 1162 997 Eytone,
1192 920 1257 980 filio
1291 920 1450 1002 Redulphi
1485 924 1524 985 de

290 1017 450 1089 Stootone,
471 1019 592 1091 elerico,
614 1040 708 1100 super
727 1021 852 1082 deiectu
872 1022 1035 1095 natalium,
1056 1024 1094 1084 de
1112 1025 1215 1085 soluto
1233 1025 1340 1105 genito
1361 1032 1393 1086 et
1411 1028 1522 1099 soluta,

287 1124 372 1203 quod
403 1130 510 1203 posset
533 1126 572 1185 ed
605 1146 715 1187 omnes
749 1128 875 1189 ordines
902 1129 1079 1207 promoveri
1108 1136 1141 1190 et
1161 1131 1408 1193 ecclesiasticum
1430 1134 1522 1195 bene-

285 1230 393 1291 ficium
429 1232 572 1311 optinere
613 1233 711 1293 eoiem
747 1233 774 1293 si
820 1254 927 1295 eurem
962 1236 1138 1296 animarum
1175 1237 1313 1308 heberet,
1349 1241 1522 1300 seeundum

285 1336 419 1397 formem
451 1337 626 1398 litterarum
661 1339 903 1418 apostolicarum
938 1360 1018 1421 ques
1051 1361 1149 1421 penes
1184 1362 1256 1403 eum
1292 1346 1522 1406 conservandos

284 1441 414 1513 dimisit,
443 1448 502 1503 ete.

285 1736 364 1795 Neo.
401 1737 535 1797 9.-Τ1ιε
566 1736 685 1817 Bishop
709 1738 853 1818 appoline
891 1738 940 1799 his
973 1739 1084 1818 boiliff,
1110 1740 1194 1801 John
1220 1741 1257 1801 de
1285 1742 1460 1821 Bromfield,
1490 1750 1520 1803 to

408 1817 456 1877 the
475 1818 583 1895 choree
604 1819 641 1897 of
657 1840 677 1879 a
701 1819 818 1889 Mereor,
834 1820 870 1899 os
885 1818 988 1879 which
1009 1821 1058 1881 the
1076 1822 1202 1900 eustody
1224 1822 1287 1882 hod
1308 1823 1378 1883 been
1391 1824 1520 1902 yranted

406 1898 471 1958 itm
498 1898 536 1977 ty
559 1899 607 1959 tn
637 1900 745 1973 omn.

363 2082 476 2142 Pateat
511 2082 666 2143 universis
701 2082 784 2163 quod
822 2102 889 2154 uos,
924 2082 1034 2154 Adem,
1071 2089 1141 2155 eto,
1176 2084 1325 2145 dilectum
1362 2085 1453 2146 nobis
1484 2085 1519 2145 in

281 2187 418 2259 Christe,
439 2187 617 2248 Johsnnem
641 2188 679 2249 de
700 2188 890 2260 Bromielde,
915 2193 1110 2249 sttometum
1131 2194 1164 2250 et
1188 2190 1338 2251 ballivum
1363 2195 1516 2263 nostrum,

282 2294 322 2353 sd
344 2294 584 2354 custodiendum
613 2294 788 2354 manerium
817 2294 856 2354 de
876 2294 926 2366 Β.,
950 2295 1042 2375 eujus
1069 2296 1213 2356 custodie
1239 2317 1296 2376 per
1322 2298 1516 2359 excellentis·
1607 2285 1610 2289 ⁵

281 2402 395 2462 simsm
430 2405 572 2461 nostram
600 2400 769 2471 dominum,
805 2400 984 2472 Isebellem
1013 2400 1167 2481 Reginam
1209 2401 1328 2483 Anglie‚
1357 2403 1518 2463 dominum

280 2506 444 2577 Hibernie‚
470 2512 502 2567 et
526 2506 728 2567 comitissam
753 2506 895 2577 Pontive,
917 2526 954 2567 se
976 2507 1139 2567 dominum
1160 2508 1362 2581 Edwardum
1386 2509 1517 2572 illustris

280 2613 401 2675 domini
439 2613 539 2674 nostri
581 2611 676 2693 Regis
710 2618 742 2673 et
783 2612 925 2692 ejusdem
967 2612 1088 2693 Regino
1128 2612 1229 2673 filium
1262 2614 1517 2695 primogenitum,

279 2722 436 2784 Comitem
466 2720 595 2791 cestrie,
630 2720 773 2791 Pontive,
802 2725 834 2781 et
876 2719 1091 2792 Monsterolle,
1117 2740 1162 2789 ,ee
1190 2721 1277 2800 regni
1309 2721 1420 2801 Anglie
1447 2742 1517 2783 ous-

281 2829 399 2898 todem‚
436 2826 527 2887 nobis
559 2831 608 2887 est
644 2846 802 2896 concesso,
838 2845 961 2887 neenon
991 2826 1031 2886 ed
1064 2827 1206 2888 redditus
1243 2833 1276 2889 et
1309 2828 1412 2888 exitus
1440 2828 1517 2889 dieti

280 2933 412 2994 manerii
434 2932 561 2995 nomine
581 2937 691 2994 nostro
713 2931 903 3011 colligendos
920 2936 952 2991 et
971 2930 1167 3011 recipiendos
1190 2936 1298 2993 tenore
1318 2931 1516 3011 presencium

281 3039 474 3110 ordinemus,
510 3038 652 3099 volentes
693 3038 777 3118 quod
815 3056 926 3098 omnes
964 3042 996 3098 et
1035 3037 1150 3117 singuli
1191 3042 1337 3099 tenentes
1373 3038 1515 3117 ejusdem

280 3146 413 3205 manerii
441 3144 474 3203 in
495 3144 650 3217 omnibus,
675 3150 769 3223 prout
790 3143 912 3223 justum
939 3142 1043 3215 luerit,
1065 3143 1167 3203 eidem
1188 3142 1335 3203 obedient
1358 3149 1390 3203 et
1412 3144 1514 3204 inten-

278 3251 365 3310 dent.
408 3248 448 3308 In
469 3249 559 3328 eujus
580 3249 634 3320 rei,
656 3253 715 3309 ete.
758 3249 877 3309 Datum
898 3268 984 3309 nono
1004 3248 1055 3309 die
1075 3248 1194 3309 mensis
1215 3248 1412 3321 Novembris,
1434 3254 1494 3309 ete.

278 3540 383 3618 Royal
403 3540 497 3621 Brief
513 3547 543 3633 to
566 3540 697 3601 Thonuzs
717 3540 755 3601 de
782 3540 980 3620 Harpasum,
1000 3540 1154 3601 mehaetor
1180 3541 1216 3621 of
1232 3540 1408 3603 Berlshire.

361 3722 546 3795 Edwardus
572 3722 632 3783 Dei
656 3721 760 3803 meeis
783 3722 851 3784 Rex
875 3722 996 3803 Anglie‚
1018 3728 1088 3794 eto,
1117 3722 1237 3784 Thome
1265 3722 1304 3783 de
1332 3724 1513 3803 Herpdene,

278 3829 432 3891 eseeetori
459 3828 571 3891 suein
593 3829 746 3889 comitatu
766 3828 934 3890 Berksire.¹

280 4106 359 4167 Neo.
380 4106 590 4167 lit-Lenem
618 4105 818 4167 Testimonial
840 4113 869 4167 to
890 4106 1057 4184 Hoynwnd
1077 4106 1114 4167 de
1139 4106 1293 4177 Stocttort
1317 4107 1385 4167 itai
1404 4108 1440 4169 he
1457 4107 1514 4170 tas

404 4188 475 4247 been
495 4186 644 4248 ordained
673 4194 702 4248 to
726 4188 771 4248 all
792 4188 840 4247 te
867 4188 974 4248 sacred
996 4187 1117 4249 Orders.

360 4369 527 4433 Universis
547 4374 710 4450 presentes
731 4370 852 4430 litteras
869 4368 1068 4447 inspecturis,
1083 4368 1193 4440 Adam
1208 4374 1278 4441 ete..
1293 4370 1437 4441 salutem,
1452 4376 1511 4432 ete.

279 4478 412 4539 Noverit
432 4475 620 4537 universitas
641 4480 746 4537 vestre
766 4475 850 4554 quod
866 4474 999 4535 dilectus
1019 4473 1112 4546 filius,
1134 4475 1281 4536 dominus
1302 4475 1514 4554 Heymondus

279 4584 319 4644 de
341 4583 504 4653 Stektoue‚
528 4587 635 4643 nostre
663 4582 805 4653 diocesis,
835 4581 968 4642 servetis
989 4580 1103 4642 debitis
1124 4586 1302 4660 temporum
1330 4580 1513 4642 intersticiis

279 4690 339 4750 luit
361 4710 379 4750 s
401 4687 493 4750 nobis
514 4688 554 4748 sd
575 4707 684 4749 omnes
708 4707 813 4749 sacros
834 4686 959 4747 ordines
980 4686 1130 4747 esnoniee
1151 4691 1324 4765 promotus,
1346 4690 1440 4765 prout
1457 4706 1515 4764 per

278 4796 511 4875 inepeooionem
539 4794 676 4873 Registri
705 4793 803 4855 nostri
832 4793 1041 4871 comperimus
1066 4792 1235 4852 evidenter.
1278 4790 1317 4850 In
1339 4792 1429 4871 eujus
1457 4791 1511 4864 rei,

278 4908 338 4963 eto.
382 4902 501 4961 Datum
523 4898 718 4971 Herei0rdie,
740 4897 836 4978 xxvij⁰
856 4898 906 4959 die
927 4898 1045 4959 mensis
1067 4896 1264 4968 Novembris,
1285 4916 1369 4957 enno
1384 4897 1512 4958 Domini

278 5006 511 5087 M⁰OCO⁰xva¹⁰,
532 5013 591 5069 ete.

625 5116 717 5159 1-'rhis
729 5120 800 5164 entre·
811 5126 864 5159 was
878 5118 919 5157 not
932 5112 1068 5156 oonttnoed.
