3850 5917
416 682 476 743 196
788 685 968 765 Repiulrcm
995 685 1059 747 Ado
1085 685 1122 746 de
1152 685 1275 746 Orleton

242 911 301 952 &⁰-
315 912 372 951 ¹³21·
414 907 638 986 compellendo,
694 908 742 970 Ad
769 930 829 990 que
850 910 958 970 omniu
985 915 1017 970 ei
1038 909 1161 990 singule
1191 910 1280 972 vobis
1312 909 1540 971 committimus
1563 909 1645 972 vices

413 1018 546 1085 nostres,
568 1019 628 1074 etc.
671 1015 711 1073 In
735 1016 826 1095 cujus
849 1017 904 1087 rei,
920 1021 980 1077 etc.
1037 1017 1156 1076 Delum
1178 1015 1360 1088 londoniis,
1382 1015 1430 1076 Id.
1454 1015 1541 1088 Mcii,
1563 1035 1645 1077 unno

414 1119 543 1180 Domini
564 1120 764 1200 moncuq.

412 1399 488 1476 May
516 1399 673 1459 15.-The
699 1399 899 1480 Archbishop‚
927 1421 967 1462 on
1000 1399 1105 1481 beleis
1124 1400 1160 1480 of
1198 1401 1337 1460 William
1374 1400 1411 1461 de
1444 1399 1643 1470 Lartdunum,

533 1479 755 1558 ackrwwledpes
785 1481 834 1541 the
860 1482 973 1560 recent
999 1482 1035 1561 os
1060 1485 1079 1541 6
1105 1479 1209 1542 ceorles
1231 1482 1317 1562 from
1345 1481 1394 1542 the
1421 1481 1548 1560 Bishop.

493 1660 580 1720 Irsu
600 1679 838 1732 scoumrrncrn
860 1663 1114 1723 Ascururrscorr
1135 1663 1405 1732 Gsurnerusssis,
1428 1679 1646 1722 conrncroms

412 1785 578 1828 morinum
606 1786 888 1840 Pnoounnmonuu,
917 1787 960 1828 nn
990 1787 1024 1829 vr
1050 1786 1169 1830 umrcrs
1200 1787 1261 1829 rso
1290 1786 1415 1828 counio
1448 1769 1645 1828 Hsscronn·

411 1891 675 1934 numerosum
697 1893 758 1934 sun
780 1875 1100 1936 nroousrs-Tenore
1128 1874 1326 1954 presencium
1355 1879 1463 1954 petent
1491 1873 1645 1935 universis

410 1979 494 2058 quod
514 1999 572 2040 nos
587 1979 754 2050 Wellerus,
769 1981 977 2059 permissione
997 1980 1103 2040 divine
1120 1979 1356 2040 Oeniusriensis
1371 1978 1644 2058 Archiepiscopus,

410 2085 508 2145 totius
533 2085 643 2165 Anglie
663 2087 790 2165 primes,
810 2107 867 2166 per
894 2084 1104 2147 venerabilem
1126 2086 1227 2145 virum
1248 2091 1281 2145 el
1301 2084 1480 2163 religiosum
1506 2083 1644 2152 fratrem,

411 2189 615 2251 Guillelmum
633 2192 672 2252 de
686 2191 849 2262 leuduno,
864 2192 983 2252 ordinis
998 2191 1242 2262 Predicetorum,
1261 2190 1340 2251 socri
1356 2189 1467 2269 palacii
1486 2189 1646 2258 lectorem,

411 2314 448 2355 cc
469 2296 647 2375 Apostolice
677 2297 767 2358 Sedis
788 2297 938 2357 nuncium
968 2297 1007 2357 ed
1031 2302 1137 2375 peries
1165 2296 1357 2358 destinatum
1387 2296 1584 2375 Angliccncs,
1606 2297 1645 2356 cd

410 2399 622 2477 recipiendum
641 2401 880 2478 procuraciones
902 2399 962 2460 sibi
977 2399 1098 2461 debitas
1118 2401 1150 2460 in
1168 2405 1276 2460 nostre
1292 2399 1453 2480 provincie
1469 2400 1646 2478 specialiter

410 2504 561 2582 deputati,
586 2506 761 2584 recepimus
782 2506 820 2566 de
844 2505 1021 2567 venerabile
1042 2505 1137 2566 fratre
1166 2510 1284 2576 nostro,
1316 2505 1443 2565 domino
1477 2504 1552 2576 Ado,
1575 2510 1644 2573 elo„

410 2629 464 2670 sex
491 2629 612 2670 merces
637 2611 764 2670 nomine
790 2612 1024 2690 proomccionis
1045 2612 1186 2691 ejusdem
1207 2630 1265 2691 pro
1284 2611 1405 2690 preleio
1431 2611 1591 2690 Episcopo
1612 2617 1645 2672 et

411 2714 470 2775 sibi
491 2714 641 2794 subjectis
670 2716 744 2776 viris
775 2716 1005 2788 ecclesiasiicis,
1042 2719 1095 2797 qui
1131 2718 1170 2777 ed
1203 2716 1469 2777 contribucioncm
1498 2736 1643 2796 procuro

411 2821 509 2882 sionis
533 2826 682 2882 tenentur
702 2823 868 2884 antedicto.
925 2824 965 2883 In
994 2825 1084 2903 cujus
1109 2824 1162 2894 rei,
1191 2829 1249 2884 etc.
1303 2824 1421 2883 Datum
1447 2823 1531 2902 opud
1552 2823 1644 2884 [ism-

410 2929 514 3000 heihe‚
544 2929 653 2990 Idibus
675 2930 761 3002 Maii,
784 2951 867 2992 enno
895 2931 1024 2992 Domini
1054 2931 1263 3010 M⁰ccc⁰xxj⁰.

409 3207 485 3286 May
513 3209 754 3270 summan
780 3211 816 3288 of
847 3209 896 3270 the
926 3209 1010 3288 Kinq
1040 3217 1068 3270 to
1096 3209 1182 3270 relax
1210 3210 1260 3270 the
1286 3209 1508 3300 scqcaeslrulion
1531 3209 1642 3288 placed

531 3290 842 3442 nenne
869 3291 907 3430 l
930 3291 1477 3370 s
1508 3290 1641 3370 ecs

492 3551 685 3611 Menosrun
720 3569 837 3612 nournr
877 3553 987 3613 Reuss*
1017 3570 1078 3613 rso
1113 3570 1256 3612 russone
1291 3569 1335 3611 on
1370 3551 1644 3612 (inarmon-

410 3655 593 3726 Edwerdus‚
609 3663 668 3717 etc.
719 3656 799 3717 Cum
820 3657 924 3718 clerici
945 3659 1045 3718 nostri
1074 3658 1114 3718 ed
1138 3658 1315 3719 faciendum
1341 3657 1373 3717 in
1395 3657 1460 3718 suis
1482 3655 1643 3718 beneficiis

409 3761 613 3822 residenciem
637 3762 842 3840 personalem,
875 3763 949 3822 dum
975 3763 1092 3824 nostris
1124 3763 1332 3823 immorentur
1359 3761 1525 3841 obsequiis,
1558 3780 1641 3822 com-

408 3866 482 3946 pelli
510 3872 565 3927 aui
592 3868 669 3928 alies
697 3868 769 3929 inde
794 3868 953 3928 molestari
977 3872 1031 3928 eut
1060 3867 1228 3947 inquietari
1257 3887 1320 3927 non
1349 3866 1491 3936 debeant,
1521 3886 1641 3946 nosque

409 3977 442 4033 ei
465 3973 679 4051 progenitores
702 3973 812 4044 nostri,
838 3973 996 4052 quondum
1021 3973 1123 4052 Reges
1148 3971 1267 4052 Anglic,
1293 3971 1474 4052 hujusmodi
1498 3970 1642 4032 libertate

408 4083 442 4138 ei
463 4078 624 4157 privilegio
642 4098 698 4157 pro
717 4077 838 4138 clericis
859 4078 976 4139 nostris
998 4083 1174 4156 ctempore
1193 4096 1256 4157 quo
1277 4096 1341 4136 non
1361 4075 1467 4136 existit
1492 4075 1643 4136 memoris

408 4185 458 4244 usi
493 4204 611 4254 sumus,
653 4185 741 4245 vobis
773 4185 960 4245 mundemus
995 4184 1079 4264 quod
1114 4183 1263 4244 dilechum
1298 4182 1445 4243 clericum
1487 4187 1641 4252 nostrum,

408 4290 614 4350 Godefridum
644 4291 683 4351 de
717 4291 873 4362 Rudhem‚
905 4310 1073 4370 personum
1104 4289 1234 4350 ecclesie
1262 4288 1300 4349 de
1332 4288 1512 4359 Chetinton,
1537 4293 1641 4349 vestre

408 4395 550 4467 diocesis,
573 4397 626 4476 qui
645 4397 761 4476 jugiter
784 4397 901 4458 nostris
922 4397 1058 4458 intendit
1078 4395 1245 4474 obsequiis,
1274 4394 1313 4454 cd
1341 4393 1537 4473 personalem
1566 4393 1640 4454 rosi·

408 4501 551 4562 dencicm
574 4503 606 4561 in
627 4504 768 4582 predicto
788 4503 940 4564 beneficio
965 4523 1022 4564 suo
1043 4502 1226 4574 faciendam,
1244 4502 1319 4561 dum
1342 4500 1459 4561 eisdem
1482 4499 1641 4580 obsequiis

408 4608 602 4679 immoretur,
638 4609 818 4670 nullatenus
845 4609 1059 4689 compelletis;
1096 4613 1128 4673 ei
1163 4607 1457 4686 sequestracionem,
1494 4607 1521 4666 si
1557 4607 1641 4686 quod

408 4714 440 4773 in
461 4714 614 4775 fructibus
640 4713 781 4775 beneficii
803 4715 852 4776 sui
872 4715 1004 4794 predicti
1026 4735 1082 4794 per
1103 4734 1159 4776 vos
1180 4718 1235 4774 cut
1259 4719 1381 4774 vestros
1402 4713 1495 4773 luerit
1517 4713 1640 4792 epposi·

407 4825 486 4891 ium,
508 4822 576 4882 sine
604 4821 756 4883 dilacione
783 4820 913 4882 relcxcri
941 4820 1072 4881 iacietis.
1123 4819 1216 4880 Teste
1244 4837 1295 4879 me
1323 4817 1391 4898 ipso
1419 4818 1501 4897 apud
1537 4817 1641 4879 Wesi-

407 4929 643 5000 monesterium,
671 4939 722 4989 xx⁰
742 4930 792 4991 die
814 4929 900 4999 Maii,
928 4948 1013 4989 enno
1033 4927 1120 5007 regni
1141 4925 1241 4988 nostri
1270 4925 1345 5005 xiijs
