3850 5917
338 785 342 794 .
404 701 463 760 138
776 700 956 780 Regietrum
983 702 1050 764 Ado
1076 702 1113 764 dc
1143 702 1266 764 croton

230 927 287 969 Μ·
303 929 359 970 ¹³²⁰·
402 930 510 985 nostre
531 925 773 987 Hereiordensis
792 927 923 989 ecclesie
942 927 1140 998 cathedralis,
1156 927 1205 988 vel
1224 927 1445 990 ebdomadario
1466 927 1499 988 in
1520 929 1640 1002 eadem,

402 1029 546 1100 salutem,
563 1036 622 1091 etc.
665 1032 746 1092 Cum
764 1031 1036 1111 nosprebendam
1058 1032 1097 1092 de
1114 1031 1304 1111 Welyntone
1325 1032 1358 1091 in
1379 1031 1511 1094 ecclesia
1531 1037 1642 1094 nostra

400 1136 541 1215 predicta
562 1136 601 1197 de
619 1137 689 1216 jure
709 1141 885 1208 vacantem,
910 1143 943 1198 et
965 1137 1005 1198 ad
1029 1143 1171 1198 nostram
1199 1137 1401 1198 collacionem
1431 1142 1639 1216 spectantem,

402 1261 475 1302 cum
503 1242 699 1323 plenitudine
722 1242 802 1322 juris
830 1242 974 1303 canonici
1004 1242 1037 1302 in
1065 1243 1174 1303 eadem
1203 1262 1240 1303 ac
1268 1242 1338 1303 aliis
1366 1243 1432 1304 suis
1457 1242 1580 1322 juribus
1608 1247 1641 1304 et

401 1348 614 1427 pertinenciis,
628 1348 743 1410 dilecto
763 1349 796 1408 in
816 1348 944 1411 Christo
957 1348 1032 1419 filio,
1048 1349 1176 1409 domino
1190 1348 1349 1410 Willelmo
1368 1349 1408 1410 de
1428 1348 1640 1428 Ayremynne,

400 1453 522 1526 clerico,
544 1474 645 1533 nuper
665 1455 892 1516 contulerimus
915 1454 1035 1515 intuitu
1067 1454 1217 1526 caritatis,
1243 1474 1338 1534 quam
1360 1454 1486 1535 quidem
1508 1453 1641 1534 preben-

399 1559 473 1618 dam
498 1558 625 1637 quidam
647 1557 810 1619 Johannes
829 1558 868 1618 de
892 1558 1031 1620 Oostone
1053 1563 1130 1619 tunc
1156 1559 1196 1618 de
1218 1558 1302 1619 facto
1323 1564 1442 1619 temere
1462 1559 1639 1638 occupavit,

401 1663 611 1743 magisterque
632 1662 787 1724 Ricardue
811 1663 850 1724 de
870 1664 1031 1736 vernoun,
1053 1663 1189 1725 vicarius
1214 1669 1323 1726 noster
1344 1663 1436 1724 nobis
1458 1663 1490 1722 iu
1509 1664 1642 1726 remotis

400 1769 566 1848 agentibus
583 1769 750 1848 generalis,
772 1769 981 1831 sufficientem
1003 1769 1133 1830 anobis
1155 1769 1194 1830 ed
1215 1769 1276 1831 hoc
1297 1773 1486 1849 potestatem
1509 1768 1640 1840 hebens,

401 1873 521 1934 dictum
552 1874 732 1935 Johannem
761 1875 799 1934 de
832 1875 970 1935 Costone
1001 1875 1176 1955 predictam
1200 1873 1392 1954 prebendam
1422 1874 1460 1935 de
1481 1874 1575 1946 iacto,
1604 1880 1641 1936 ut

399 1979 603 2058 premittitur,
624 1984 842 2058 occupantem,
868 1980 908 2041 ad
935 1985 1039 2041 certos
1068 1980 1152 2042 diem
1176 1985 1208 2041 et
1230 1980 1335 2041 locum
1363 1980 1471 2042 lecerit
1500 1980 1640 2060 legitime

401 2086 532 2156 evocari,
565 2086 605 2145 ad
640 2085 880 2165 proponendum
919 2105 1026 2146 coram
1063 2085 1132 2165 ipso
1171 2105 1228 2165 pro
1258 2084 1393 2145 termino
1428 2085 1642 2165 peremptorio

400 2191 586 2252 canonicum
601 2191 629 2252 si
649 2191 734 2271 quod
755 2191 839 2252 idem
853 2191 873 2251 J
875 2191 1017 2252 ohannes
1038 2189 1178 2262 haberet,
1199 2210 1295 2271 quare
1310 2190 1470 2270 predictus
1491 2189 1640 2252 dominus

400 2295 579 2357 Willelmus
610 2297 642 2356 in
671 2297 863 2375 corporalem
891 2297 1125 2376 possessionem
1154 2297 1237 2358 dicte
1264 2295 1430 2376 prebende,
1458 2297 1577 2374 jurium
1607 2302 1642 2357 et

400 2402 665 2482 pertinenciarum
686 2403 836 2483 ejusdem,
859 2403 966 2464 induci
983 2423 1048 2464 non
1064 2402 1192 2464 deberet
1205 2401 1322 2463 virtute
1337 2401 1517 2463 collacionis
1531 2407 1641 2463 nostre

398 2508 560 2588 predicte;
582 2509 728 2590 idemque
748 2509 912 2569 Johannes
940 2509 973 2568 in
995 2508 1131 2570 termino
1156 2508 1298 2588 predicto
1319 2527 1425 2569 coram
1447 2507 1533 2568 dicto
1554 2527 1638 2568 com-

399 2613 544 2675 missario
561 2619 671 2675 nostro
689 2613 807 2693 pluries
821 2613 1042 2693 preconizatus
1056 2632 1093 2674 ac
1106 2612 1226 2674 diutins
1245 2633 1302 2692 per
1320 2612 1425 2692 ipsum
1445 2617 1639 2691 expectatus,

399 2738 580 2797 comparere
614 2723 669 2778 aut
696 2718 866 2798 quicquam
892 2718 926 2776 in
956 2737 995 2778 ea
1015 2722 1104 2797 parte
1131 2737 1305 2798 proponere
1333 2717 1373 2777 ed
1402 2716 1638 2796 impediendum

400 2823 620 2884 induccionem
644 2823 817 2902 predictam
843 2822 876 2882 in
901 2823 960 2882 hac
985 2827 1074 2902 parte
1099 2821 1275 2884 faciendam
1300 2842 1365 2882 non
1389 2821 1519 2893 curavit,
1540 2821 1641 2883 immo

400 2914 629 2991 contumaciter
658 2948 693 2990 se
723 2928 910 3000 absentavit,
944 2929 1051 3008 sicque
1071 2947 1129 3008 per
1158 2928 1282 3007 lapsum
1304 2925 1485 3008 hujusmodi
1510 2926 1639 2988 termini

399 3035 610 3116 peremptorii,
639 3034 786 3113 ipseper
813 3034 934 3094 dictum
955 3033 1107 3095 vicarium
1142 3037 1287 3094 nostrum
1314 3037 1501 3094 contumace
1532 3032 1565 3092 in
1601 3052 1640 3094 ea

398 3147 488 3222 parte
508 3141 647 3221 legitime
668 3140 885 3220 pronunciato,
911 3141 1056 3220 preclusa
1077 3139 1137 3200 fuit
1158 3139 1218 3201 eibi
1245 3143 1347 3201 otest
1368 3139 1472 3200 omnis
1496 3139 1639 3201 defensio

398 3246 431 3306 in
456 3247 516 3307 hac
536 3252 648 3327 parte;
671 3245 759 3307 vobis
785 3251 893 3307 tenore
914 3245 1114 3325 presencium
1138 3243 1367 3306 committimus
1388 3248 1420 3305 et
1448 3245 1637 3306 mandamus

398 3358 554 3434 quatenus
575 3352 695 3412 dictum
716 3351 879 3413 dominum
901 3349 1095 3410 Willelmum
1117 3349 1167 3410 vel
1191 3355 1426 3428 procuratorem
1449 3368 1543 3410 suum
1565 3349 1636 3427 ejus

398 3459 526 3520 nomine
554 3458 587 3517 in
616 3457 810 3537 corporalem
839 3456 1073 3536 possessionem
1096 3455 1253 3536 prebende
1280 3454 1429 3534 predicte,
1459 3455 1577 3535 jurium
1604 3459 1639 3516 et

397 3564 662 3644 pertinenciamm
693 3563 844 3643 ejusdem,
884 3582 948 3622 non
985 3561 1131 3623 obstante
1165 3579 1352 3641 quacunque
1384 3559 1637 3621 contradiccione

397 3671 496 3752 ipsius
517 3671 673 3733 Johannis
704 3669 755 3731 vel
785 3690 843 3731 suo
864 3669 993 3730 nomine
1014 3667 1165 3739 iacienda,
1198 3666 1364 3738 inducatis,
1390 3665 1580 3746 stallumque
1603 3666 1638 3726 in

396 3777 492 3838 choro
507 3777 657 3838 stlocum
672 3775 704 3834 iu
726 3774 873 3854 capitulo
893 3773 995 3836 eidem
1017 3771 1145 3833 domino
1166 3769 1325 3832 Willelmo
1340 3768 1390 3830 vel
1408 3789 1466 3830 suo
1488 3789 1636 3850 procura·

397 3885 458 3946 tori
482 3883 688 3962 assignantes,
706 3903 743 3943 ac
764 3881 825 3942 alia
845 3881 997 3942 iacientes
1016 3899 1077 3961 que
1099 3879 1131 3938 in
1149 3879 1208 3938 hac
1238 3881 1328 3957 parte
1355 3877 1472 3938 fuerint
1493 3877 1638 3938 facienda

396 3992 485 4070 juxta
506 3989 749 4051 consuetudines
771 3987 902 4049 ecclesie
922 3989 1104 4047 memorate.
1148 3985 1268 4046 Datum
1286 3981 1468 4053 Londoniie,
1489 3981 1558 4062 viij·
1586 3981 1635 4042 Id.

397 4095 540 4176 Augusti,
562 4114 645 4155 auno
667 4093 796 4155 Domini
821 4090 961 4153 M⁰OGO⁰
985 4089 1143 4182 uicesimo,
1165 4093 1225 4150 etc.

395 4337 472 4417 Aue.
494 4299 793 4413 ,sa-mmm
816 4333 937 4412 aetum
959 4341 989 4394 a
1020 4331 1162 4393 uulua
1186 4329 1223 4391 u
1254 4329 1372 4390 umen
1396 4327 1445 4390 ue
1462 4328 1635 4390 ceantur

519 4419 625 4479 Housc
651 4436 722 4478 onoc
743 4415 813 4477 bold
840 4414 878 4493 by
905 4413 1048 4476 Riolrard
1068 4413 1106 4474 dc
1127 4409 1296 4490 Sws'uficld.

479 4575 642 4637 Gomacm
662 4565 824 4634 nouonuu'
845 4588 946 4632 saera
967 4585 1130 4630 naorsrno
1155 4568 1193 4628 R.
1215 4583 1259 4627 nn
1280 4563 1634 4628 ventosa-Memor-

398 4682 516 4743 andum
544 4679 629 4761 quod
664 4687 736 4739 111⁰
759 4677 810 4739 die
845 4677 964 4738 mensis
996 4674 1139 4755 Augusti,
1160 4693 1244 4734 anno
1272 4669 1401 4733 Domini
1433 4669 1635 4744 M⁰OGC⁰xx⁶,

397 4785 531 4850 contulit
559 4785 707 4847 dominus
747 4784 830 4864 apud
859 4782 1025 4861 Ledebury
1052 4779 1203 4860 magistro
1230 4776 1365 4838 Ricardo
1400 4775 1439 4838 de
1473 4773 1635 4849 Vernoun,

396 4892 547 4956 canonico
585 4889 819 4962 Herefordensi‚
861 4889 932 4950 illas
967 4888 1077 4949 domos
1112 4882 1310 4946 canonicales
1344 4901 1423 4962 quas
1457 4879 1636 4942 inhabitare

396 4997 560 5062 consuevit
586 4995 772 5058 Heraiordie
801 4993 948 5056 dominus
983 4991 1137 5053 Ricardus
1171 4989 1211 5050 de
1244 4985 1442 5068 Swynefeud,
1473 4985 1634 5067 quondam

396 5104 566 5167 canonicus
598 5100 849 5172 Herefordensis,
877 5103 1035 5170 vacantes,
1064 5102 1097 5160 et
1124 5097 1165 5158 ad
1192 5113 1283 5156 suam
1310 5091 1515 5154 collacionem
1543 5111 1632 5172 speo-
