3850 5917
700 714 851 796 Episcopi
876 713 1120 795 Herefcrdencis.
1464 717 1523 777 353

90 947 168 987 Μ)-
193 946 253 986 ¹³²⁶·
297 940 453 1002 buriensis
475 939 617 1011 diocesis,
639 944 671 1001 ct
693 938 825 1001 aliomm
848 939 1019 1000 multorum
1044 939 1264 1019 presbiterorm
1288 944 1320 1000 et
1334 940 1525 1013 clericorum,

295 1044 433 1116 testium,
463 1050 532 1116 etc,
557 1066 594 1105 ac
621 1044 683 1106 mei
711 1044 740 1105 J.
770 1044 809 1106 de
836 1044 1038 1115 Radenballe,
1069 1044 1184 1105 notarii
1211 1045 1328 1124 publici
1355 1046 1526 1125 apostolica

294 1149 490 1221 anctoritate,
523 1150 623 1211 Adam
658 1150 697 1211 de
729 1150 814 1221 Low,
847 1148 962 1210 Rector
986 1149 1116 1211 ecclesie
1147 1149 1185 1210 de
1206 1150 1414 1231 Whyteneye,
1442 1152 1525 1213 dicte

294 1254 536 1317 Heraiordensis
556 1254 698 1327 diocesis,
720 1254 753 1315 in
775 1254 905 1316 ecclesia
926 1255 1097 1335 parochiali
1119 1255 1209 1317 beate
1231 1257 1340 1329 Maris,
1362 1257 1523 1339 Radingie,

294 1360 433 1441 predicte
462 1359 703 1421 sarisburiensis
730 1359 872 1432 diocesis,
900 1360 1106 1439 personaliter
1135 1362 1336 1433 constitutus,
1364 1362 1457 1443 petiit
1485 1364 1525 1424 ab

299 1466 410 1527 eodem
433 1465 600 1545 Episcopo,
623 1465 737 1526 ibidem
757 1466 866 1527 eodem
889 1466 939 1526 die
966 1486 1071 1527 sacros
1101 1466 1226 1528 ordines
1257 1468 1458 1541 celebraturo,
1487 1471 1526 1531 ad

292 1570 434 1632 ordinem
463 1570 646 1632 diaconatus
673 1570 807 1642 admitti,
836 1570 886 1632 vel
916 1571 1080 1633 licenciam
1119 1572 1178 1633 sibi
1209 1573 1276 1633 dari
1307 1576 1390 1654 quod
1417 1581 1525 1655 posset

294 1677 439 1739 insistere
461 1676 565 1738 studio
586 1676 770 1737 litterarum.
813 1676 856 1737 Et
880 1677 965 1737 idem
983 1677 1129 1739 dominus
1151 1679 1328 1759 Episcopus
1350 1680 1525 1759 predictum

299 1785 400 1845 Adam
428 1782 467 1845 de
498 1782 675 1844 litteratura
709 1782 899 1843 examinavit
934 1782 1059 1854 ibidem,
1088 1804 1125 1844 ac
1152 1784 1257 1864 ipsum
1284 1784 1458 1864 simplicem
1494 1790 1527 1847 et

296 1892 401 1952 minus
422 1892 580 1971 ydoneum
609 1890 641 1949 in
669 1889 845 1951 litteratura
869 1889 999 1951 invenit.
1041 1890 1174 1970 Propter
1201 1892 1284 1971 quod
1308 1892 1391 1953 idem
1416 1893 1525 1965 Adam,

296 1998 390 2061 tactis
428 2017 484 2077 per
518 2016 590 2059 eum
626 1997 828 2076 corporaliter
863 1998 1072 2059 sacrosanctis
1109 1998 1298 2078 Evangeliis,
1335 1999 1527 2060 ordinacioni

295 2105 372 2166 dicti
397 2102 516 2165 domini
544 2102 694 2182 Episcopi
729 2102 868 2164 totaliter
902 2123 935 2164 se
968 2102 1124 2165 submisit.
1179 2103 1223 2163 Et
1251 2104 1354 2165 dictus
1380 2103 1527 2167 dominus

294 2212 472 2291 Episcopus
500 2208 656 2270 ordinavit
683 2214 715 2269 et
743 2208 905 2289 deputavit
933 2210 1118 2288 magistrum
1146 2210 1303 2288 Rogerum
1331 2210 1370 2271 de
1397 2209 1525 2283 Astcne,

296 2317 453 2387 clericum,
470 2314 710 2376 Heraiordensie
730 2314 872 2386 diocesis,
893 2314 1012 2375 ibidum
1027 2319 1104 2376 tunc
1123 2320 1310 2395 presentem,
1326 2316 1385 2377 sibi
1402 2317 1526 2397 coadju-

299 2428 399 2483 torem
429 2440 485 2482 seu
506 2425 690 2491 curatorem,
719 2425 752 2480 ct
779 2420 1086 2481 administracionem
1115 2441 1152 2482 ac
1179 2422 1353 2482 custodiam
1375 2422 1527 2483 bonorum

300 2530 384 2591 dicte
411 2528 541 2591 ecclesie
568 2527 689 2607 prelato
717 2527 840 2607 Rogare
867 2527 1035 2598 commisit,
1063 2532 1095 2588 et
1123 2526 1223 2587 eidem
1250 2526 1315 2587 Ade
1335 2528 1475 2607 precepit
1496 2533 1528 2588 et

293 2635 431 2715 injunxit
455 2634 538 2714 quod
574 2634 715 2713 predicto
742 2632 892 2713 magistro
924 2633 1047 2712 Rogare
1082 2638 1234 2713 tanquam
1265 2633 1438 2711 coadjutori
1470 2653 1527 2694 seu

296 2740 433 2801 curatori
461 2759 518 2800 suo
546 2738 723 2799 intenderet
744 2738 900 2798 acaciam
933 2737 1082 2799 obediret.
1124 2737 1168 2797 Et
1196 2738 1389 2816 dispensavit
1412 2738 1526 2799 ibidem

295 2866 367 2908 cum
395 2846 536 2926 predicto
559 2844 626 2905 Ada
647 2849 682 2904 ut
706 2863 762 2924 per
786 2844 956 2905 triennium
978 2864 997 2903 a
1024 2842 1114 2923 lapsu
1137 2843 1287 2922 temporis
1308 2844 1385 2904 alias
1407 2843 1466 2904 sibi
1487 2845 1526 2904 ad

298 2952 488 3013 studendum
525 2950 638 3010 indulti
667 2950 815 3010 continue
846 2949 1075 3011 numerandum
1104 2949 1248 3010 insistere
1275 2948 1392 3010 valeret
1422 2950 1528 3011 studio

297 3056 483 3128 litterarum,
504 3056 548 3115 ita
569 3055 652 3135 quod
669 3056 708 3115 ad
730 3054 893 3116 ulteriores
912 3055 1037 3116 ordines
1054 3054 1180 3116 interim
1200 3054 1377 3134 promoveri
1398 3056 1528 3117 minime

294 3167 463 3233 teneretur,
487 3160 613 3241 proviso
634 3166 749 3231 tamen,
775 3166 833 3231 etc,

295 3414 368 3477 Eeb.
390 3414 545 3475 Iri-The
566 3413 748 3492 Praetores
769 3412 818 3473 tbc
838 3412 928 3473 Dcan
947 3413 1011 3473 aad
1033 3413 1167 3493 Chapter
1186 3414 1221 3492 os
1241 3414 1392 3494 Hercsord
1413 3415 1527 3494 boniac

525 3495 657 3635 illle
670 3493 1528 3656 ltlltllrln‘atllrtrfi,

420 3594 633 3734 amclades
656 3654 704 3715 the
724 3654 946 3733 scqustrctcon
965 3655 1100 3735 imposui
1120 3622 1202 3735 upon
1223 3655 1272 3717 rte
1293 3596 1425 3735 bergfioc.

375 3840 562 3899 Rnnnxrcro
594 3854 772 3907 suounsrm
807 3854 850 3895 nn
887 3836 1173 3897 Scnnnrnerurunn
1210 3854 1309 3897 rscrn
1352 3855 1417 3896 rna
1449 3838 1525 3897 Err-

295 3945 624 4024 amus-Rogatus,
652 3949 721 4014 etc..
747 3942 861 4004 dilecto
895 3942 969 4013 filio,
1003 3948 1155 4023 perpetuo
1188 3942 1304 4003 vicario
1331 3944 1460 4004 ecclesie
1486 3943 1525 4005 de

293 4052 528 4134 Wynekeielde,
553 4056 661 4112 nostre
681 4049 823 4120 diocesis,
845 4049 988 4120 salutem,
1010 4056 1069 4111 etc.
1126 4050 1207 4124 Quia
1227 4054 1410 4129 procurator
1433 4050 1524 4111 dilec-

296 4166 400 4221 torum
442 4156 588 4227 filiorum,
620 4155 739 4216 Decani
774 4160 806 4216 et
840 4154 978 4234 Capituli
1008 4154 1258 4225 Hereiordensis,
1294 4156 1457 4217 ecclesiam
1487 4156 1527 4218 de

296 4260 555 4342 Scbcnyngielde,
577 4265 684 4320 nostre
705 4258 846 4329 diocesis,
870 4258 903 4317 in
931 4278 1008 4319 usus
1028 4258 1171 4337 proprios
1191 4259 1413 4330 obtinencium,
1435 4260 1526 4321 nobis

293 4370 448 4449 ydoneam
481 4366 619 4446 prestitit
648 4365 838 4435 caucionem,
867 4364 906 4425 de
934 4364 1132 4425 reformando
1169 4365 1360 4426 sufficientet
1386 4366 1527 4429 delectus

296 4477 329 4537 in
353 4474 501 4545 cancello,
523 4472 618 4542 libris,
642 4469 886 4532 sternumentis
908 4469 1039 4531 ecclesie
1058 4470 1206 4549 predicta,
1231 4474 1263 4530 et
1283 4470 1400 4549 capelle
1424 4470 1526 4532 eidem

296 4600 425 4651 annexe,
451 4580 529 4639 citra
549 4578 665 4639 festum
689 4576 901 4646 Pentecostes,
926 4595 962 4635 ac
990 4575 1102 4646 mansi,
1130 4595 1298 4646 orreorum,
1333 4581 1366 4637 et
1392 4576 1524 4637 aliamm

295 4688 459 4751 domorum
488 4684 633 4745 Rectorie
657 4683 797 4763 ejusdem
822 4681 960 4752 ecclesie,
989 4680 1068 4741 citra
1091 4679 1206 4742 festum
1232 4682 1332 4742 sancti
1360 4681 1526 4745 Michaelis

152 4795 168 4823 ⁰
243 4806 251 4825 ·
295 4798 472 4862 venturum,
511 4795 707 4870 sequestrum
742 4787 919 4849 defectuum
961 4787 1143 4864 hujusmodi
1180 4788 1305 4848 racione
1339 4790 1526 4852 auctoritate

294 4904 403 4960 nostra
433 4896 465 4956 in
493 4896 584 4957 bonis
610 4895 692 4956 dicte
723 4894 854 4956 ecclesie
885 4892 1106 4972 interpositum
1141 4891 1325 4965 relaxamus,
1357 4894 1441 4973 quod
1467 4915 1526 4974 pro

293 5005 340 5066 sic
364 5002 480 5063 habeas
501 5000 683 5062 relaxatum.
725 5001 844 5061 Datum
867 4997 951 5078 apud
972 4998 1117 5069 Poterne,
1139 5007 1192 5058 xv⁰
1213 4996 1283 5058 Kal.
1305 4998 1425 5069 Marcii,
1441 5019 1524 5062 anno

294 5108 424 5172 Domini
445 5106 611 5169 millesimo
636 5105 853 5175 M⁰GCO⁰xxv⁰,
875 5109 934 5165 etc.
