3850 5917
413 672 473 731 314
788 671 970 750 Regiatrum
996 670 1062 732 Adc
1089 670 1126 731 dc
1156 671 1281 731 Orlctorr

412 896 611 957 mencionem
639 897 791 958 facientes
815 916 996 976 expressam
1021 897 1054 957 in
1075 896 1304 958 subdiaconum
1324 897 1474 958 canonice
1498 895 1654 957 ordinavi-

412 998 493 1038 mus.
535 978 576 1037 Iu
601 979 701 1057 cujus,
722 984 782 1039 etc.

416 1243 478 1303 The
512 1242 630 1321 Bishop
662 1244 699 1322 of
730 1244 896 1321 Salisbury
932 1243 1084 1304 threateas
1116 1243 1410 1304 accommuntcatt'on
1437 1243 1562 1322 aquirat
1589 1264 1653 1323 any

535 1324 601 1383 who
628 1324 739 1385 should
769 1324 889 1403 dcrpoil
923 1324 972 1385 the
1009 1324 1133 1385 Ohurclr
1160 1324 1196 1405 of
1230 1325 1370 1385 Wootton
1403 1324 1514 1387 Rivers
1542 1327 1577 1405 os
1608 1326 1650 1385 ils

536 1404 637 1474 tilher,
665 1425 699 1465 or
726 1424 789 1483 any
813 1412 889 1484 part
916 1406 953 1485 os
978 1404 1067 1465 them.

494 1586 645 1664 Rogerus,
674 1586 891 1664 permissione,
913 1591 973 1647 etc.
1031 1586 1120 1647 Licet
1155 1606 1266 1647 omnes
1294 1592 1326 1648 et
1357 1588 1472 1668 singuli
1503 1590 1652 1650 ecclesias

412 1712 471 1752 suo
495 1693 563 1770 jure
587 1692 748 1771 privantes
772 1697 805 1753 et
832 1692 1004 1752 earundem
1032 1690 1194 1753 libertates
1221 1712 1278 1772 per
1301 1693 1457 1753 maliciam
1487 1700 1520 1756 et
1544 1702 1655 1757 contra

411 1797 572 1877 justiciam
600 1797 776 1877 ‚infringere
814 1797 863 1858 vel
896 1796 1080 1877 perturbare
1114 1798 1214 1859 eciam
1252 1799 1488 1871 contendentes,
1525 1801 1652 1879 majoris

412 1902 751 1964 excommunicacionis
775 1903 938 1964 sentencia
958 1903 992 1962 in
1015 1908 1197 1964 sanctorum
1218 1904 1349 1963 Patrum
1371 1904 1653 1968 constitucionibus

412 2009 544 2089 proinde
567 2008 735 2069 fulminata
755 2008 820 2070 sint
841 2009 911 2088 ipso
940 2008 1025 2070 facto
1053 2008 1151 2089 ligati,
1174 2009 1229 2070 ubi
1256 2010 1317 2069 tria
1346 2010 1510 2071 hominum
1538 2032 1654 2091 genera

411 2114 750 2177 excommunicacionis
770 2114 896 2175 vinculo
917 2114 1119 2185 innodantur,
1141 2113 1320 2175 auferentes
1344 2115 1490 2177 videlicet
1510 2116 1651 2179 ecclesiis

413 2242 472 2283 sua
489 2221 567 2300 jura,
590 2220 796 2299 infringentes
816 2219 1046 2281 ecclesiasticas
1067 2219 1238 2291 libertates,
1260 2226 1292 2280 et
1314 2220 1381 2281 sine
1403 2221 1559 2283 fraccione
1580 2243 1652 2284 con-

412 2327 551 2388 tensiose
582 2324 746 2387 turbantes
774 2326 910 2397 easdem,
942 2325 1036 2405 quod,
1065 2326 1148 2386 sicut
1179 2325 1212 2385 in
1237 2325 1330 2387 dictis
1365 2327 1650 2389 constitucionibus

410 2452 558 2512 expresse
579 2431 767 2503 continetur,
795 2451 860 2492 non
888 2431 992 2492 solum
1020 2430 1206 2511 intelligitur
1236 2432 1275 2493 de
1303 2432 1499 2512 generalibus
1528 2433 1653 2495 liberta·

413 2539 498 2601 tibus
528 2538 714 2599 universalis
746 2537 886 2609 ecclesie,
914 2558 1025 2599 verum
1056 2537 1155 2599 eciam
1191 2538 1230 2599 de
1261 2538 1449 2617 specialibus
1480 2544 1546 2615 tam
1575 2546 1654 2603 tem-

412 2644 571 2724 poralibus
617 2663 712 2723 quam
759 2642 976 2723 spiritualibus
1021 2642 1188 2721 singularis
1230 2644 1361 2705 ecclesie
1402 2644 1652 2725 quibuscunque,

411 2770 535 2811 necnon
569 2750 624 2831 qui
658 2749 823 2811 ecclesiam
866 2754 1009 2810 nostram
1053 2748 1328 2821 sarisburiensem,
1365 2750 1415 2813 vel
1450 2772 1656 2832 quascunque

412 2856 514 2917 eidem
531 2854 662 2915 ecclesie
679 2854 846 2933 subjectas,
864 2854 1003 2924 decimis,
1019 2852 1273 2925 obvenoionibus‚
1291 2856 1427 2933 pascuis,
1446 2855 1654 2925 libertatibus,

410 2962 558 3023 strabus
590 2960 829 3041 quibuscunque
864 2960 898 3019 in
924 2978 1058 3039 quarum
1088 2960 1288 3039 possessione
1318 2962 1470 3022 canonica
1501 2963 1652 3033 existunt,

411 3066 614 3147 pretermisso
647 3066 727 3146 juris
761 3065 870 3126 ordine
900 3064 1028 3144 propria
1064 3064 1251 3126 auctoritate
1298 3066 1433 3145 spoliare
1465 3076 1655 3147 presumunt

411 3174 511 3234 eciam
546 3172 675 3253 majoris
712 3170 1050 3232 excommunicacionis
1092 3172 1254 3232 sentencia
1289 3172 1488 3243 innodantur,
1524 3174 1653 3253 quidam

411 3285 528 3352 tamen,
563 3285 599 3340 ut
634 3278 821 3357 accepimus,
857 3298 914 3338 sue
946 3277 1058 3338 salutis
1099 3276 1310 3349 immemores,
1341 3298 1475 3358 quorum
1521 3280 1653 3341 nomina

411 3385 600 3464 ignoramus,
636 3384 800 3445 ecclesiam
835 3384 874 3444 de
910 3382 1065 3444 Woctone
1100 3382 1221 3453 Rivers,
1260 3383 1343 3443 dicte
1378 3384 1509 3445 ecclesis
1544 3392 1653 3447 nostre

410 3490 595 3568 subjectam,
618 3490 748 3551 decimis
775 3489 941 3569 garbarum
964 3488 1045 3549 infra
1066 3487 1145 3549 fines
1170 3494 1203 3549 et
1228 3488 1345 3550 limites
1367 3496 1400 3549 et
1421 3490 1652 3554 decimaciones

412 3597 559 3677 parochie
580 3598 680 3676 ipsius
708 3596 839 3658 ecclesie
860 3596 899 3657 de
929 3595 1084 3656 Woctone
1114 3596 1381 3674 provenientibus,
1407 3602 1439 3657 st
1460 3598 1499 3657 ad
1521 3600 1653 3661 eandem

412 3703 577 3764 ecclesiam
612 3703 651 3763 de
680 3703 750 3782 jure
774 3702 935 3762 communi
970 3701 1196 3781 spectantibus,
1227 3702 1259 3761 in
1291 3722 1423 3782 quarum
1460 3710 1492 3764 et
1522 3704 1654 3766 aliarum

412 3808 662 3868 omnimodarum
678 3808 869 3869 decimarum
888 3805 1004 3867 ibidem
1019 3806 1275 3885 provenientium
1289 3808 1488 3886 possessione
1503 3810 1656 3871 canonica

412 3914 523 3974 eadem
551 3913 682 3973 ecclesia
702 3918 735 3974 et
756 3911 855 3991 ipsius
877 3912 994 3972 Rector
1018 3910 1146 3972 nomine
1168 3912 1309 3989 ejusdem
1331 3912 1461 3973 ecclesie
1480 3914 1655 3975 extiterunt

411 4024 445 4078 et
475 4018 579 4078 adbuc
615 4018 763 4089 existunt,
796 4018 1031 4078 comminantur
1066 4036 1100 4077 se
1138 4016 1218 4078 velle
1253 4016 1285 4075 in
1314 4016 1445 4077 instanti
1478 4024 1654 4101 autumpno

413 4125 518 4185 minus
539 4124 666 4203 provide
689 4124 788 4202 magis
809 4122 881 4184 fulti
910 4123 1059 4202 potencia
1088 4122 1221 4183 seculari
1242 4142 1338 4202 quam
1361 4122 1489 4201 justicia
1509 4126 1653 4204 spoliare.

412 4229 564 4290 Volentes
591 4228 686 4308 igitur
716 4228 914 4289 subditorum
938 4234 1120 4288 nostrorum
1148 4227 1325 4286 animarum
1358 4226 1462 4297 saluti,
1492 4249 1541 4300 ne,
1570 4232 1655 4311 quod

414 4336 505 4407 absit,
533 4336 711 4397 sentencias
732 4336 895 4395 incurrant
915 4334 1083 4413 predictas,
1113 4332 1263 4412 quatinus
1295 4335 1402 4393 tamen
1423 4333 1654 4413 depossumus,¹

414 4464 580 4525 precavere
616 4464 652 4504 ac
682 4443 906 4522 indempnitati
940 4442 1024 4502 dicte
1054 4440 1184 4503 ecclesie
1213 4440 1402 4520 prospicere,
1431 4446 1467 4501 ut
1498 4448 1653 4516 tenemur,

414 4550 576 4612 devocioni
602 4555 705 4611 vestre
726 4549 920 4627 conjunctim
941 4553 975 4609 et
996 4548 1122 4608 divisim
1151 4547 1184 4606 ln
1205 4548 1323 4608 virtute
1344 4551 1454 4608 sancte
1472 4548 1655 4611 obediencie

413 4663 446 4719 et
468 4656 525 4718 sub
546 4654 884 4717 excommunicacionis
904 4675 987 4734 pena
1007 4652 1141 4713 firmiter
1159 4652 1353 4732 injungendo
1373 4654 1603 4717 committimus
1622 4664 1655 4717 et

413 4764 600 4824 mandamus
621 4762 771 4841 quatinus
793 4761 1034 4830 comminantes,
1066 4759 1093 4819 si
1123 4758 1177 4838 qui
1210 4758 1283 4827 siut,
1317 4759 1472 4819 moneatis
1494 4761 1654 4832 canonice,

410 4875 444 4929 et
478 4868 645 4930 efficaciter
682 4866 840 4926 inducatis
881 4870 918 4925 nt
962 4863 1003 4924 ab
1045 4863 1154 4925 eadem
1197 4862 1440 4941 presumpcione
1488 4864 1654 4937 desistant,

413 4974 604 5053 dictamque¹
625 4970 790 5031 ecclesiam
810 4976 843 5031 et
864 4970 1031 5030 Rectorem
1056 4967 1257 5049 possessione
1279 4987 1337 5029 sus
1357 4968 1498 5047 predicta
1518 4972 1654 5049 gaudere

602 5106 672 5148 l-So
685 5105 709 5145 in
723 5106 775 5147 MS.
1098 5104 1170 5145 2-80
1185 5104 1211 5144 ln
1226 5104 1285 5145 MS.
1299 5101 1382 5144 aiom
1394 5102 1468 5152 quod.
