3850 5917
677 715 828 795 Episcopi
855 716 1098 796 Hercjordcusis.
1447 721 1505 780 183

110 971 224 1010 Α-ΜΏΙ-
264 964 337 1025 Feb.
363 965 496 1025 7.—Tlrc
520 964 639 1044 Bishop
660 965 867 1025 commissione
890 966 938 1025 tho
964 967 1083 1043 Officiol
1098 974 1126 1027 to
1148 968 1290 1028 instituto
1311 968 1374 1028 ond
1397 967 1505 1028 irodrwl

394 1046 534 1106 Williom
560 1046 597 1105 dc
625 1046 776 1106 Brcintoo
800 1054 829 1106 to
855 1046 904 1106 the
928 1046 1059 1124 Rectory
1080 1049 1115 1126 of
1137 1049 1233 1108 Aston
1257 1049 1397 1126 Iactum,
1424 1051 1505 1128 after

391 1126 517 1205 boldinp
544 1147 587 1186 an
614 1126 740 1205 inquiris
768 1148 803 1187 os
833 1134 862 1188 to
891 1128 940 1187 the
968 1148 1102 1206 vocauoy
1131 1130 1166 1208 os
1192 1129 1240 1188 tte
1268 1149 1358 1190 aomo.

351 1283 534 1344 Coumssm
569 1301 629 1342 mo
661 1299 786 1342 noaino
822 1283 872 1342 W.
908 1301 951 1342 ou
984 1283 1186 1342 Bnnruuoun
1219 1302 1428 1344 recessuram
1463 1303 1506 1344 an

269 1407 454 1449 accensum
485 1407 529 1447 nn
561 1386 692 1447 Assone
725 1387 1082 1467 Ianam—Episcopus
1111 1388 1242 1448 Officiali
1272 1389 1416 1460 salutem,
1445 1395 1504 1450 eto.

270 1495 316 1554 Ad
337 1494 560 1574 inquirendum
581 1513 676 1572 super
697 1493 864 1552 vaoaoione
889 1493 1019 1554 ecclesie
1042 1493 1080 1553 de
1102 1493 1220 1554 Astoue
1243 1493 1374 1573 Ingayn,
1398 1500 1506 1554 nostre

268 1601 411 1671 diocesis,
443 1605 476 1661 et
504 1600 573 1660 aliis
601 1599 741 1660 articulis
769 1599 882 1660 debitis
911 1600 942 1658 iu
979 1600 1038 1660 hac
1066 1605 1164 1679 parte,
1188 1601 1226 1660 ad
1252 1621 1346 1680 qnam
1372 1601 1506 1662 dilectus

268 1708 352 1767 iilius
373 1706 552 1766 Willelmus
574 1707 612 1764 de
641 1705 833 1784 Breyntone‚
858 1706 1021 1785 presbiter,
1043 1693 1244 1785 presentatus
1269 1708 1394 1778 existit;
1424 1713 1456 1768 et
1478 1711 1504 1770 si

269 1814 436 1894 inquisioio
463 1813 654 1874 sufficienter
682 1812 776 1873 faciat
803 1833 860 1892 pro
888 1819 1099 1893 presentante,
1129 1819 1160 1874 et
1188 1814 1286 1874 eciam
1315 1821 1505 1893 presentato,

269 1920 404 1980 eundem
430 1919 623 1979 Willelmum
652 1918 839 1978 auctoritate
867 1923 976 1978 nostra
1003 1918 1042 1978 ad
1071 1918 1172 1997 ipsam
1200 1919 1364 1979 ecclesium
1391 1921 1504 1981 admit·

269 2028 410 2096 tendum,
439 2031 472 2086 et
500 2024 730 2085 instituendum
758 2023 925 2084 Rectorem
954 2023 986 2081 in
1015 2043 1061 2094 ea,
1090 2029 1123 2083 et
1147 2043 1219 2084 eum
1251 2023 1284 2082 in
1313 2025 1505 2104 corporalem

268 2131 502 2211 possessionem
530 2129 671 2208 ejusdem
700 2128 830 2189 ecclesie
857 2128 1069 2189 inducendum
1098 2148 1155 2189 seu
1182 2129 1361 2188 faciendum
1389 2130 1505 2203 induci,

269 2243 301 2298 et
330 2237 392 2296 alia
413 2235 533 2314 agenda
554 2254 614 2313 que
642 2234 674 2292 in
700 2234 760 2293 hae
794 2239 884 2312 parte
912 2233 1032 2312 agenda
1064 2234 1250 2305 exstiterint,
1280 2234 1368 2295 vobis
1397 2241 1506 2297 tenore

269 2341 468 2424 presencium
496 2340 725 2401 committimus
752 2340 837 2400 vices
864 2345 990 2400 nostras
1022 2361 1094 2400 cum
1126 2340 1327 2402 coercitionis
1356 2343 1506 2404 canonice

269 2453 437 2528 potestate.
500 2447 619 2506 Datum
658 2447 839 2516 Londoniis,
878 2446 934 2525 vij⁰
969 2446 1020 2506 die
1058 2447 1177 2507 mensis
1215 2446 1385 2520 Februarii,
1422 2469 1506 2510 anno

270 2553 400 2615 Domini
429 2552 616 2614 M0000011.

270 2810 341 2870 Fet.
372 2808 503 2868 2-th
531 2806 658 2885 Bisbop,
684 2814 717 2865 ut
743 2807 791 2866 tte
816 2812 933 2884 rcquest
957 2807 994 2885 os
1018 2807 1171 2884 Boldwyo
1194 2807 1231 2867 do
1261 2807 1399 2878 Trevillc,
1428 2829 1505 2869 com·

392 2889 536 2948 missioos
573 2888 621 2946 tho
659 2887 778 2964 Officiol
811 2887 874 2945 aad
910 2887 959 2946 tte
994 2887 1190 2947 Archdcooon
1223 2889 1258 2967 of
1289 2889 1441 2967 Horoford
1476 2897 1506 2950 to

393 2969 551 3038 arbitrato,
580 2970 616 3026 in
642 2988 662 3027 o
690 2968 812 3046 disputo
836 2967 1016 3045 coooerninp
1041 2989 1061 3026 a
1088 2968 1235 3045 Gtontry,
1262 2969 1389 3030 between
1416 2971 1505 3030 Aba·

393 3050 488 3110 ander
515 3050 552 3109 de
582 3049 711 3108 Trcoillc
739 3049 802 3107 aad
827 3048 875 3107 tho
903 3048 997 3108 Prior
1024 3049 1059 3128 oj
1083 3048 1220 3128 Kilpcck.

351 3232 816 3293 cona1ss1oinmsnacan
847 3247 964 3288 nomin
999 3229 1201 3288 Bennnwrm
1234 3249 1277 3289 nn
1309 3229 1507 3292 Tuumne.—

269 3338 449 3418 Episcopus
477 3335 610 3395 Officiali
639 3333 782 3404 salutem,
807 3340 866 3394 etc.
920 3333 1076 3412 Exposuit
1098 3334 1188 3395 nobis
1217 3334 1364 3396 dominus
1393 3336 1506 3398 Balde-

270 3462 383 3522 wynus
411 3441 450 3501 de
473 3439 607 3518 Tryvile,
632 3439 732 3509 miles,
755 3439 838 3517 quod
863 3439 1010 3499 dominus
1035 3439 1219 3510 Alexander,
1249 3446 1339 3518 pater
1363 3461 1447 3513 suus,
1474 3449 1507 3504 et

270 3549 360 3610 Prior
385 3547 424 3607 de
448 3546 590 3625 Kilpeke,
616 3565 678 3624 quo
706 3545 746 3604 ad
783 3545 941 3623 quandam
970 3545 1152 3615 cantariam,
1185 3546 1223 3606 de
1262 3566 1323 3625 qua
1351 3547 1389 3607 lis
1419 3553 1506 3608 mota

270 3654 392 3716 exstitit
422 3652 505 3712 inter
539 3671 602 3721 eos,
641 3649 834 3709 ordinacioni
877 3654 984 3710 nostre
1025 3649 1209 3710 submittere
1246 3670 1279 3710 se
1314 3658 1505 3731 proponunt,

269 3765 383 3841 petens
404 3763 441 3818 ut
463 3757 551 3818 vobis
573 3757 658 3816 vices
680 3760 804 3816 nostras
827 3755 1096 3815 committeremus
1119 3755 1151 3813 in
1175 3755 1234 3816 hac
1257 3763 1354 3836 parte,
1380 3763 1506 3819 nostras

270 3867 359 3928 vobis
387 3884 482 3944 super
506 3863 566 3922 hoo
598 3861 719 3920 litteras
757 3860 926 3939 dirigendo.
980 3859 1027 3919 Ad
1053 3861 1159 3940 ipsius
1194 3861 1289 3940 igitur
1317 3862 1505 3923 instanciam

270 3971 375 4052 placet
409 3967 508 4038 nobis,
544 3967 620 4026 dum
651 3971 758 4026 tamen
792 3964 934 4045 partibus
969 3965 1046 4043 ipsis
1078 3965 1239 4043 placuerit,
1272 3966 1355 4044 quod
1387 3986 1442 4027 vos
1474 3973 1508 4028 et

270 4076 418 4137 dominus
446 4072 694 4132 Archidiaconus
723 4070 973 4140 Herelordensis,
1007 4069 1232 4130 informatione
1271 4070 1310 4130 ab
1344 4071 1420 4149 ipsis
1460 4093 1505 4132 re·

270 4188 371 4264 cepta,
394 4179 570 4242 decernatis
599 4198 692 4258 super
723 4179 792 4248 hoo,
821 4175 1011 4247 arbitrando
1044 4176 1093 4237 vel
1120 4177 1188 4255 jure
1217 4176 1374 4236 ordinario
1398 4197 1505 4256 prooe-

270 4291 382 4361 dendo,
404 4287 489 4368 quod
508 4286 630 4366 justum
650 4282 745 4344 fuerit
766 4288 797 4343 ot
818 4301 992 4342 consonum
1014 4281 1141 4342 racioni.
1184 4281 1303 4341 Datum
1326 4287 1360 4342 ut
1382 4303 1486 4362 supra.
1561 4279 1565 4288 '

270 4583 343 4644 Feb.
373 4577 507 4641 a—Thc
542 4573 660 4652 Bishop
688 4571 792 4632 cllows
830 4570 960 4631 Thomas
987 4571 1024 4630 do
1058 4570 1196 4641 Rowtoa,
1225 4571 1260 4650 of
1290 4571 1430 4642 Lodlmo,
1467 4573 1506 4650 by

392 4656 555 4735 consonos
575 4675 630 4732 oqc
650 4653 713 4714 ano
733 4653 894 4730 infirmita
921 4659 950 4711 to
971 4651 1115 4711 celebrato
1138 4652 1222 4711 Mass
1244 4651 1280 4711 o'a
1302 4652 1351 4712 tho
1374 4652 1506 4730 Oratory

392 4741 427 4820 os
449 4738 497 4798 tis
520 4737 619 4807 boroso
641 4734 763 4794 imtead
783 4734 818 4812 os
839 4733 875 4792 ia
895 4733 944 4792 tho
965 4731 1082 4792 Parisii
1104 4731 1236 4792 Choreb.

352 4919 502 4978 Lirenas
543 4929 706 4975 oouoassn
748 4911 866 4970 Tirone
909 4927 952 4967 nn
995 4909 1162 4980 Rousoun,
1207 4925 1416 4981 summram,
1460 4927 1505 4970 nn

272 5020 592 5090 clunium-Adam,
612 5022 682 5088 eto,
703 5016 817 5076 dilecto
836 5015 868 5074 in
887 5015 1015 5076 Christo
1035 5015 1108 5086 filio,
1125 5014 1257 5075 Offioiali
1277 5034 1343 5086 su0,
1359 5015 1505 5090 salutem,

272 5140 331 5196 eto.
374 5129 423 5190 Ad
444 5128 591 5188 devotam
613 5121 801 5183 instanciam
822 5120 995 5182 amicornm
1012 5120 1115 5200 placet
1135 5120 1226 5181 nobis
1247 5121 1332 5200 quod
1353 5121 1504 5184 dilectum
