3850 5917
409 718 468 777 384
783 715 964 793 Repictrcm
990 716 1055 776 Adc
1082 716 1119 777 de
1149 716 1273 777 &laton

238 947 298 989 M>-
313 948 367 987 ¹³²⁶·
410 942 695 1021 condempnandos,
717 946 810 1021 prout
832 941 944 1001 merita
964 941 1093 1021 exigunt
1121 942 1258 1022 compoti
1280 941 1461 1022 supradicti,
1490 963 1527 1003 ac
1557 942 1646 1023 ipsos

413 1048 550 1109 finaliter
578 1047 754 1109 liberandos
774 1052 806 1108 et
820 1046 1025 1107 dimittendos
1044 1046 1076 1105 in
1092 1052 1249 1119 eventum,
1274 1052 1306 1108 et
1331 1068 1426 1127 super
1446 1047 1508 1108 hiis
1521 1047 1646 1108 litteras

414 1155 606 1217 dimissionis
635 1154 817 1233 hujusmodi
841 1154 907 1215 sive
934 1154 1148 1234 acquietanoie
1175 1155 1293 1216 eisdem
1322 1156 1540 1217 executoribus
1570 1176 1645 1217 con-

413 1260 568 1321 cedendas
591 1265 623 1320 et
647 1258 714 1320 fieri
736 1259 904 1331 iaciendas,
927 1258 1016 1320 vobis
1037 1279 1109 1319 cum
1129 1264 1287 1339 potestate
1306 1259 1479 1321 coercionis
1495 1258 1647 1321 canonica

412 1372 521 1449 tenore
556 1364 754 1445 presencium
781 1364 908 1444 plenam
944 1365 977 1423 in
1012 1365 1150 1426 Domino
1188 1365 1417 1426 committimus
1443 1369 1646 1445 potestatem.

413 1473 533 1531 Datum
555 1471 638 1550 apud
666 1471 851 1541 Lamhethe,
873 1470 909 1551 ij⁰
930 1470 1000 1531 Kal.
1027 1470 1169 1550 Augusti,
1202 1491 1285 1531 anno
1306 1470 1435 1531 Domini
1457 1470 1646 1531 Maccus

413 1578 480 1638 Nos
502 1576 596 1656 igitur
616 1580 806 1655 potestatem
834 1576 925 1637 nobis
952 1597 1010 1655 per
1040 1575 1141 1637 dictas
1172 1577 1294 1639 litteras
1325 1577 1509 1638 attributam
1543 1597 1646 1638 rever·

413 1686 510 1753 enter,
533 1685 568 1741 ut
590 1681 704 1752 decuit,
732 1686 933 1760 acceptantes
961 1681 1128 1761 magistros
1149 1682 1319 1742 Ricardum
1347 1684 1386 1743 de
1414 1683 1646 1753 Humanasshe,

412 1794 444 1849 et
469 1787 642 1851 Robertum
664 1787 702 1847 de
730 1786 900 1858 Ildesham,
936 1806 973 1847 ac
994 1786 1139 1848 dominos
1166 1786 1346 1848 iohannem
1376 1788 1415 1849 de
1435 1788 1466 1848 la
1490 1788 1585 1849 Felde
1613 1792 1648 1848 et

411 1894 568 1972 Rogerum
594 1893 633 1953 de
654 1892 845 1971 Breyntone‚
865 1898 1047 1954 executores
1069 1893 1120 1972 pie
1149 1893 1298 1953 memorie
1320 1893 1396 1954 dicti
1417 1894 1648 1973 predecessoris

412 1998 521 2069 nostri,
553 1998 593 2058 ad
617 1998 809 2058 reddendum
835 2003 1017 2077 compotum
1046 2019 1102 2059 seu
1123 1998 1326 2059 raciocinium
1359 1999 1647 2061 administracionis

411 2106 568 2165 dictorum
595 2104 749 2165 bonorum
784 2124 889 2165 coram
924 2105 1015 2167 nobis
1043 2106 1174 2167 fecimus
1209 2106 1340 2177 evocari,
1376 2105 1430 2184 qui
1465 2105 1647 2183 hujusmodi

412 2216 593 2290 compotum
613 2230 669 2271 seu
688 2210 890 2271 raciocinium
906 2210 1191 2272 administracionis
1211 2211 1366 2271 dictorum
1381 2211 1544 2281 bonorum,
1561 2210 1645 2271 debi-

412 2322 516 2378 torum
539 2322 571 2377 ot
598 2316 771 2395 legatorum
792 2316 931 2396 plenarie
952 2317 1163 2378 reddiderunt.
1208 2317 1251 2377 Et
1272 2316 1346 2396 quia
1367 2336 1425 2377 nos
1449 2335 1505 2395 per
1526 2315 1647 2375 dictum

412 2426 594 2502 compotum
617 2441 672 2481 seu
701 2420 903 2481 raciocinium
927 2422 1088 2482 evidenter
1113 2422 1322 2503 comperimus
1350 2422 1435 2502 ipsos
1465 2421 1647 2502 hujusmodi

414 2529 495 2589 bona
526 2527 762 2588 administrasse
797 2526 931 2587 fideliter
967 2532 1000 2588 et
1027 2528 1206 2607 prudenter,
1247 2527 1373 2588 eosdem
1401 2532 1582 2587 executores
1607 2525 1648 2586 ab

413 2633 553 2695 ulteriori
582 2637 728 2712 compoto
753 2652 809 2694 seu
837 2632 1004 2693 raciocinio
1025 2631 1310 2693 administracionis
1341 2631 1494 2691 bonorum
1526 2630 1647 2709 predic-

412 2746 517 2800 torum
549 2738 715 2810 reddendo,
745 2738 931 2799 auctoritate
962 2743 995 2798 et
1025 2742 1183 2817 potestate
1210 2737 1350 2817 predicta
1382 2737 1472 2797 nobis
1497 2755 1648 2796 concessa

413 2846 452 2906 ab
481 2845 583 2907 officio
614 2843 803 2904 dimittimus
839 2850 871 2905 et
893 2842 1030 2904 finaliter
1056 2843 1233 2914 liberamus,
1270 2863 1385 2923 eosque
1413 2844 1646 2921 imperpetuum

411 2951 535 3032 quietos
557 2955 588 3010 et
609 2950 770 3011 absolutos
798 2949 863 3011 iore
887 2950 1084 3011 decrevimus
1111 2969 1167 3028 per
1189 2954 1360 3028 presentes,
1386 2948 1525 3028 ipsorum
1550 2946 1647 3007 fidem

413 3065 446 3117 et
480 3056 693 3118 consciencias
724 3060 891 3116 onerantes
926 3056 1034 3136 eisque
1069 3055 1127 3115 sub
1162 3054 1376 3115 obtestacione
1407 3052 1504 3112 divini
1538 3051 1648 3133 judicii

414 3163 546 3224 firmiter
575 3162 776 3242 injungentes
812 3166 847 3221 ut
882 3161 1031 3241 quicquid
1066 3160 1182 3221 residui
1221 3160 1376 3220 dictorum
1410 3158 1564 3218 bonorum
1607 3157 1648 3216 ad

414 3290 528 3331 manus
553 3288 660 3329 eorum
688 3268 874 3348 pervenerit,
904 3267 1046 3328 deductis
1076 3266 1222 3345 expensis
1251 3264 1501 3334 racionabilibus,
1519 3264 1551 3322 in
1576 3262 1650 3342 pios

413 3395 490 3436 usus
525 3374 714 3435 distribuant
745 3374 833 3451 juxta
862 3372 974 3452 prefati
1008 3372 1147 3432 defuncti
1176 3372 1320 3432 ultimam
1349 3370 1553 3432 voluntatem.
1607 3368 1648 3427 In

414 3482 505 3558 cujus
533 3479 587 3550 rei,
619 3484 678 3539 etc.
729 3478 848 3538 Datum
877 3477 1072 3548 Herelordie,
1104 3477 1181 3557 xvij⁰
1209 3478 1260 3538 die
1302 3476 1419 3537 mensis
1447 3474 1649 3545 Novembris,

412 3606 497 3648 anno
518 3584 647 3647 Domini
669 3584 834 3645 millesimo
857 3583 1040 3663 cccsxvja
1066 3587 1125 3643 etc.
