3850 5917
424 708 484 770 370
798 712 977 790 Ropistrum
1004 712 1070 773 Ado
1096 712 1134 773 dc
1163 714 1287 774 &lom

254 963 310 1001 Μ)-
327 963 381 1002 ¹³2⁵-
424 958 501 1035 drop.
525 960 658 1019 u-Tta
682 959 800 1039 Bishop
829 962 864 1041 os
886 962 1050 1039 Solisbary
1072 962 1281 1023 commissione
1302 964 1350 1024 tho
1378 964 1490 1024 Rector
1513 966 1550 1044 of
1571 966 1658 1025 War-

541 1039 618 1117 field
639 1041 702 1100 arrd
730 1042 779 1101 the
804 1042 895 1103 Vt'car
915 1044 950 1119 of
972 1043 1137 1121 Winlrficld
1159 1051 1188 1104 to
1210 1044 1279 1104 tulto
1305 1045 1503 1124 proceediuqc
1533 1047 1659 1123 opairtst

550 1120 690 1180 Williom
709 1122 816 1199 Alope,
846 1126 884 1203 os
900 1122 1061 1202 Sitiafield,
1085 1124 1151 1184 coho
1175 1124 1212 1183 t'rt
1234 1125 1283 1185 the
1306 1133 1418 1186 ntcttcr
1440 1126 1476 1205 of
1493 1147 1514 1186 a
1536 1127 1607 1187 loon
1629 1136 1658 1187 to

543 1200 695 1261 Rorolond
732 1202 768 1262 dc
806 1204 949 1276 Garaton,
987 1204 1049 1265 hod
1081 1206 1281 1265 contravened
1309 1206 1358 1265 tho
1386 1226 1499 1267 corrone
1532 1208 1658 1285 against

545 1302 650 1360 castorp.

505 1440 686 1499 Contensem
707 1458 748 1499 an
771 1458 1016 1501 raconnnunuu
1033 1459 1159 1501 covrnn
1180 1442 1574 1521 ceramum-Regem
1589 1463 1658 1521 per-

412 1544 572 1615 missione
600 1545 706 1605 divina
739 1545 981 1607 sarisburiensis
1010 1547 1197 1627 Episcopus,
1230 1548 1353 1608 dilectis
1384 1548 1466 1619 filiis,
1499 1550 1659 1627 magistris

423 1648 609 1721 Alexandro,
636 1650 762 1710 Rectori
795 1650 924 1711 ecclesie
953 1652 992 1711 de
1030 1651 1207 1722 Wartielde,
1243 1657 1275 1711 et
1298 1651 1465 1722 Willelmo,
1506 1660 1659 1731 perpetuo

422 1756 537 1816 vicario
567 1756 697 1836 ecclesie
719 1757 757 1816 de
779 1756 996 1835 Wynkeielde,
1031 1762 1138 1817 nostre
1159 1757 1301 1828 diocesis,
1327 1757 1471 1827 salutem,
1494 1764 1553 1817 etc.
1610 1760 1656 1817 Ad

422 1866 561 1922 nostram
581 1854 789 1922 ¹audienciam
818 1864 969 1925 noveritis
1000 1863 1180 1942 pervenisse
1207 1863 1291 1943 quod
1326 1883 1398 1923 cum
1427 1863 1589 1925 Rolandus
1617 1866 1657 1924 de

422 1967 587 2037 Garstone,
624 1967 731 2037 laicus,
768 1967 886 2027 dudum
921 1987 1016 2028 onere
1057 1968 1234 2028 debitorum
1275 1969 1443 2048 depressus
1471 1990 1490 2029 a
1519 1970 1656 2048 quodam

422 2073 580 2133 Willelmo
609 2073 718 2151 Aleyn,
747 2073 779 2131 in
808 2074 956 2153 parochia
977 2074 1107 2135 ecclesie
1135 2075 1173 2133 de
1196 2074 1455 2153 Schenynglelde,
1485 2075 1569 2135 dicte
1590 2076 1656 2135 dio-

421 2180 510 2249 cesis,
540 2184 763 2251 commorante,
791 2186 933 2239 mutuam
962 2180 1100 2258 recipere
1127 2179 1288 2251 voluisset,
1317 2180 1401 2239 idem
1436 2181 1579 2251 creditor,
1615 2202 1656 2241 ne

420 2305 477 2364 per
504 2304 640 2345 canones
665 2289 774 2345 contra
802 2284 960 2345 usurarios
988 2285 1090 2345 editos
1117 2291 1225 2363 posset
1253 2286 1460 2365 imposterum
1485 2288 1654 2356 conveniri,

420 2391 525 2470 plures
547 2390 695 2461 redditus,
718 2395 818 2469 prata,
840 2395 949 2465 terres,
971 2395 1003 2450 et
1024 2390 1240 2469 possessiones
1254 2391 1372 2471 recepit
1386 2391 1518 2453 diversis
1532 2392 1654 2453 vicibus

421 2497 459 2557 ab
482 2497 601 2568 eodem,
623 2495 715 2556 titulo
737 2496 909 2575 empcionis
930 2516 987 2575 per
1007 2495 1159 2576 quasdam
1180 2502 1283 2556 cartas
1305 2497 1463 2576 simplices
1485 2518 1547 2577 que
1568 2475 1655 2561 carte

419 2602 614 2663 feoifamenti
635 2601 803 2681 vulgariter
830 2608 1063 2681 nuncupantur,
1094 2602 1219 2663 traditis
1253 2601 1355 2663 eidem
1385 2603 1517 2663 debitori
1549 2606 1655 2683 parvis

420 2707 623 2787 pecuniarum
645 2706 787 2779 summis,
816 2727 876 2787 que
904 2708 1047 2787 quintam
1076 2707 1126 2767 vel
1157 2714 1278 2768 sextam
1303 2712 1424 2786 partem
1452 2709 1529 2785 justi
1557 2709 1654 2788 precii

420 2813 470 2873 vix
500 2812 671 2883 continent,
701 2812 760 2872 hoc
788 2831 933 2891 expresse
962 2817 1033 2872 acto
1061 2832 1117 2891 per
1144 2812 1221 2872 alias
1248 2812 1370 2872 litteras
1394 2813 1557 2873 creditoris
1584 2834 1654 2892 pre-

419 2918 496 2979 dicti
517 2918 600 2998 quod
628 2918 655 2977 si
676 2916 816 2997 prelatus
845 2916 1007 2977 Rolandus
1031 2921 1104 2995 poet
1132 2921 1289 2976 certorum
1318 2936 1472 2978 annorum
1500 2918 1654 2978 curricula

418 3024 555 3104 prelatas
583 3022 787 3103 pecuniarum
822 3042 962 3083 summae
997 3022 1188 3101 persolveret
1224 3022 1379 3093 creditori,
1416 3023 1483 3102 ipsc
1518 3024 1654 3083 creditor

417 3130 567 3201 redditus,
596 3133 695 3208 prata,
717 3132 825 3199 terras,
855 3133 887 3188 et
911 3128 1128 3207 possessiones
1155 3127 1320 3206 predictas,
1346 3128 1477 3189 retentis
1500 3128 1652 3190 fructibus

418 3244 450 3299 et
478 3236 700 3298 emolumentis
729 3235 823 3295 medii
855 3234 1015 3313 temporis,
1052 3234 1107 3313 qui
1143 3238 1261 3294 sortem
1288 3234 1444 3295 excedunt
1479 3235 1511 3293 in
1541 3237 1650 3305 multo,

418 3344 519 3404 eidem
541 3341 683 3401 Rolando
706 3340 872 3401 restituere
901 3344 1055 3399 teneatur.
1099 3339 1180 3399 Cum
1208 3339 1303 3419 igitur
1323 3340 1384 3400 hiis
1405 3341 1488 3401 veris
1510 3345 1650 3401 conunc-

418 3453 470 3509 tus
498 3446 679 3523 hujusmodi
714 3444 875 3505 usurarius
904 3449 1077 3516 censeatur,
1099 3464 1159 3505 nos
1195 3444 1326 3524 predicti
1362 3445 1512 3505 Willelmi
1548 3446 1652 3507 anime

417 3554 512 3615 saluti
537 3558 669 3632 paterna
697 3551 896 3612 solicitudine
920 3550 1098 3630 prospicere
1122 3551 1295 3631 cupientes,
1319 3552 1346 3611 si
1368 3551 1452 3612 idem
1473 3552 1651 3614 Willelmus

417 3659 459 3720 sit
497 3678 591 3738 super
628 3656 790 3737 premissis
825 3660 1001 3736 suspectus,
1036 3656 1076 3715 ad
1112 3656 1333 3736 inquirendum
1371 3662 1404 3718 et
1445 3663 1539 3735 prout
1571 3658 1651 3737 juris

417 3764 632 3844 corrigendum
657 3769 690 3825 et
711 3764 907 3842 puniendum
932 3763 1031 3842 ipsius
1054 3762 1206 3823 Willelmi
1233 3762 1267 3821 in
1287 3763 1347 3822 hac
1367 3768 1457 3842 parte
1477 3784 1650 3834 excessum,

416 3890 539 3931 necnon
577 3870 617 3929 ad
660 3870 765 3929 anime
808 3888 864 3929 sue
905 3868 1133 3929 correccionem
1173 3873 1206 3929 et
1247 3867 1392 3940 salutern,
1431 3874 1541 3929 contra
1576 3891 1649 3931 eum

416 3975 653 4055 quibuscunque
680 3974 739 4035 viis
767 3974 916 4053 legitimis
944 3994 1038 4053 super
1076 3973 1248 4053 premissis,
1287 3974 1436 4053 quatinus
1472 3976 1513 4035 ad
1546 3974 1649 4037 lorum

416 4080 530 4140 attinet
558 4079 814 4150 ecclesiasticum,
850 4080 1092 4158 procedendum,
1120 4078 1209 4139 vobis
1237 4080 1431 4158 conjunctim
1455 4086 1488 4141 et
1512 4082 1647 4151 divisim,

416 4191 484 4258 etc,
511 4185 739 4247 committimus
762 4185 845 4246 vices
870 4191 995 4246 nostras
1023 4185 1123 4245 donec
1157 4204 1211 4245 eas
1239 4186 1421 4247 duxerimus
1446 4189 1646 4249 revocandas.

415 4294 498 4368 Quid
525 4298 630 4353 autem
658 4291 804 4362 feceritis,
833 4296 892 4351 etc.
927 4290 1047 4351 Valete.
1103 4290 1223 4350 Datum
1251 4292 1334 4370 apud
1356 4292 1491 4352 Parcum
1519 4294 1647 4354 Remes-

415 4399 503 4478 bury,
531 4398 598 4477 viij0
632 4398 679 4457 Id.
709 4397 851 4477 Augusti,
887 4416 971 4457 anno
1013 4396 1142 4456 Domini
1176 4396 1343 4458 millesimo
1376 4397 1467 4459 000⁰
1499 4399 1648 4460 vicesimo

415 4510 513 4577 sexto,
530 4509 590 4566 etc.

415 4743 1121 4827 Sept.15.-Dispcncott'oasortlicpitimccy
1148 4744 1277 4823 granted
1300 4751 1330 4805 to
1358 4744 1442 4805 John
1468 4744 1505 4805 dc
1532 4746 1647 4824 Epioe.

495 4902 714 4961 Drsrsrveecro
742 4900 762 4960 J
765 4917 905 4960 onerare
937 4918 981 4959 nn
1010 4899 1441 4961 lirrosa-Mamercum
1471 4902 1565 4980 quod,
1598 4911 1651 4962 rv⁰

414 5006 465 5069 die
495 5006 637 5085 ejusdem
669 5005 787 5066 mensis
814 5010 846 5067 et
877 5006 999 5067 eodem²
1033 5025 1126 5078 anno,
1162 5005 1308 5067 dominus
1342 5005 1537 5085 dispensavit
1564 5010 1649 5087 apud

651 5140 728 5183 1—1.c.
743 5142 808 5187 seer.
828 5142 882 5182 1³26.
910 5140 956 5182 For
969 5141 1011 5181 the
1028 5140 1139 5187 οτενίοιιε
1152 5144 1222 5187 eutr-v
1236 5152 1276 5182 ece
1290 5140 1415 5188 appendix.
