3850 5917
682 697 833 778 Episcopi
860 696 1103 777 Heresordcasis.
1474 697 1513 757 15

102 932 156 974 Ᾰ-ὓ-
171 932 227 972 ¹⁸¹⁷·
267 924 543 1004 Archiepisaopus,
565 924 664 984 totius
686 922 796 1002 Anglie
816 923 945 1002 primas,
968 922 1138 983 venerabili
1158 921 1257 993 fratri,
1279 920 1408 982 domino
1427 920 1503 992 Ade,

269 1030 329 1091 Dei
350 1028 456 1109 gracia
477 1026 702 1090 Herefordensi
722 1028 890 1109 Episcopo,
913 1027 1049 1089 salutem
1070 1032 1102 1089 et
1122 1027 1295 1087 fraternam
1315 1026 1349 1086 in
1371 1026 1510 1087 Domino

268 1135 442 1197 caritatem.
485 1134 533 1194 Ex
554 1134 625 1214 jure
646 1140 678 1196 et
698 1133 844 1195 libertate
865 1133 996 1195 ecclesie
1012 1138 1120 1193 nostre
1140 1132 1378 1193 (lantuariensis
1401 1131 1510 1193 obten-

270 1246 340 1302 tum
375 1261 445 1303 esse
479 1241 626 1302 novimus
657 1240 696 1301 ab
736 1240 875 1321 antiquo,
906 1241 990 1322 quod
1022 1238 1259 1301 cantuariensis
1291 1239 1422 1301 ecclesie
1455 1260 1514 1319 pro

269 1352 412 1427 tempore
431 1346 595 1427 presidens
616 1346 650 1405 in
671 1346 833 1407 creacione
854 1346 1071 1426 cujuscunque
1097 1345 1287 1425 suffraganei
1308 1346 1358 1406 sui
1378 1365 1504 1425 promo·

269 1454 394 1516 cionem
417 1454 512 1515 unius
536 1453 640 1515 clerici
668 1450 720 1514 sui
746 1453 785 1514 ad
813 1457 997 1533 competens
1021 1452 1210 1514 beneficium
1234 1452 1274 1512 ad
1294 1452 1509 1531 provisionem

268 1581 325 1623 seu
349 1560 555 1621 collacionem
578 1560 679 1639 ipsius
703 1559 827 1627 noviter
854 1559 951 1621 creati
978 1558 1140 1638 pertinens
1168 1558 1432 1638 archiepiscopus
1460 1558 1507 1619 sio

267 1666 432 1746 presidens
453 1666 554 1727 eidem
575 1664 774 1745 suffraganeo
794 1665 956 1744 imponere
977 1665 1088 1744 possit.
1110 1684 1147 1726 ac
1168 1664 1236 1744 ipse
1257 1664 1291 1724 in
1311 1664 1509 1744 posicionem

268 1772 451 1852 hujusmodi
479 1771 639 1851 suscipere
666 1776 821 1842 teneatur,
856 1776 889 1833 et
918 1790 989 1833 eam
1012 1770 1139 1833 effectui
1171 1770 1277 1832 debito
1305 1770 1505 1851 mancipare;

269 1878 354 1958 quod
375 1877 511 1957 quidem,
532 1882 684 1957 tanquam
703 1876 866 1956 publicum
886 1882 918 1937 et
938 1896 996 1957 per
1015 1881 1117 1937 totam
1137 1882 1280 1938 nostram
1301 1876 1508 1939 Gantuarien-
1556 1947 1558 1950 ¹

269 2003 337 2046 sem
371 1983 567 2063 provinciam
604 1982 773 2055 notorium,
812 1988 950 2044 vestram
985 1982 1216 2044 fraternitatem
1250 1984 1406 2045 credimus
1441 2004 1508 2044 non

270 2090 378 2151 latere.
421 2090 461 2149 In
481 2090 572 2169 cujus
603 2089 700 2150 etiam
730 2088 808 2169 juris
830 2089 896 2150 sive
927 2088 1082 2151 libertatis
1101 2089 1301 2168 possessione
1331 2090 1382 2152 vel
1416 2090 1508 2170 qnasi

270 2196 412 2277 predicta
446 2194 682 2257 (lantuariensis
710 2193 843 2255 ecclesia
876 2195 1175 2275 predecessoresqne
1202 2196 1304 2256 nostri
1335 2196 1401 2257 suis
1429 2200 1509 2257 tem-

271 2302 400 2382 poribus
429 2302 603 2363 ertiterunt
630 2301 780 2362 continue
807 2305 840 2362 et
868 2320 927 2361 nos
958 2301 1055 2361 etiam
1082 2305 1191 2361 nostro
1220 2305 1362 2381 tempore
1390 2300 1508 2364 fuimus

271 2407 468 2470 inconcusse.
529 2407 681 2469 Volentes
711 2406 807 2487 igitur
839 2406 910 2486 jura
951 2410 984 2467 et
1024 2406 1186 2467 libertates
1226 2406 1367 2485 predicte
1400 2411 1510 2468 nostre

271 2513 508 2575 (lantuariensis
524 2513 655 2574 ecclesie
668 2512 788 2573 illibata
807 2532 1002 2585 conservare,
1016 2517 1111 2591 prout
1131 2532 1170 2573 ex
1184 2518 1293 2573 nostra
1307 2510 1504 2593 professione

271 2619 483 2699 astringimur,
505 2623 538 2680 et
566 2623 751 2679 conservata
771 2638 828 2698 pro
848 2617 968 2679 viribus
989 2618 1164 2689 confovere,
1185 2618 1336 2679 dilectum
1360 2618 1451 2680 nobis
1472 2618 1507 2679 in

272 2724 408 2797 Christo,
431 2724 585 2785 Thomam
606 2723 645 2785 de
665 2724 800 2803 Eytone,
822 2724 972 2785 clericum
992 2724 1186 2786 serenissimi
1205 2723 1367 2805 principis,
1388 2724 1510 2786 domini

273 2830 374 2893 nostri
408 2830 566 2901 Edwardi,
588 2830 648 2890 Dei
677 2830 782 2910 gracia
809 2829 984 2910 Anglorum
1017 2829 1113 2909 Regis
1136 2828 1278 2902 illustris,
1310 2850 1368 2911 pro
1397 2830 1508 2910 hujus·

274 2938 357 2999 modi
378 2936 580 3017 promocione
602 2936 823 3016 consequenda
846 2935 972 2997 racione
996 2940 1101 2996 vestre
1121 2955 1202 2996 nove
1223 2934 1395 2996 oreaoionis
1419 2934 1510 2998 vobis

273 3046 419 3105 duximus
440 3042 674 3123 assignandum,
694 3046 799 3104 vestre
827 3041 968 3103 caritatis
994 3042 1166 3121 puritatem
1189 3046 1337 3121 rogantes
1358 3042 1509 3122 quatinus

273 3150 523 3231 assIgnaeionem
550 3153 692 3211 nostram
721 3147 902 3229 hujusmodi
933 3152 1135 3228 acceptantes
1166 3147 1226 3209 sibi
1260 3147 1300 3209 de
1330 3146 1513 3227 prebendali

274 3256 405 3318 velatio
436 3254 588 3316 beneficio
619 3254 831 3315 eeclesiastico
859 3252 1051 3333 competenti
1071 3252 1234 3333 providere
1264 3253 1379 3325 velitis,
1400 3273 1511 3333 quam·

274 3363 411 3443 primum
442 3360 483 3421 ad
513 3360 545 3420 id
575 3358 724 3421 obtulerit
756 3378 790 3420 se
820 3358 964 3431 facultas,
995 3358 1123 3419 interim
1157 3378 1296 3420 annuam
1323 3358 1509 3439 pensionem

273 3486 454 3548 congruam,
473 3466 500 3527 si
518 3464 624 3537 libeat,
643 3465 873 3527 constituentes
892 3464 1005 3536 eidem,
1019 3484 1056 3525 ao
1072 3464 1170 3525 etiam
1188 3463 1396 3527 rescribentes
1414 3464 1507 3527 nobis

274 3579 378 3636 vestre
391 3571 565 3634 voluntatis
578 3571 810 3651 beneplacitum
823 3570 899 3651 quid
920 3570 959 3631 de
979 3570 1141 3650 premissis
1156 3570 1307 3633 duxeritis
1320 3570 1509 3632 iaciendum.

274 3680 394 3740 Datum
415 3678 499 3757 apud
520 3675 748 3757 Huntyndone,
770 3676 823 3756 viij
846 3676 894 3737 Id.
917 3676 1060 3757 Augusti,
1081 3696 1166 3737 anno
1187 3676 1317 3737 Domini
1337 3676 1506 3738 millesimo

275 3784 453 3866 coonvija

272 4044 352 4122 aaa.
381 4041 538 4103 ra-ra
567 4040 696 4121 stata,
727 4040 857 4122 esaiae
886 4048 915 4102 a
982 4039 1070 4102 aaut
1104 4039 1246 4101 vasam
1275 4038 1402 4101 naua
1431 4046 1460 4100 a
1488 4059 1510 4101 a

397 4122 522 4203 benefico
557 4121 592 4183 ia
623 4124 672 4183 tto
702 4122 762 4202 pist
789 4123 824 4202 os
852 4122 901 4183 the
959 4122 1026 4183 reor
1052 4122 1088 4201 of
1118 4120 1268 4193 Weaiock,
1299 4120 1508 4183 mansam

396 4202 540 4266 Ricbord
566 4202 603 4265 de
630 4202 827 4265 Hoosenasct
855 4210 884 4265 to
912 4210 962 4265 oct
984 4203 1039 4284 for
1066 4201 1132 4264 him
1158 4202 1195 4263 io
1223 4202 1272 4263 the
1298 4208 1418 4263 miter.

355 4360 539 4439 Oorrurssro
573 4376 675 4419 saona
709 4358 883 4419 Messenae
913 4357 1062 4418 Rroaano
1104 4374 1148 4416 na
1184 4356 1415 4417 Hennenses
1448 4373 1511 4417 rao

276 4467 465 4528 Wraaamro
499 4467 656 4525 Arasaxa
690 4463 1193 4526 pessumae-Memoradum
1227 4462 1311 4543 quod
1337 4461 1402 4542 xiiij
1440 4462 1513 4524 Kal

273 4570 479 4653 Septembris,
498 4590 584 4632 anno
602 4570 731 4632 Domini
751 4569 975 4650 M00000xv110,
997 4569 1081 4649 apud
1100 4568 1229 4641 Tharne,
1249 4568 1396 4630 dominus
1415 4568 1508 4648 Epis·
1557 4604 1563 4615 ·

271 4698 382 4758 oopus,
403 4681 552 4739 executor
571 4677 740 4757 deputatus
761 4676 802 4737 ad
825 4674 1053 4757 providendum
1078 4674 1129 4736 W.
1150 4674 1289 4747 Atelake,
1314 4673 1507 4754 presbytero,

272 4784 314 4847 de
327 4784 433 4865 aliquo
454 4782 606 4846 beneficio
624 4788 788 4863 spectante
806 4782 1017 4845 communiter
1033 4782 1084 4844 vel
1102 4780 1228 4843 divisim
1246 4781 1286 4842 ad
1304 4779 1509 4843 collacionem

272 4890 393 4953 Prioris
413 4894 447 4952 et
468 4888 650 4952 Conventus
672 4890 711 4951 de
732 4888 893 4961 Wenlake,
916 4887 1002 4949 vices
1023 4907 1098 4949 suae
1118 4886 1278 4949 commisit
1298 4885 1448 4967 magistro
1469 4886 1509 4948 B.

273 4996 503 5076 Hamenaysch
541 4994 641 5058 donec
678 5015 732 5057 eas
769 4994 893 5057 duxerit
929 4994 1122 5056 revocandas
1160 4992 1193 5053 in
1228 4991 1330 5053 forma
1363 4992 1509 5073 superius

273 5106 438 5165 annotata.
