3850 5917
89 916 110 953 A
125 916 156 951 l).
180 916 239 952 1:52⁴.

108 3357 165 3393 AD.
182 3357 239 3394 ¹³2⁵.

126 3607 175 3645 Fol.
190 3608 223 3646 91.

690 656 841 736 Episcopi
869 655 1112 736 Heresordense's.
1460 656 1519 716 329

287 908 350 969 Oct.
375 909 585 969 28.—Letters
610 908 785 987 Dimissory
823 908 951 987 created
977 908 1014 985 by
1050 908 1099 968 the
1126 908 1245 987 Bishop
1269 910 1304 988 os
1327 908 1457 969 London
1492 916 1521 969 to

407 989 530 1059 Robert,
549 1008 603 1049 son
617 990 652 1068 os
670 988 807 1067 Hephie
829 989 1012 1058 Moreschol,
1036 989 1164 1060 iterate,
1187 990 1254 1049 thee
1270 990 1304 1049 he
1325 1010 1396 1066 may
1409 989 1521 1049 receive

405 1070 507 1130 minor
538 1070 648 1130 Orders
677 1070 763 1149 from
789 1090 851 1147 any
885 1069 1026 1130 Oatlrole'c
1060 1069 1187 1148 Bisicop.
1252 1070 1314 1129 The
1344 1070 1463 1149 Bishop
1490 1070 1526 1149 of

406 1150 561 1292 gezrgpord
589 1150 744 1230 conserred
771 1170 854 1230 repon
883 1150 947 1211 him
976 1151 1025 1210 the
1046 1151 1121 1228 first
1149 1158 1270 1211 tonsure
1297 1171 1337 1211 on
1367 1151 1444 1228 Moy
1471 1155 1520 1222 20,

365 1388 560 1446 D1n1ssoam
576 1386 991 1447 Errseoerhouuou1nus1s
1012 1403 1072 1445 rao
1088 1385 1243 1445 Roaeano
1264 1403 1352 1446 srmo
1366 1386 1522 1445 Hueours

282 1510 325 1551 un
355 1492 802 1571 Monaesum—Stephanus,
831 1492 1038 1571 permissione
1062 1492 1168 1551 divina
1191 1491 1421 1552 Londoniensis
1446 1492 1521 1570 Epi-

282 1619 406 1677 scopus,
429 1598 543 1659 dilecto
565 1598 597 1657 in
626 1598 752 1659 Christo
773 1597 847 1668 filio,
870 1598 1009 1658 Roberto
1029 1596 1095 1657 filio
1116 1597 1262 1676 Hugonis
1283 1596 1313 1657 le
1334 1597 1521 1668 Mareschal,

282 1704 420 1766 civitatis
441 1709 549 1764 nostre
571 1703 816 1774 Londoniarum,
845 1703 994 1773 litterat0,
1027 1702 1172 1773 salutem,
1193 1708 1253 1763 etc.
1309 1702 1403 1763 Fusis
1430 1702 1522 1764 nobis

282 1831 339 1889 pro
361 1815 392 1871 te
413 1810 558 1890 precibus
587 1809 739 1880 inclinati,
760 1816 797 1870 ut
822 1830 840 1869 a
862 1829 1050 1889 quocunque
1070 1808 1229 1888 Episcopo
1253 1807 1408 1869 catholico
1431 1807 1521 1868 Sedis

282 1915 462 1994 Apostolice
497 1915 634 1994 graciam
668 1915 951 1995 exeeucionemque
987 1913 1036 1975 sui
1071 1915 1164 1976 officii
1199 1914 1371 1985 obtinente,
1403 1920 1435 1975 et
1464 1914 1520 1975 tibi

282 2040 395 2080 manus
418 2040 522 2081 sacras
545 2019 705 2099 imponere
726 2019 860 2091 volente,
883 2020 923 2079 ad
943 2020 1079 2099 primam
1108 2025 1271 2080 tonsuram
1292 2019 1467 2080 clericalem
1488 2024 1522 2080 et

282 2131 404 2185 ceteros
434 2126 571 2187 minores
601 2126 735 2197 ordines,
768 2125 802 2184 in
832 2146 1019 2206 quacunque
1050 2132 1140 2204 parte
1174 2130 1281 2186 nostre
1316 2125 1453 2186 civitatis
1489 2131 1522 2186 et

281 2232 416 2293 diocesis
439 2232 618 2311 Episcopus
639 2232 821 2311 hujusmodi
851 2232 974 2293 duxerit
1004 2232 1191 2311 eligendum,
1213 2232 1299 2293 licite
1318 2231 1424 2292 valcas
1451 2252 1521 2311 pro·

283 2337 410 2408 moveri,
443 2357 480 2397 eo
512 2357 576 2397 non
605 2337 751 2398 obstante
772 2337 855 2417 quod
886 2338 925 2397 de
946 2343 1056 2398 nostra
1083 2338 1199 2398 diocesi
1231 2338 1382 2399 oriundus
1403 2338 1521 2408 existis,

282 2442 411 2503 liberam
434 2442 609 2522 cuicunque
626 2442 785 2522 Episcopo
801 2442 984 2521 hujusmodi
1005 2442 1195 2512 conferendi,
1216 2442 1336 2522 tibique
1352 2443 1521 2521 recipiendi

282 2548 409 2609 ordines
451 2554 650 2619 memoratos,
694 2554 803 2610 tenore
844 2548 1043 2629 presencium
1085 2549 1287 2609 concedimus
1328 2548 1520 2610 facultatem.

283 2654 402 2713 Datum
445 2654 528 2734 apud
572 2653 815 2726 Stebbenhethe,
850 2664 883 2715 v⁰
918 2654 989 2714 Kal.
1033 2654 1231 2725 Novembris,
1273 2674 1357 2715 anno
1391 2654 1521 2715 Domini

284 2759 529 2838 reuocante.
572 2760 615 2819 Et
642 2760 829 2819 auctoritate
859 2758 1042 2837 hujusmodi
1072 2758 1249 2819 litterarum
1274 2758 1522 2819 dimissoriamm

283 2864 430 2925 dominus
452 2865 630 2945 Episcopus
654 2865 896 2927 Herefordensis
918 2866 1054 2926 contulit
1070 2866 1212 2944 predicto
1228 2865 1367 2926 Roberto
1387 2866 1522 2945 primam

282 2975 446 3030 tonsuram
467 2970 500 3028 in
529 2970 661 3031 ecclesia
682 2971 814 3031 fratrum
843 2970 1079 3031 Heremitarum
1107 2972 1209 3031 sancti
1238 2969 1415 3050 Augustini,
1438 2971 1520 3032 Lon-

283 3074 396 3147 doniis,
424 3085 476 3135 xx⁰
496 3074 547 3136 die
572 3076 658 3145 Maii,
681 3095 765 3136 anno
786 3076 916 3136 Domini
941 3076 1163 3137 M⁰OGO⁰xxv⁰.

284 3328 365 3389 June
400 3328 665 3487 &ehellescnder
700 3328 736 3389 de
773 3328 977 3408 Qeeoppelodc,
1017 3329 1108 3390 Viccr
1142 3331 1178 3410 of
1207 3330 1284 3409 Eye,
1320 3329 1436 3409 rosio-res
1472 3330 1520 3391 his

425 3429 477 3469 eree
498 3430 540 3469 ee.

366 3566 568 3629 Rasmulcro
599 3566 730 3627 Vmerus
771 3585 815 3626 na
853 3566 1220 3627 Eus.—Memorandum
1262 3566 1346 3647 quod
1383 3567 1438 3626 xii⁰
1472 3566 1522 3628 die

283 3672 402 3733 mensis
429 3671 527 3743 Junii,
566 3692 650 3733 enno
680 3673 809 3733 Domini
840 3672 1021 3752 supradicto
1058 3672 1251 3750 [Indiccioue
1286 3673 1362 3751 viij0,
1390 3672 1521 3733 Pontifi-

283 3782 382 3846 catus,
411 3780 481 3847 etc..
517 3795 600 3836 anno
629 3778 752 3855 non0]¹,
788 3796 894 3837 coram
922 3776 1007 3836 dicto
1041 3776 1169 3837 domino
1206 3776 1253 3854 [A.
1283 3776 1520 3855 Hereiordeusi]

285 3884 453 3963 Episcopo,
489 3882 635 3944 dominus
665 3883 840 3944 Alexander
867 3883 906 3944 de
943 3883 1154 3963 Quappelade,
1193 3883 1356 3963 presbiter,
1387 3883 1522 3944 vicarius

217 3974 223 3984 ’
283 3988 414 4050 ecclesie
442 3988 481 4049 de
510 3988 589 4067 Eya,
621 3988 875 4067 [Herefordensis
896 3988 1039 4060 diocesis,
1070 3990 1104 4048 in
1131 3990 1268 4069 quodam
1295 4009 1407 4068 campo
1434 3989 1525 4068 juxta

285 4095 474 4155 cimiterium
507 4094 556 4172 de]
594 4095 678 4174 apud
708 4094 968 4174 Schenynglelde,
1001 4093 1256 4172 [Sarisburieusis
1283 4094 1425 4165 diocesis,
1454 4114 1521 4173 per·

285 4200 436 4261 sonaliter
455 4200 669 4278 constitutus]
693 4200 811 4260 dictam
836 4200 985 4261 vicariam
1006 4220 1097 4260 suam
1119 4200 1152 4259 iu
1173 4220 1287 4260 manus
1305 4200 1382 4260 dicti
1403 4199 1523 4260 domini

284 4308 434 4387 Episcopi
456 4325 542 4385 pure,
569 4312 690 4386 sponte,
720 4311 752 4367 et
780 4305 923 4367 absolute
954 4306 1133 4385 resignavit.
1190 4306 1234 4366 Et
1264 4306 1347 4366 idem
1375 4306 1523 4365 dominus

284 4413 463 4493 Episcopus
498 4412 674 4491 acceptavit
709 4412 957 4493 resignaoionem
993 4411 1173 4491 hujusmodi
1211 4411 1295 4472 dicte
1330 4411 1453 4481 vicarie,
1490 4415 1524 4471 et

284 4519 460 4599 predictum
490 4518 699 4579 Alexandrum
739 4538 758 4578 a
790 4538 865 4579 cura
904 4523 936 4579 et
967 4517 1119 4597 regimine
1152 4517 1328 4577 animarum
1363 4515 1522 4596 parochia·

285 4644 397 4685 norum
429 4624 512 4684 dicte
544 4623 674 4684 ecclesie
700 4624 737 4684 de
760 4624 830 4703 Eya
864 4622 999 4684 absolvit
1026 4622 1151 4683 ibidem.
1190 4621 1405 4701 [Preseutibus
1430 4622 1527 4682 fratre

286 4731 448 4810 Stephano
477 4730 515 4790 de
545 4730 695 4801 Nortone,
729 4730 880 4792 canonico
915 4730 953 4791 de
995 4730 1199 4809 Wormsleye‚
1236 4728 1388 4807 magistro
1419 4728 1453 4785 T.
1484 4727 1525 4787 de

285 4836 403 4917 Gynes,
426 4835 554 4895 domino
575 4836 729 4907 Johanne,
752 4836 867 4896 vicario
890 4835 1021 4897 ecclesie
1042 4835 1081 4895 de
1103 4833 1353 4913 Schenynglelde
1373 4831 1524 4913 predicta,

284 4946 318 5003 et
343 4961 404 5011 me,
433 4940 462 5000 J.
484 4941 523 5000 de
553 4940 709 5012 Radnore,
738 4940 860 5001 notario
888 4939 1023 5020 publico,
1049 4943 1121 5018 etc]

453 5090 536 5131 l-The
549 5088 629 5131 words
642 5088 666 5129 in
682 5088 793 5131 brackets
807 5088 830 5129 in
843 5089 894 5131 this
905 5092 977 5136 entre
994 5100 1035 5131 arc
1048 5087 1145 5129 crossed
1158 5090 1200 5130 out
1213 5087 1238 5127 in
1250 5086 1292 5127 the
1305 5086 1358 5127 MS·
