3850 5917
392 695 451 754 142
767 695 947 774 chistrum
974 693 1039 757 ndu
1066 697 1103 758 rie
1133 696 1256 759 Orlctcc

220 926 279 969 Λ-ὓ·
293 927 349 967 ¹³²⁰·
389 919 529 981 Roberto
560 919 590 980 le
618 921 731 992 Poher‚
763 920 969 993 seneschallo,
1001 921 1160 1002 magistris
1198 921 1345 982 Johunne
1371 922 1411 983 de
1438 921 1631 984 Wuocestris

391 1030 425 1086 et
445 1026 496 1085 W.
526 1025 565 1086 de
595 1026 725 1106 Muncy,
755 1027 899 1098 Ricerdo‚
924 1027 1088 1107 capellano
1115 1027 1154 1088 de
1184 1026 1384 1106 Prestebury,
1419 1027 1560 1088 Wsltero
1591 1028 1631 1090 de

390 1130 501 1209 Pcrys,
523 1129 664 1192 Weltero
689 1132 728 1194 de
752 1131 856 1211 Repe,
879 1130 948 1192 Ads
963 1131 1085 1203 clerico,
1110 1137 1143 1192 et
1163 1130 1243 1193 eliis.

391 1397 419 1456 A
442 1396 569 1476 further
592 1397 815 1476 construction,
840 1397 879 1476 by
904 1398 954 1458 the
981 1399 1071 1460 Dcuu
1094 1399 1158 1460 und
1183 1398 1326 1480 Chapter,
1351 1400 1386 1480 of
1411 1399 1460 1460 tte
1483 1407 1574 1478 urunt
1598 1400 1633 1481 os

516 1477 591 1560 iupd
615 1477 651 1538 iu
673 1477 775 1557 Eipnc
799 1485 829 1539 to
854 1478 939 1539 John
961 1479 999 1540 dc
1022 1479 1164 1541 Hidcotc.

472 1647 561 1706 qurr
582 1663 746 1716 sucurrus
774 1663 850 1706 rurs
872 1664 1092 1709 courmuscro
1123 1666 1274 1710 uuusuurr
1305 1665 1498 1710 couscrosrs
1529 1666 1629 1710 uscue

390 1770 455 1813 suu
490 1753 656 1825 Dscsrvurr
685 1771 728 1812 su
763 1752 959 1814 Gurrsunuu
990 1771 1148 1816 uccnusrs
1177 1771 1401 1816 osrssnssnrs
1430 1754 1629 1815 Hsrucuosn·

392 1858 695 1920 unsre—Omnibus
719 1858 838 1921 Christi
865 1859 1011 1922 fidelibus
1045 1861 1085 1921 ed
1119 1880 1198 1940 quos
1225 1879 1356 1948 presens
1385 1859 1538 1940 scriptum
1559 1879 1628 1940 per-

395 1964 518 2025 venerit
545 1963 693 2035 Thomas,
721 1963 965 2026 Herefordensis
990 1964 1120 2026 ecclesie
1151 1966 1308 2038 Decenus,
1337 1969 1370 2026 et
1401 1965 1543 2044 ejusdem
1569 1965 1631 2027 loci

389 2069 581 2150 Capitulum,
622 2074 764 2131 etetnem
806 2071 839 2129 in
879 2070 1009 2132 domino
1053 2071 1196 2132 salutem.
1267 2070 1399 2132 Noverit
1440 2070 1630 2133 universitas

389 2181 497 2238 vestro
516 2195 576 2237 nos
600 2181 721 2236 certem
734 2175 921 2237 venerabilis
944 2176 1053 2256 petris,
1079 2176 1225 2256 Hugonis
1246 2176 1359 2248 Polior,
1388 2175 1630 2239 Hereiordensis

394 2280 555 2361 Episcopi,
581 2279 756 2359 inspexisse
778 2281 811 2339 in
832 2280 892 2340 hec
918 2280 1030 2342 verbe:
1053 2281 1219 2343 Universis
1240 2285 1349 2342 sancte
1369 2281 1480 2344 metris
1500 2281 1631 2344 ecclesie

389 2385 473 2456 filiis,
492 2391 563 2457 etc,
582 2391 620 2446 ut
640 2405 736 2466 supre
753 2385 787 2445 in
809 2385 916 2447 littere
936 2387 1188 2448 confirmacionis
1208 2387 1350 2466 ejusdem
1366 2387 1519 2468 Episcopi
1538 2387 1631 2467 plene

389 2495 530 2570 appetet.
588 2490 656 2551 Nos
680 2490 776 2570 igitur
809 2490 984 2569 predictam
1013 2491 1248 2552 concessionem
1286 2496 1318 2552 et
1354 2490 1629 2554 confirmacionem

391 2600 494 2656 ratum
516 2599 548 2656 et
569 2599 692 2674 grutem
719 2595 873 2657 hebentes
900 2596 1043 2657 unsuimi
1071 2616 1228 2658 consensu
1255 2616 1324 2657 eem
1351 2597 1491 2676 presenti
1512 2598 1631 2678 scripto

393 2706 427 2764 et
462 2701 555 2781 sigilli
593 2700 694 2762 nostri
732 2701 933 2781 opposicione
960 2702 1193 2768 confirmemus.
1249 2702 1323 2763 Hiis
1350 2703 1494 2774 testibus,
1525 2703 1630 2776 Petro,

393 2807 574 2870 subdecano
615 2805 850 2878 Herelordensi‚
899 2807 1050 2886 megistro
1088 2808 1131 2868 H.
1166 2808 1205 2870 rie
1248 2807 1351 2887 Hope,
1397 2807 1563 2869 Solomone
1599 2813 1633 2870 et

393 2912 570 2974 Alexandro
604 2912 784 2993 capellanis,
819 2912 980 2973 Willelmo
1017 2912 1056 2973 de
1093 2912 1249 2984 Lodelevv,
1285 2911 1443 2972 Willelmo
1473 2912 1513 2973 de
1540 2911 1630 2992 Pipe,

391 3019 547 3081 Nicholso
568 3025 705 3091 cantore,
726 3024 760 3081 et
781 3018 890 3080 multis
919 3017 997 3079 eliis.

390 3287 475 3367 Sept.
498 3286 655 3347 20.-Ttu
676 3285 795 3366 Bishop
815 3285 892 3347 calls
906 3305 989 3365 upon
1005 3284 1053 3345 ihc
1063 3285 1203 3366 faithful
1223 3243 1258 3346 to⁸
1273 3285 1417 3346 celebrate
1439 3285 1488 3346 the
1501 3285 1633 3364 festival

515 3367 551 3446 of
570 3367 616 3427 St.
640 3367 770 3428 Thomas
794 3366 959 3446 Guntilupe
981 3387 1021 3426 on
1045 3367 1108 3427 Oct.
1131 3371 1160 3438 2,
1183 3366 1247 3426 und
1265 3365 1414 3445 promises
1437 3366 1630 3444 indulpcncce

517 3455 546 3509 to
567 3447 722 3528 penitents
746 3446 878 3525 visitinp
903 3447 952 3507 the
977 3446 1065 3507 lomb.

475 3619 669 3679 Mennusuu
704 3636 766 3678 ruo
800 3634 1048 3678 sunussscrorvu
1080 3633 1173 3677 rusur
1198 3633 1312 3677 suncur
1346 3615 1628 3688 Tsouu.-Adem‚

390 3731 461 3798 etc,
493 3724 616 3786 dilectis
648 3724 682 3783 in
713 3717 841 3785 Christo
871 3722 954 3794 filiis,
986 3723 1115 3783 Decsno
1146 3726 1179 3782 et
1210 3720 1355 3801 Gepitulo
1386 3726 1494 3783 nostre
1529 3721 1628 3783 Here-

391 3830 547 3893 lordensis
593 3829 723 3892 ecclesie
764 3828 963 3899 cethedrulis,
1005 3826 1187 3898 Abbatibus,
1228 3826 1398 3897 Prioribus,
1444 3832 1476 3888 et
1520 3846 1630 3888 eorum

392 3936 618 4009 Conventibus,
658 3935 856 4007 Rectoribus,
897 3934 1041 4005 Viceriis,
1083 3932 1269 3995 Presbiteris
1310 3932 1551 4012 parochielibus,
1597 3938 1631 3994 st

393 4043 508 4106 notetis
541 4042 685 4122 personis
713 4040 934 4103 ecclesiasticis
964 4060 1021 4120 per
1049 4045 1191 4100 nostrum
1222 4039 1383 4100 civitetem
1413 4045 1446 4101 et
1479 4039 1629 4102 diocesim

393 4147 586 4218 constitutis,
616 4146 761 4218 saluum,
783 4150 842 4206 etc.
885 4145 1016 4205 Exultet
1035 4143 1098 4204 ism
1120 4143 1213 4224 pleno
1233 4143 1347 4224 gaudio
1368 4143 1500 4206 ecclesis
1524 4142 1628 4224 Angli-

393 4272 473 4313 cens
500 4252 534 4310 in
556 4251 647 4331 cujus
667 4249 824 4331 plentsrio
847 4249 991 4330 plantula
1012 4249 1136 4310 novelle
1159 4248 1249 4328 qussi
1271 4249 1391 4329 lignum
1413 4249 1476 4310 vite
1503 4248 1631 4310 dextera

391 4359 569 4438 plsntetum
603 4357 942 4418 divius'succrescens
969 4356 1112 4417 novellus
1136 4355 1196 4417 sibi
1234 4354 1318 4435 spud
1346 4355 1449 4415 Deum
1477 4359 1630 4434 petronus

393 4464 539 4537 secrevit,
567 4469 601 4526 et
632 4465 722 4525 edest
749 4483 807 4543 pro
838 4463 940 4524 solute
971 4462 1111 4524 fidelium
1136 4481 1240 4522 cerem
1265 4461 1334 4540 ipso
1365 4461 1506 4540 placidus
1534 4461 1628 4522 inter-

394 4591 509 4643 cessor,
545 4570 657 4631 boetus
691 4570 837 4631 videlicet
878 4568 1026 4640 Thomas,
1060 4567 1262 4648 predecessor
1309 4571 1425 4636 noster,
1470 4567 1629 4645 quondum

393 4677 572 4757 Episcopus
593 4675 845 4737 Herelordensis.
895 4673 1050 4754 Ejusdem
1070 4673 1156 4733 enim
1179 4671 1317 4732 nominis
1340 4669 1482 4750 petronis
1502 4689 1629 4731 veners·

392 4782 507 4844 bilibus
536 4780 702 4861 gloriosius
722 4781 870 4841 decorato
890 4779 924 4838 in
948 4777 1093 4840 orientali
1113 4777 1206 4856 plsgs
1228 4775 1323 4836 unius
1343 4775 1464 4836 Thome
1490 4773 1631 4836 mertirio

394 4888 581 4958 rubricatur,
609 4891 642 4948 et
679 4886 713 4946 in
741 4884 928 4946 occidentali
955 4883 1086 4946 secundi
1113 4883 1233 4943 Thome
1262 4881 1375 4961 prioris
1406 4900 1510 4942 mores
1535 4885 1629 4962 etque

390 4993 552 5074 justiciam
586 4993 752 5065 imitantis,
787 4993 887 5073 cujus,
922 4997 959 5052 ut
993 4989 1159 5060 credimus,
1194 4987 1267 5048 lelix
1301 4987 1407 5048 enimc
1440 5007 1536 5068 quem
1569 4986 1631 5049 etsi

391 5100 515 5180 gladius
535 5101 730 5179 percussoris
750 5120 815 5162 non
846 5098 978 5160 abstulit
998 5101 1106 5158 temen
1139 5114 1195 5174 per
1226 5093 1290 5155 vite
1317 5093 1466 5156 meritum
1492 5093 1631 5173 palmum
