3850 5917
682 681 833 762 Episcopi
860 681 1105 762 Htrcsordcnait.
1453 683 1514 744 175

116 913 161 954 ao.
174 915 228 957 ¹⁸²¹·
269 907 458 969 Monasterii
480 907 578 969 vestri
607 907 686 968 adeo
714 913 790 968 sunt
817 913 929 970 tenues
957 913 991 970 et
1020 909 1116 970 exiles
1144 909 1228 990 quod
1256 928 1320 969 non
1352 909 1513 970 sufficiunt

268 1015 310 1075 ad
331 1033 503 1094 congruam
525 1014 794 1076 sustentationem
818 1019 956 1076 vestram
980 1020 1013 1076 et
1035 1015 1262 1096 hospitalitatis
1285 1035 1321 1076 at
1344 1015 1405 1077 alis
1423 1015 1513 1076 vobis

269 1119 491 1180 incumbentia
518 1139 614 1180 onera
644 1119 869 1199 supportanda,
902 1119 1048 1200 quodque
1079 1140 1136 1181 vos
1168 1121 1247 1181 adeo
1281 1121 1397 1200 premit
1431 1140 1513 1182 onus

270 1225 440 1287 manifeste
484 1231 517 1287 et
564 1225 687 1286 notorie
734 1225 930 1306 paupertatis
979 1226 1064 1306 quod
1112 1226 1317 1287 necessitates
1365 1225 1512 1305 patimini

269 1331 484 1402 creberrimas,
509 1331 680 1411 angustias,
710 1336 742 1391 et
770 1331 934 1402 defectus;
956 1350 1053 1411 quare
1081 1331 1173 1392 nobis
1203 1331 1366 1392 humiliter
1392 1331 1511 1412 suppli-

269 1438 366 1499 castis
386 1443 432 1509 ut,
457 1439 497 1498 td
524 1437 752 1498 relevationem
773 1457 904 1498 onerum
932 1457 994 1518 que
1019 1457 1075 1498 vos
1105 1442 1263 1518 premunt,
1284 1437 1447 1499 ecclesiam
1471 1437 1511 1499 de

270 1543 458 1622 Avenebury
491 1547 599 1604 nostre
637 1541 779 1614 diocesis,
811 1544 902 1622 cujus
936 1542 1015 1604 estis
1050 1543 1115 1604 veri
1151 1543 1285 1623 patroni,
1320 1543 1442 1604 fructus
1478 1548 1511 1604 et

269 1655 442 1729 proventus
469 1648 612 1728 ejusdem
639 1647 728 1709 vobis
759 1649 791 1708 in
819 1669 897 1710 usus
924 1649 1068 1728 proprios
1096 1654 1249 1729 perpetuo
1282 1648 1511 1710 convertendos

270 1754 441 1815 concedere
468 1752 677 1832 dignaremur.
720 1753 789 1814 Nos
816 1753 920 1832 igitur,
948 1773 1006 1832 per
1025 1752 1266 1832 inquisitionem
1292 1773 1387 1832 quam
1415 1773 1512 1832 super

270 1860 333 1921 hiis
360 1859 428 1920 fieri
459 1858 591 1919 fecimus
619 1858 802 1938 diligentem
831 1860 871 1920 de
897 1859 1031 1920 veritate
1059 1859 1284 1938 premissorum
1312 1858 1436 1939 plenius
1464 1859 1511 1918 in-

270 1966 407 2035 formati,
427 1970 560 2045 paterno
580 1964 669 2025 vobis
689 1965 723 2024 in
739 1965 799 2025 hac
812 1969 903 2044 parte
917 1965 1150 2044 compatientes
1165 1964 1290 2036 affectu,
1310 1985 1346 2026 at
1367 1965 1510 2026 volentes

269 2077 437 2151 propterea
459 2069 549 2130 vobis
576 2069 615 2130 de
637 2069 771 2149 alicujus
798 2069 1020 2130 subventionis
1041 2069 1181 2130 subsidio
1202 2069 1373 2148 providere,
1399 2070 1509 2132 habito

271 2197 343 2237 oum
371 2175 495 2236 dilectis
518 2175 601 2246 filiis,
630 2175 768 2254 capitulo
796 2179 915 2246 nostro,
944 2179 1081 2236 tractatu
1114 2175 1280 2254 sollempni
1309 2181 1341 2236 et
1369 2175 1511 2256 diligenti

271 2284 324 2364 qui
357 2283 390 2342 in
421 2281 602 2362 hujusmodi
632 2282 794 2361 perpetuis
822 2281 1078 2343 concessionibus
1104 2287 1137 2343 et
1160 2281 1363 2343 ecclesiarum
1394 2282 1510 2344 aliana·

270 2389 414 2451 tionibus
435 2389 473 2449 de
500 2389 570 2467 jure
598 2389 775 2468 requiritur,
805 2388 1040 2468 ponderataque
1065 2388 1235 2450 devotione
1263 2407 1358 2468 quam
1386 2388 1511 2450 habetis

271 2496 311 2556 ad
345 2495 459 2566 Deum,
496 2499 530 2555 et
574 2494 613 2555 ad
647 2494 825 2574 proximum
858 2494 986 2573 pietate,
1015 2495 1132 2574 quippe
1168 2493 1222 2575 qui
1260 2494 1510 2573 hospitalitatem

271 2607 429 2663 sectantes
449 2620 603 2680 pauperes
624 2606 656 2660 et
687 2600 805 2661 debiles
829 2600 962 2679 benigue
999 2599 1170 2680 suscipitis,
1202 2619 1238 2659 ac
1269 2599 1509 2680 quibuscunque

270 2706 483 2787 indigentibus
500 2705 636 2767 letanter
652 2705 834 2784 impenditis
851 2704 1026 2766 subsidium
1042 2704 1190 2776 caritatis,
1206 2709 1242 2764 ut
1258 2703 1317 2764 het
1337 2704 1461 2783 plenius
1476 2709 1509 2766 tt

270 2814 440 2895 perfectius
461 2812 576 2874 futuris
597 2812 792 2892 temporibus
810 2811 912 2872 latere
932 2811 1072 2882 valeatis,
1092 2817 1124 2871 et
1145 2831 1185 2872 ne
1202 2830 1259 2889 pro
1280 2810 1405 2871 defectu
1427 2816 1506 2872 tem·

270 2919 386 3001 poralis
414 2918 545 2980 subsidii
565 2917 605 2980 ab
626 2918 687 2979 hiis
708 2937 838 2978 manum
858 2917 1043 2978 benevolam
1065 2923 1097 2977 et
1119 2915 1299 2976 munificam
1326 2915 1505 2989 retrahatis,

271 3026 310 3087 de
331 3044 488 3086 consensu
515 3043 662 3103 expresso
684 3024 826 3103 ejusdem
848 3023 949 3084 nostri
978 3022 1115 3102 Capituli
1142 3022 1316 3101 predictam
1343 3021 1509 3082 ecclesiam

271 3148 344 3188 cum
364 3126 517 3188 fructibus
545 3132 577 3187 et
608 3126 813 3206 proventibus
841 3131 874 3187 et
901 3126 971 3187 aliis
996 3126 1062 3186 suis
1088 3125 1211 3204 juribus
1239 3129 1271 3186 et
1301 3125 1506 3204 pertiuentiis

270 3233 359 3294 vobis
383 3237 416 3293 et
444 3233 634 3293 monasterio
661 3237 767 3293 vestro
791 3231 825 3290 in
848 3251 926 3292 usus
946 3231 1090 3312 proprios
1108 3235 1262 3310 perpetuo
1282 3229 1506 3310 possidendam

270 3338 447 3400 Pontifitali
471 3339 659 3399 auctoritate
686 3337 896 3408 concedimus,
919 3358 955 3397 at
984 3338 1084 3398 etiam
1115 3337 1313 3416 deputamus,
1343 3336 1387 3396 ita
1407 3337 1502 3417 quod,

271 3445 401 3505 cedente
425 3443 475 3504 vel
495 3443 666 3503 decedente
693 3442 823 3504 ecclesie
850 3443 992 3522 predicte
1026 3443 1169 3514 Rectore,
1201 3441 1295 3502 liceat
1322 3441 1411 3503 vobis
1439 3461 1506 3502 tor-

270 3550 409 3630 poralem
436 3549 667 3629 possessionem
696 3549 795 3629 ipsius
836 3549 968 3610 ecclesie
1002 3549 1089 3610 licite
1127 3549 1273 3627 recipere,
1303 3567 1434 3622 eamque
1473 3549 1506 3607 in

271 3656 371 3717 dictos
392 3674 469 3716 usus
492 3654 621 3736 pacifice
642 3655 785 3726 retinere,
814 3661 973 3716 reservata
1001 3659 1108 3715 tamen
1130 3654 1168 3714 de
1199 3653 1352 3714 fructibus
1377 3654 1508 3716 ecclesie

225 3817 231 3828 .
270 3763 411 3842 ejusdem
435 3767 588 3842 perpetuo
611 3761 728 3822 vicario
751 3761 785 3819 in
810 3761 919 3821 eadem
940 3761 1073 3821 ecclesia
1098 3760 1252 3820 servituro
1277 3778 1414 3838 congrua
1436 3779 1506 3839 por·

244 3867 360 3928 ·ti0ne
379 3887 436 3946 per
455 3886 514 3928 nos
535 3886 591 3928 seu
612 3885 809 3928 successores
832 3873 959 3928 nostros
980 3865 1118 3926 taxanda
1142 3869 1175 3926 et
1199 3865 1298 3925 teiam
1321 3865 1505 3938 ordinanda,
1568 3909 1571 3914 ,

270 3993 307 4035 ex
334 3993 398 4054 qua
423 3972 527 4034 valeat
554 3991 690 4052 congrue
711 3973 882 4034 sustentari
909 3977 943 4033 et
972 3971 1191 4032 incumbentia
1217 3970 1276 4032 sibi
1305 3989 1401 4031 onera
1432 3989 1506 4050 sup·

269 4086 403 4161 portare.
464 4079 633 4158 [vicariam
671 4083 778 4138 autem
809 4078 892 4138 dicte
933 4077 1073 4148 ecclesie,
1105 4075 1255 4156 quotiens
1294 4093 1364 4136 eam
1394 4094 1507 4138 vacare

270 4184 444 4265 contigerit,
483 4184 523 4244 ad
564 4190 705 4244 nostram
747 4187 779 4244 et
821 4202 1038 4243 successorum
1080 4187 1260 4242 nostrorum
1303 4180 1508 4241 collationem

269 4291 464 4352 decrevimus
484 4289 652 4369 pertinere]
664 4292 681 4349 .¹
723 4289 913 4350 Ordinamus
932 4288 1042 4360 etiam,
1064 4289 1102 4348 de
1117 4306 1274 4348 consensu
1288 4292 1321 4348 et
1344 4286 1508 4349 voluntate

270 4396 401 4458 Abbatis
435 4399 468 4458 et
495 4395 678 4457 Conventus
712 4395 925 4474 predictorum
960 4399 993 4455 et
1028 4393 1128 4454 nostri
1160 4392 1298 4472 Capituli
1331 4392 1507 4465 memorati,

269 4501 353 4580 quod
384 4500 424 4559 ad
448 4499 597 4560 vicariam
624 4498 707 4558 dicte
734 4497 874 4568 ecclesie,
903 4496 1054 4577 quociens
1088 4515 1159 4557 eam
1186 4515 1299 4556 vacare
1330 4494 1507 4574 contigerit,

269 4604 364 4666 iidem
385 4603 490 4665 Abbas
506 4607 540 4664 et
556 4601 739 4664 Conventus
757 4621 925 4681 porsonam
949 4601 1106 4681 ydoneam
1125 4621 1144 4661 a
1167 4599 1258 4661 nobis
1282 4605 1315 4660 et
1337 4601 1507 4661 suttesori·

269 4709 328 4771 bus
354 4708 472 4770 nostris
502 4707 728 4768 nominandam
756 4707 907 4768 canonice
933 4705 1171 4786 presentabunt,
1201 4709 1233 4766 et
1260 4705 1344 4785 quod
1372 4704 1508 4768 vicarius

269 4815 323 4895 qui
350 4833 408 4894 pro
439 4818 580 4893 tempore
601 4811 696 4873 luerit
723 4813 762 4874 de
788 4813 937 4892 portione
961 4811 1077 4874 utaris
1108 4831 1146 4872 eo
1175 4810 1302 4871 uberius
1323 4809 1506 4885 ordinanda,

269 4912 303 4971 in
323 4910 650 4990 recompensacionem
669 4909 954 4971 emolumentorum
975 4928 1037 4989 que
1058 4915 1116 4970 nos
1138 4913 1170 4969 et
1188 4926 1383 4968 successores
1405 4908 1507 4968 nostri

268 5027 435 5090 possemus
462 5005 657 5088 temporibus
681 5006 795 5068 futuris
825 5007 995 5088 percipere,
1021 5005 1048 5066 si
1076 5004 1238 5066 concessio
1273 5008 1306 5064 et
1340 5003 1507 5083 deputatio

602 5123 816 5168 t-Tbewordsin
829 5123 941 5167 brackets
953 5135 995 5167 are
1008 5123 1105 5166 trossed
1118 5125 1169 5165 out.
