3850 5917
404 691 463 750 132
777 691 956 770 Regiatrwn
983 693 1048 754 Ado
1075 693 1112 754 dc
1142 691 1265 754 Orletoc

232 920 290 960 Α-ὓ·
306 920 360 960 ¹³2⁰·
402 914 554 996 principis
579 917 699 978 domini
724 918 882 991 Edwardi,
904 919 1000 998 Regis
1025 918 1136 999 Anglie
1157 919 1297 990 illustris,
1320 919 1353 978 in
1379 919 1473 979 Curia
1497 919 1642 980 Romana

403 1022 538 1082 nuncius
576 1024 730 1102 specialis,
769 1024 906 1086 fatemur
939 1031 972 1086 et
1003 1026 1256 1105 recognoscimus
1294 1045 1353 1087 nos
1391 1025 1547 1105 recepisse
1585 1045 1643 1106 per

403 1145 517 1187 manus
541 1127 697 1189 Johannis
723 1129 761 1191 de
786 1130 891 1191 Barda
913 1137 946 1192 et
970 1131 1135 1210 Reginsldi
1158 1131 1197 1191 de
1218 1131 1409 1210 lotaringia,
1431 1136 1642 1192 mercatorum

403 1231 443 1291 de
474 1231 646 1304 Florencia,
680 1234 718 1295 de
750 1235 900 1296 societate
929 1235 1116 1308 Bardorum,
1141 1235 1174 1295 in
1203 1235 1289 1296 dicta
1319 1235 1415 1297 Curia
1445 1255 1641 1297 commoran-

403 1337 496 1410 cium,
514 1339 760 1418 quadringentos
778 1339 914 1403 florenos
928 1342 968 1403 de
985 1341 1149 1403 Florencia
1169 1361 1227 1421 pro
1246 1340 1271 1402 G
1291 1341 1405 1403 marcis
1419 1341 1642 1421 sterlingorum

402 1443 442 1503 de
472 1444 606 1522 pecunia
629 1443 713 1505 dicte
744 1445 914 1518 societatis,
943 1467 1000 1526 per
1022 1447 1161 1508 litteram
1189 1451 1222 1507 et
1247 1446 1495 1526 assignationem
1520 1447 1642 1508 domini

402 1548 516 1628 Rogeri
542 1550 739 1630 Hardingelli
764 1557 796 1612 et
823 1552 956 1613 aliorum
982 1553 1139 1614 sociorum
1167 1551 1250 1613 dicte
1278 1551 1439 1614 societatis
1468 1552 1642 1614 Londoniis

401 1655 678 1715 commorantium.
721 1657 770 1717 De
791 1677 854 1737 qua
874 1658 1002 1736 quidem
1026 1658 1160 1737 pecunia
1181 1656 1319 1718 fatemur
1339 1656 1430 1717 nobis
1458 1676 1528 1718 esse
1549 1656 1640 1718 satis-

403 1759 532 1828 factum
553 1780 611 1840 per
639 1767 811 1841 presentes,
841 1767 872 1824 et
903 1763 1119 1843 promittimus
1152 1763 1235 1842 quod
1260 1783 1317 1842 per
1337 1762 1500 1823 dominum
1522 1762 1641 1842 Regem

402 1866 521 1928 eisdem
541 1867 659 1928 dictam
686 1868 853 1947 pecuniam
878 1869 966 1930 reddi
987 1868 1138 1931 iaciemus
1166 1873 1199 1930 et
1220 1869 1355 1930 allooari.
1409 1866 1449 1927 In
1474 1867 1564 1947 cujus
1585 1868 1641 1938 rei,

402 1978 462 2034 etc.
505 1975 624 2033 Datum
650 1971 803 2035 Avinione
826 1975 859 2033 in
883 1974 998 2054 Vigilia
1021 1974 1223 2036 Ascensionis
1246 1973 1385 2044 Domini,
1407 1993 1490 2034 anno
1512 1973 1643 2033 Domini

404 2079 603 2140 M⁰GOG⁰xx⁰.

403 2333 497 2413 April
524 2332 831 2412 12.-Bcrcn9arircs,
860 2333 979 2413 Bishcp
1003 2334 1039 2412 of
1065 2333 1239 2404 Tritoniaca,
1265 2332 1400 2392 absolves
1418 2332 1504 2412 from
1527 2351 1641 2392 arcora

526 2413 719 2474 manicatioa
729 2413 829 2492 Ropcr
841 2414 879 2474 de
894 2415 1090 2492 Wallr'rrgtca,
1105 2413 1172 2475 who
1187 2413 1249 2474 bod
1262 2412 1362 2474 secred
1376 2412 1439 2472 arrd
1453 2411 1643 2492 summoned

526 2515 548 2554 a
567 2494 666 2566 mccl,
688 2494 795 2574 Rapo
815 2494 852 2555 dc
872 2495 1066 2566 Ruaccas'llo,
1087 2494 1182 2555 Prior
1202 2495 1236 2574 cs
1256 2493 1412 2572 Goldolc'ff.

486 2653 632 2712 Inrrnaa
670 2653 889 2725 Buprasion,
928 2669 1175 2713 rrurrnromrur
1213 2668 1331 2711 nourru
1367 2651 1465 2722 Para,
1499 2668 1642 2711 araucas

403 2775 529 2818 nouruo
564 2758 725 2819 Errscoro
760 2757 1201 2819 munerasse-Venerabili
1233 2757 1266 2816 in
1299 2755 1426 2817 Christo
1456 2755 1548 2836 patri,
1581 2756 1642 2816 Dei

402 2865 507 2945 gracia
535 2865 694 2944 Episcopo
730 2865 939 2936 Landavensi,
961 2864 1011 2926 vel
1039 2865 1108 2944 ejus
1129 2863 1245 2924 vicario
1276 2862 1309 2922 in
1336 2860 1561 2942 spiritualibus,
1591 2861 1640 2932 B..

402 2971 608 3033 miseracione
632 2971 739 3031 divina
763 2970 959 3031 Tusculanus
988 2970 1175 3050 Episcopus,
1200 2969 1334 3029 salutem
1363 2972 1395 3028 et
1430 2967 1585 3027 sinceram
1607 2967 1641 3026 in

403 3078 541 3138 Domino
569 3078 742 3139 caritatem.
782 3077 939 3156 Rogerum
961 3077 1000 3137 de
1022 3075 1223 3155 Walyntone,
1248 3073 1348 3134 filium
1370 3074 1528 3154 quondam
1550 3071 1642 3132 Alani

403 3183 442 3244 de
463 3183 663 3262 Walyntone,
686 3181 834 3243 clericum
858 3187 1025 3242 uxoratum
1054 3179 1296 3241 Herefordensis
1331 3177 1473 3250 diocesis,
1508 3177 1642 3238 latorem

402 3289 611 3369 presencium,
640 3289 694 3361 qui
722 3288 797 3348 olim
825 3308 898 3348 cum
919 3286 1107 3367 quibusdam
1129 3285 1196 3348 suis
1223 3283 1428 3364 complicibus
1453 3283 1486 3342 in
1511 3283 1642 3344 fratrem

403 3394 607 3473 Radulphum
639 3393 678 3455 de
709 3393 902 3463 Runcevilla,
931 3390 1074 3453 Priorem
1100 3390 1257 3470 prioratus
1286 3387 1460 3449 Goldclivie
1490 3407 1554 3448 non
1585 3407 1643 3468 per

403 3498 593 3560 eleccionem
618 3503 667 3559 set
691 3518 748 3577 per
775 3497 1011 3558 institucionem
1039 3499 1229 3576 promotum,
1255 3499 1359 3555 vestre
1383 3493 1526 3564 diocesis,
1552 3512 1642 3553 mon-

403 3605 519 3665 achum
558 3604 741 3665 monasterii
780 3604 819 3664 de
853 3602 1141 3673 Beccoherlewini,¹
1180 3620 1293 3662 manus
1331 3599 1486 3661 violentas
1522 3599 1640 3678 injecit,

402 3728 538 3788 eumque
574 3708 788 3779 incarceravit,
820 3727 857 3767 ac
887 3727 944 3787 per
965 3706 1006 3787 vij
1050 3705 1239 3767 ebdomadas
1266 3705 1316 3766 vel
1351 3703 1475 3766 circiter
1504 3704 1642 3766 detinuit

404 3820 607 3887 carceratum,
643 3834 737 3894 quem
772 3835 791 3874 a
827 3813 896 3875 loco
932 3812 1114 3892 hujusmodi
1147 3811 1280 3872 carceris
1318 3810 1490 3890 lugientem
1525 3810 1641 3870 iterum

404 3921 496 4001 cepit,
525 3926 559 3981 et
579 3920 704 3981 reduxit
725 3920 765 3980 ad
792 3939 948 3980 carcerem
977 3917 1175 3998 prelibatum,
1196 3937 1233 3977 ao
1254 3937 1312 3996 per
1343 3916 1425 3978 diem
1454 3921 1486 3976 et
1513 3922 1641 3977 noctem

402 4027 535 4106 ligatum
570 4025 714 4087 detinuit.
771 4025 910 4104 Postque
937 4023 1088 4103 potestati
1126 4021 1228 4083 laicali
1270 4022 1404 4083 eundem
1449 4022 1641 4082 monachum

402 4131 532 4191 tradidit
561 4129 802 4200 carcerandum;
832 4129 1034 4208 quiquidem
1068 4127 1242 4188 monachus
1280 4146 1336 4206 per
1366 4125 1409 4205 vij
1439 4125 1516 4186 alias
1544 4126 1639 4207 septi·

403 4255 513 4296 manas
542 4235 645 4296 extitit
667 4235 814 4296 detentus
845 4234 970 4305 ibidem,
1000 4234 1128 4294 tandem
1157 4252 1214 4294 suo
1240 4230 1353 4292 Abbati
1388 4236 1421 4292 st
1447 4232 1639 4292 monasterio

403 4340 543 4421 predicto
581 4339 686 4400 extitit
726 4339 892 4400 restitutus
934 4338 1052 4418 absque
1094 4336 1256 4417 sanguinis
1298 4335 1461 4407 effusione,
1504 4341 1537 4396 et
1578 4335 1640 4396 alia

403 4446 542 4525 corporis
570 4445 698 4506 lesione.
741 4445 790 4504 Ad
810 4465 866 4506 vos
895 4445 1083 4505 auctoritate
1111 4443 1231 4504 domini
1261 4443 1355 4521 Pape,
1385 4440 1476 4521 cujus
1496 4441 1640 4520 peniten-

403 4553 498 4613 ciarie
519 4571 625 4612 curam
648 4552 795 4630 gerimus,
818 4550 857 4611 ab
874 4550 1201 4612 excommunicacione
1222 4567 1318 4629 quam
1339 4551 1468 4627 propter
1486 4547 1642 4627 premissa

403 4658 544 4728 incurrit,
567 4663 599 4718 et
624 4656 806 4736 hujusmodi
828 4656 1006 4717 excessibus
1029 4657 1118 4736 juxta
1143 4655 1276 4715 formam
1298 4651 1428 4714 ecclesie
1449 4652 1642 4714 remittimus

404 4764 593 4834 absolutum,
623 4763 811 4823 mandantes
838 4761 867 4822 ei
897 4762 980 4822 inter
1011 4761 1072 4822 alia
1102 4759 1160 4822 sub
1181 4758 1287 4820 debito
1316 4757 1441 4838 prestiti
1469 4757 1642 4834 juramenti

403 4877 440 4932 ut
460 4890 554 4950 passo
585 4869 732 4950 injuriam
760 4868 788 4929 si
818 4888 882 4929 non
910 4867 1073 4938 satisfecit,
1102 4865 1274 4928 satisfaciat
1303 4868 1527 4944 competenter,
1551 4863 1641 4926 vobis

404 4953 514 5014 eadem
542 4949 729 5011 auctoritate
753 4949 989 5011 committentes
1013 4953 1170 5028 quatenus
1197 4946 1297 5025 ipsius
1326 4945 1418 5024 culpa
1442 4944 1641 5006 considerata

401 5081 670 5177 Abholt-sserdleiduin,
690 5083 732 5124 the
751 5082 886 5124 celebrated
906 5083 1047 5128 monastery
1060 5081 1084 5122 ln
1104 5079 1249 5127 normands.
1270 5077 1296 5121 oi
1313 5078 1392 5122 which
1405 5077 1502 5121 Ansebn
1522 5078 1569 5120 had
1587 5078 1646 5121 been
