3850 5917
237 885 293 923 M).
310 886 364 923 1613.

256 984 304 1023 Fol.
319 984 366 1023 1131).

407 676 467 737 336
781 676 960 755 1169161666
989 676 1052 737 nde
1079 676 1116 737 de
1146 678 1269 737 Orleton

490 901 619 962 Charles
646 922 703 981 par
734 901 764 961 16
784 921 875 981 grace
897 901 980 962 Dieu
1001 901 1070 980 Rey
1101 902 1140 962 de
1171 901 1300 971 France,
1330 906 1362 962 et
1390 902 1428 962 de
1453 901 1602 973 Navarre,
1623 922 1645 961 6

409 1010 499 1066 66166
531 1005 602 1067 bien
634 1026 712 1077 ame,
744 1006 894 1086 Antonyn
929 1008 1089 1086 Pasquyn,
1112 1012 1202 1067 notre
1230 1006 1348 1067 seriant
1369 1007 1502 1075 darmes,
1531 1005 1642 1076 saluta,

409 1116 441 1171 et
462 1130 580 1171 amour.
637 1112 717 1172 Cum
738 1112 902 1191 nadgaires
923 1117 1014 1172 notre
1037 1111 1206 1173 Seneschal
1227 1112 1266 1172 de
1287 1112 1455 1191 Peregorre
1475 1130 1533 1189 par
1552 1115 1643 1171 vertu

410 1218 475 1277 dun
497 1222 580 1278 erest
601 1238 658 1297 par
686 1224 777 1278 notre
809 1218 906 1279 Ceurt
937 1218 1019 1278 done
1050 1237 1107 1296 par
1137 1217 1167 1278 16
1196 1217 1269 1297 quel
1300 1218 1384 1279 feust
1414 1217 1461 1276 dit
1482 1236 1543 1296 que
1563 1236 1645 1277 6666

408 1343 541 1403 poyoms
556 1342 617 1383 nne
638 1322 738 1383 bestie
753 1343 792 1384 en
806 1323 835 1383 le
856 1323 907 1383 len
929 1322 1051 1402 appelle
1070 1323 1108 1383 de
1123 1328 1213 1383 seant
1236 1323 1387 1383 Sacerdos
1401 1322 1440 1383 de
1459 1322 1489 1381 la
1511 1322 1643 1382 Diocese

411 1430 550 1509 D’agene
571 1428 656 1499 16166,
678 1429 767 1490 61661
798 1428 1069 1490 66616661666116
1097 1427 1280 1508 opposicion
1302 1428 1345 1487 du
1364 1432 1570 1507 procuratour
1592 1426 1644 1487 del

411 1536 481 1594 1166
501 1534 700 1614 Daquitenie,
722 1534 754 1613 ly
777 1554 913 1595 mesmes
932 1534 1077 1595 suffisant
1097 1554 1138 1595 en
1158 1539 1242 1594 tetes
1263 1533 1375 1594 choses
1395 1533 1441 1593 les
1462 1533 1551 1612 quels
1572 1531 1644 1593 volu

412 1660 566 1719 purposee
587 1660 626 1700 66
648 1640 678 1700 16
699 1640 813 1701 meime
835 1642 932 1701 Cenrt
953 1661 972 1699 6
992 1641 1076 1720 plein
1097 1660 1138 1719 oy
1159 1647 1192 1701 et
1212 1640 1243 1700 16
1263 1640 1358 1701 chose
1379 1641 1531 1711 examine,
1553 1660 1592 1701 en
1613 1640 1644 1699 16

412 1766 532 1807 mesme
554 1748 651 1808 Oourt
672 1747 896 1825 diligeaument
927 1748 966 1807 de
991 1752 1082 1807 66166
1102 1748 1306 1808 mandement
1336 1768 1396 1826 pur
1426 1747 1457 1807 la
1484 1748 1531 1807 dit
1561 1752 1645 1807 66661

412 1853 542 1913 mandor
563 1872 581 1911 6
602 1851 800 1923 6666661666,
823 1852 946 1911 661166
966 1852 1131 1912 avauntdit
1152 1852 1256 1913 feusse
1276 1852 1352 1922 alee,
1374 1857 1406 1913 et
1427 1852 1456 1913 16
1477 1853 1583 1931 seigne
1603 1871 1644 1913 66

409 1962 501 2017 66166
521 1957 694 2036 penounsel
715 1957 849 2036 illuques
870 1977 961 2017 eusse
981 1977 1060 2036 mys,
1082 1962 1114 2018 et
1135 1957 1196 2017 den
1217 1977 1308 2036 apres
1325 1956 1520 2036 publicment
1533 1977 1572 2017 en
1593 1976 1645 2017 ses

409 2062 534 2123 assissis
555 2082 646 2123 66666
667 2061 723 2122 1611
744 2062 824 2122 66166
844 2082 904 2141 que
927 2082 946 2121 a
973 2062 1150 2122 lavanntdit
1174 2062 1237 2123 lieu
1257 2083 1277 2122 a
1297 2068 1424 2139 certeyn
1445 2061 1516 2140 jour
1539 2061 1643 2139 voleyt

409 2166 498 2228 venir
517 2187 597 2246 pour
617 2166 786 2245 acoemplir
805 2167 851 2227 les
872 2168 984 2227 choses
1005 2167 1051 2227 les
1072 2167 1161 2247 quels
1182 2188 1221 2228 en
1243 2167 1273 2227 16
1304 2168 1369 2228 (1116
1390 2172 1550 2228 66616661
1571 2188 1642 2227 666-

414 2280 542 2343 tenuem
565 2292 684 2332 aucuns
699 2272 897 2342 mesfesonrs,
921 2272 1114 2332 maundantz
1128 2280 1161 2334 61
1181 2279 1410 2333 consentauntz
1424 2272 1508 2333 Rauf
1521 2274 1643 2343 Basset‚

412 2378 558 2439 Ghivaler
591 2398 648 2457 par
682 2378 711 2438 le
746 2378 792 2437 dit
827 2378 898 2437 Duc
934 2378 1105 2439 Seneschal
1139 2380 1178 2439 de
1212 2379 1377 2449 Gasooine,
1411 2378 1441 2439 le
1477 2377 1645 2439 8666661161

412 2486 598 2563 D’ageneys,
620 2484 648 2543 le
684 2483 871 2545 conestable
893 2484 931 2544 de
952 2483 1108 2555 Bordeux‚
1133 2504 1191 2565 par
1221 2505 1340 2545 mesme
1371 2485 1400 2545 le
1429 2485 1507 2555 Duo,
1530 2493 1645 2545 mestre

411 2590 534 2649 Romen
555 2590 674 2661 Duran,
696 2589 759 2650 lieu
782 2594 916 2649 1666661
936 2590 974 2649 (16
996 2589 1042 2649 (111
1065 2589 1235 2650 Seneschal
1255 2591 1294 2651 de
1325 2592 1499 2669 Gaecoyne,
1530 2597 1645 2652 mestre

412 2694 564 2774 Austinge
585 2695 736 2773 Jurdeyn‚
761 2695 893 2754 Emand
921 2695 960 2755 de
990 2694 1022 2755 la
1052 2695 1168 2774 Moley,
1199 2702 1405 2775 procuratour
1434 2697 1544 2756 dudit
1565 2698 1644 2769 Due,

411 2800 533 2861 Romen
555 2801 706 2871 Bernard,
728 2801 855 2879 seignur
874 2802 914 2861 de
931 2802 1138 2881 Montpeeant
1156 2807 1189 2863 61
1205 2802 1348 2862 Bernard
1362 2803 1400 2863 de
1421 2803 1452 2863 la
1473 2803 1645 2881 Kessayne,

412 2908 599 2969 eounseiller
619 2909 658 2969 de
689 2928 808 2971 mesme
829 2910 858 2969 le
889 2910 970 2980 Due,
1002 2928 1042 2969 66
1063 2929 1154 2988 apres
1184 2909 1214 2969 16
1245 2909 1303 2969 fait
1326 2910 1453 2970 svoient
1480 2908 1586 2979 ferme,
1618 2909 1646 2970 61

413 3036 504 3076 come
525 3020 573 3076 661
594 3015 649 3085 (111,
665 3015 782 3075 661166
803 3016 842 3076 (16
863 3016 946 3076 66161
968 3015 1120 3076 Sacerdos
1140 3014 1305 3075 avanntdit
1325 3012 1364 3076 de
1385 3020 1476 3075 nuta
1496 3020 1646 3093 treysonn

413 3127 581 3192 vennesta,
613 3142 727 3182 asenne
762 3122 817 3182 (166
852 3120 1033 3181 hahiteours
1067 3121 1106 3181 de
1141 3141 1260 3183 6666666
1294 3120 1323 3181 16
1353 3121 1416 3182 1166
1450 3122 1506 3183 (166
1540 3122 1646 3182 hostes

414 3228 526 3289 choses
554 3232 586 3290 et
622 3228 718 3289 altres
744 3227 794 3287 166
821 3225 910 3287 biens
944 3225 1160 3297 derobberent,
1191 3232 1224 3287 et
1255 3246 1391 3288 mesmes
1425 3227 1507 3288 celes
1535 3227 1647 3287 choses

413 3352 567 3413 evesques
594 3354 653 3395 eux
684 3334 778 3395 firent
809 3338 956 3412 apportes
987 3338 1019 3394 61
1053 3354 1189 3394 6666666.
1244 3333 1288 3393 Ε1
1316 3338 1422 3393 autres
1452 3333 1645 3411 vileynment

411 3444 536 3500 tuerent
567 3444 599 3500 et
630 3460 745 3500 ascune
772 3440 811 3500 de
842 3458 919 3499 ceux
944 3458 1081 3500 mesmes
1112 3458 1152 3500 66
1182 3439 1268 3519 gibet
1298 3440 1480 3525 penderent,
1509 3460 1527 3500 6
1557 3440 1647 3501 61661

412 3543 612 3606 abeundours
642 3544 697 3605 des
729 3550 831 3605 cestes
857 3544 979 3614 choses,
1008 3564 1076 3605 mes
1107 3544 1318 3605 assemblantz
1349 3545 1396 3605 les
1416 3545 1496 3605 mals
1517 3566 1536 3605 a
1556 3546 1645 3617 mals,

413 3655 496 3711 tetes
517 3650 563 3711 166
585 3670 732 3711 66666666
753 3650 803 3710 (161
824 3650 871 3710 (111
891 3650 955 3710 1166
985 3649 1031 3710 166
1062 3650 1148 3729 qeles
1178 3651 1217 3711 de
1241 3650 1392 3711 66661666
1423 3656 1527 3730 temps
1557 3656 1647 3711 erent

414 3756 564 3835 illeoques
592 3755 711 3816 bastiez
739 3756 886 3826 ardirent,
915 3760 948 3816 61
967 3756 1114 3835 plusenrs
1143 3755 1238 3817 611666
1258 3758 1350 3817 erdes
1375 3776 1466 3817 66666
1490 3764 1523 3817 61
1550 3756 1645 3817 male-

412 3860 495 3931 11666,
518 3862 545 3921 61
566 3867 687 3922 comest
705 3861 760 3932 dit,
782 3867 997 3940 acomystrent
1017 3861 1152 3941 illuques
1172 3882 1212 3922 en
1233 3862 1473 3941 mesprisement
1497 3863 1536 3922 de
1554 3868 1646 3923 notre

414 3968 496 4028 reale
511 3968 652 4047 majesta.
694 3969 757 4027 Par
770 3969 819 4047 qei
841 3989 897 4047 par
911 3968 940 4029 le
961 3973 1075 4029 166666
1095 3968 1134 4029 (16
1154 3968 1201 4030 166
1220 3976 1368 4049 presente
1389 3975 1598 4040 cometauntz,
1612 3974 1646 4031 te

412 4074 577 4135 mandems
598 4094 658 4153 que
680 4079 752 4135 tous
773 4074 930 4153 esseugles
952 4094 1006 4135 sus
1028 4094 1138 4135 nomes
1159 4075 1198 4135 de
1219 4074 1250 4134 16
1274 4080 1364 4135 66166
1395 4076 1495 4153 partie
1516 4075 1646 4154 ajonrne

413 4180 442 4239 61
463 4180 613 4259 prochein
635 4180 749 4259 Lundy
771 4200 863 4259 aprez
885 4180 914 4241 le
935 4200 1026 4259 moys
1047 4181 1085 4243 de
1106 4180 1137 4240 16
1166 4180 1308 4241 Nativite
1338 4181 1378 4241 de
1398 4186 1487 4241 notre
1513 4180 1646 4259 Seignur

412 4308 431 4346 a
451 4286 585 4347 Tolouse
616 4286 732 4347 devant
752 4306 832 4347 nous
864 4306 882 4345 6
913 4291 1004 4346 66166
1034 4290 1240 4365 procuratour
1270 4306 1325 4345 666
1354 4291 1457 4346 666166
1481 4286 1593 4346 choses
1612 4292 1645 4346 et

412 4393 516 4463 611666,
539 4394 584 4454 166
605 4392 712 4472 queles
733 4398 863 4453 6666166
884 4392 934 4451 166
954 4412 1091 4453 mesmes
1111 4392 1230 4452 vendre
1250 4411 1402 4471 purposer
1415 4412 1434 4451 6
1453 4392 1646 4470 respoundre

411 4504 443 4559 et
464 4499 631 4559 altrement
652 4518 670 4558 a
690 4498 839 4577 proceder
860 4498 887 4559 si
908 4518 1031 4559 comme
1051 4498 1074 4557 il
1095 4518 1165 4559 sera
1185 4498 1224 4559 de
1244 4498 1349 4558 raison
1370 4516 1412 4557 ou
1432 4497 1644 4558 entimacioun

413 4623 475 4682 que
496 4604 534 4663 sil
555 4610 696 4664 veneunt
725 4624 767 4664 eu
794 4624 890 4674 6666,
916 4621 1046 4664 counars
1075 4622 1137 4664 eux
1166 4623 1302 4664 mesmes
1324 4623 1379 4663 sur
1408 4608 1510 4663 cestes
1533 4604 1647 4664 choses

418 4717 556 4790 tannque
577 4730 647 4771 sera
668 4710 706 4770 de
727 4710 830 4770 raison
853 4730 922 4771 sera
942 4710 1085 4789 procede,
1114 4709 1145 4769 16
1174 4709 1307 4770 absence
1331 4709 1412 4769 deur
1442 4709 1532 4768 nient
1552 4728 1646 4768 ceun-

418 4821 583 4877 trestaunt.
627 4816 764 4894 Ajeurne
796 4816 867 4875 auxi
899 4835 934 4875 66
962 4816 1146 4875 avauntditz
1166 4816 1237 4894 jour
1265 4819 1297 4875 et
1317 4814 1380 4875 1166
1401 4814 1538 4875 (1666661
1566 4833 1650 4875 6666

413 4926 487 4981 touz
508 4941 586 4982 ceux
616 4941 674 5000 par
694 4922 740 4981 les
760 4941 840 5000 quex
862 4922 976 4981 verrite
996 4940 1112 4999 pourra
1141 4926 1225 4981 estre
1256 4920 1324 4980 sien
1344 4921 1399 4981 des
1417 4920 1500 4980 dites
1533 4919 1647 4981 choses

412 5033 603 5106 penrtauntz
624 5026 879 5106 tesmeignaunce
900 5027 939 5087 de
960 5025 991 5087 la
1011 5026 1126 5087 verrite
1140 5027 1195 5086 des
1217 5032 1320 5086 cestes
1339 5025 1460 5085 choses.
1502 5025 1546 5085 Et
1564 5045 1647 5086 6666
