3850 5917
398 708 457 767 rsa
774 710 952 789 cassam
979 711 1045 773 aa
1070 712 1108 773 <a
1137 711 1261 774 ouon

226 938 285 977 M>-
301 939 356 977 Μ»
399 950 479 1002 mus,
500 930 590 993 vobis
617 937 650 993 et
676 938 817 994 vestrum
844 932 973 995 cuilibet
1000 934 1169 995 insolidum
1199 934 1289 1013 juxta
1322 934 1397 1005 vim,
1429 933 1572 1005 formam,
1601 938 1635 995 et

398 1036 548 1097 effectum
575 1038 750 1099 litterarum
779 1039 1022 1119 apostolicarum
1050 1040 1142 1102 nobis
1173 1047 1206 1102 et
1236 1040 1363 1120 collegis
1393 1040 1511 1101 nostris
1542 1040 1634 1119 prali-

398 1142 481 1204 batis
522 1163 617 1224 super
640 1145 701 1206 boo
725 1145 914 1206 directarum
937 1146 1166 1207 committimus
1190 1147 1274 1207 vices
1291 1156 1425 1207 nostras.
1467 1146 1507 1205 In
1532 1146 1633 1226 cujus,

398 1254 458 1310 etc.
501 1250 620 1310 Datum
648 1251 681 1310 in
702 1252 842 1313 manerio
863 1258 973 1312 nostro
992 1252 1031 1312 de
1052 1252 1190 1331 Sugwas,
1213 1262 1244 1313 v⁰
1265 1253 1342 1313 Idus
1371 1252 1525 1323 Octobris,
1549 1272 1634 1312 anno

399 1355 529 1415 Domini
557 1355 779 1417 M⁰occ⁰xxiia

400 1611 462 1671 Thr
486 1610 604 1690 Bisbop
627 1612 663 1691 ο]
684 1612 835 1692 Hercford
858 1612 930 1673 aska
956 1612 1006 1674 tha
1027 1612 1147 1692 Bishop
1171 1614 1206 1692 of
1226 1612 1360 1673 Liracoln
1384 1620 1413 1673 to
1437 1613 1553 1691 aipnify
1580 1614 1628 1672 his

518 1692 704 1832 fflvffl
742 1714 763 1753 a
778 1693 928 1784 proposed
948 1693 1099 1772 mahange
1119 1694 1154 1773 of
1176 1693 1314 1772 beneficos
1339 1694 1465 1754 between
1490 1694 1630 1754 erliara

552 1838 554 1842 ¹
588 1772 771 1844 Mokholom,
804 1774 897 1834 Vaccr
929 1775 965 1854 of
997 1774 1366 1853 Bourton-bp-Bompion,
1401 1774 1464 1835 aad
1501 1774 1632 1835 Thomas

519 1853 641 1925 Brown,
669 1854 781 1915 Rector
807 1855 843 1933 of
867 1854 955 1934 Hopc
983 1856 1113 1915 Munscl.

479 2008 625 2068 Lrnunas
653 2027 793 2069 amaena
823 2010 985 2071 Emsooeo
1017 2012 1255 2072 Lrncoauransr
1286 2030 1347 2071 rso
1379 2029 1632 2072 rnnuunacrons

396 2116 873 2177 assensionem—Venerabili
895 2118 928 2176 in
950 2116 1077 2179 Christo
1096 2118 1188 2197 patri,
1210 2118 1311 2179 amico
1331 2123 1450 2187 nostro,
1474 2118 1500 2178 si
1520 2117 1633 2197 placet,

396 2221 430 2281 in
461 2220 588 2282 Christo
622 2219 797 2291 karissimo,
833 2222 961 2284 domino
999 2224 1149 2295 Hanrico,
1192 2224 1251 2284 Dei
1283 2223 1387 2303 gracia
1420 2224 1633 2286 Lincolniensi

397 2326 565 2408 Episcopo,
588 2326 698 2398 Adam,
727 2333 787 2388 ato.
835 2327 995 2389 Accedens
1016 2348 1117 2408 nuper
1145 2328 1185 2388 ad
1212 2348 1270 2389 nos
1299 2329 1448 2409 magister
1471 2329 1634 2391 Johannes

396 2434 561 2512 Walwayn
591 2432 682 2494 nobis
719 2434 863 2513 exposuit
891 2434 976 2514 quod
1011 2434 1188 2495 Willelmus
1216 2434 1390 2507 Mokholm,
1425 2436 1559 2498 vicarius
1595 2437 1633 2497 ds

396 2539 559 2600 Bourtons
578 2539 669 2621 juxta
691 2539 879 2619 Bamptone,
907 2546 1011 2601 vestra
1030 2540 1172 2613 diocesis,
1191 2546 1223 2601 at
1239 2540 1376 2601 Thomas
1397 2541 1496 2613 Brun,
1517 2542 1632 2603 Rector

396 2643 527 2706 ecclesia
549 2645 588 2706 de
617 2644 863 2724 Hopemaloisel,
893 2651 1001 2706 nostre
1029 2645 1171 2716 diocesis,
1200 2653 1429 2725 proposuerant
1460 2646 1543 2707 bona
1571 2646 1631 2708 fide

396 2772 454 2812 aua
474 2749 626 2811 beneficia
650 2751 826 2812 adinvicem
849 2756 1037 2830 permutare,
1060 2756 1092 2813 et
1112 2751 1249 2812 ostensis
1269 2752 1359 2813 nobis
1381 2751 1521 2832 parcium
1537 2752 1631 2831 resig-

396 2856 581 2918 nacionibus
623 2878 696 2917 curn
722 2857 1013 2937 presentacionibus
1044 2864 1258 2937 patronorum,
1287 2858 1326 2918 ad
1351 2858 1463 2938 prelati
1492 2858 1631 2938 magistri

396 2962 552 3024 Jobannis
580 2962 778 3033 instanciam,
800 2963 981 3043 hujusmodi
1002 2964 1280 3043 permutacionem,
1303 2970 1457 3043 quantum
1485 2964 1517 3023 in
1543 2964 1632 3025 nobis

396 3073 454 3138 est,
476 3066 623 3128 duximus
644 3068 888 3147 approbandam,
910 3070 1001 3148 juxta
1022 3089 1059 3129 aa
1079 3090 1141 3149 que
1163 3069 1254 3130 nobis
1278 3075 1355 3131 tuno
1386 3076 1533 3149 suggesta
1567 3068 1632 3130 fua·

396 3178 478 3246 rant,
513 3172 645 3234 firmiter
679 3172 864 3235 estimantes
895 3175 979 3254 quod
1008 3175 1041 3235 id
1061 3174 1145 3236 idam
1170 3174 1287 3237 iaceret
1321 3180 1427 3236 vestra
1459 3174 1633 3255 paternitas

395 3298 532 3358 congrue
559 3278 719 3359 requisita.
775 3279 873 3340 Vobis
904 3280 1000 3359 igitur
1033 3280 1195 3341 humiliter
1229 3280 1443 3360 supplicamus
1477 3287 1632 3360 quatenus

396 3386 480 3466 quod
515 3390 655 3446 vestrum
684 3389 734 3446 est
765 3384 799 3444 in
834 3384 894 3446 hac
924 3390 1015 3466 parte
1050 3385 1196 3466 supplere
1229 3385 1334 3446 velitis
1368 3405 1441 3445 cum
1468 3386 1573 3465 gracia
1600 3392 1632 3446 et

396 3490 511 3551 lavore.
969 3492 972 3499 '

396 3731 458 3792 Tha
485 3731 596 3792 Rector
623 3731 687 3791 arrd
711 3731 863 3809 turpasset
892 3732 928 3811 of
951 3732 1083 3793 Ludlow
1106 3731 1164 3793 calc
1197 3730 1303 3792 advioe
1324 3735 1409 3810 freta
1437 3731 1486 3792 iba
1512 3730 1630 3811 Bisliop

516 3832 551 3873 as
573 3819 602 3873 to
618 3812 667 3872 the
682 3812 785 3873 buricl
797 3814 833 3892 of
851 3813 993 3874 Riclmrd
1007 3812 1118 3890 Moyle,
1135 3832 1178 3873 aa
1191 3812 1403 3890 Aupuaticioa
1425 3812 1540 3883 Oarion,
1562 3812 1628 3873 who

518 3893 580 3953 had
611 3892 722 3955 boken
753 3892 802 3954 tis
833 3913 922 3966 oows,
953 3893 1017 3953 ond
1051 3892 1193 3953 obscatcd
1223 3892 1349 3973 himself
1373 3894 1428 3972 for
1456 3900 1513 3953 two
1541 3914 1629 3970 pccrr

509 3975 596 4054 from
617 3973 666 4035 tha
686 3972 799 4052 Prior-y
819 3975 854 4053 os
870 3974 1010 4035 Ludlow.
1054 3973 1146 4045 Thea,
1166 3973 1287 4052 secking
1308 3973 1491 4043 absolutiora
1510 3974 1546 4035 bc
1568 3974 1629 4034 had

515 4054 660 4115 returned
694 4061 723 4115 to
758 4055 888 4115 Lndlow
923 4062 953 4115 io
980 4055 1040 4124 dic,
1068 4054 1132 4114 aad
1158 4053 1236 4114 airh
1264 4053 1312 4115 his
1342 4054 1402 4115 luat
1431 4054 1537 4114 bream
1565 4054 1627 4115 hod

516 4135 917 4296 ffipsssbpjnppwiw
940 4135 1243 4296 roepcgetgrptoopuplla
1277 4134 1400 4213 ΜΨ,
1438 4134 1541 4196 which
1579 4136 1627 4197 the

477 4370 623 4430 Lrn‘rnas
656 4388 872 4431 nuaonssrun
906 4388 950 4430 nn
987 4370 1401 4432 Labdacus-Venerabili
1435 4372 1468 4431 in
1503 4372 1630 4434 Christo

394 4477 492 4548 Patri,
521 4476 647 4537 domino
673 4476 748 4547 Ade,
772 4482 841 4548 etc,
870 4476 919 4537 sui
940 4476 968 4537 si
988 4477 1092 4556 placet
1113 4476 1249 4538 humiles
1270 4481 1302 4538 at
1330 4477 1434 4539 devoti
1463 4476 1528 4550 filii,
1558 4478 1627 4538 bur·

394 4603 507 4663 gauses
534 4582 607 4644 ville
628 4583 667 4643 de
699 4582 873 4654 Lodalowa,
903 4582 1048 4654 salutem,
1075 4588 1134 4643 etc.
1189 4584 1302 4645 Vestra
1329 4583 1513 4664 paternitati
1541 4584 1628 4644 inno·

394 4694 495 4751 tescat
515 4689 598 4769 quod
623 4688 719 4749 irater
740 4688 894 4749 Ricardus
919 4688 1015 4767 Moyl‚
1039 4687 1123 4750 filius
1148 4688 1313 4771 cujusdam
1335 4688 1429 4750 vicini
1458 4690 1566 4761 nostri,
1592 4690 1630 4751 da

392 4796 502 4859 ordina
521 4796 622 4857 sancti
645 4795 822 4875 Augustini,
844 4795 933 4856 stetit
954 4795 987 4854 in
1008 4796 1116 4857 ordine
1138 4816 1195 4857 suo
1217 4796 1366 4858 continue
1387 4816 1443 4877 per
1464 4798 1508 4876 iiij
1528 4818 1627 4859 annos

393 4909 467 4983 post
501 4900 727 4981 professionem
770 4901 830 4961 rita
866 4900 992 4971 factam,
1035 4901 1148 4963 deinde
1182 4901 1222 4961 ab
1254 4902 1365 4963 ordine
1406 4922 1464 4963 suo
1497 4903 1631 4966 latenter

394 5006 540 5068 discessit
568 5026 625 5086 pro
655 5007 790 5085 quodam
826 5006 950 5080 delicto,
979 5012 1013 5069 et
1041 5007 1218 5070 absentavit
1251 5028 1285 5069 se
1315 5028 1372 5088 per
1402 5009 1564 5070 biennium
1598 5018 1631 5073 et

394 5112 530 5192 amplius
558 5111 668 5173 ordine
697 5132 763 5173 suo.
819 5114 935 5173 Postea
964 5114 1055 5175 rediit
1084 5115 1124 5175 ad
1152 5114 1390 5187 conscienciam,
1425 5122 1458 5177 at
1485 5120 1630 5197 generale
