3850 5917
420 693 480 751 380
794 694 974 773 Raetiam
1001 694 1066 756 Ado
1093 694 1131 755 de
1160 695 1284 755 &leton

249 920 306 959 &¹³-
323 921 378 960 ¹³“ffl-
420 919 593 979 sessionem
615 940 714 992 suam,
744 941 838 1001 quam
869 922 962 982 habet
987 922 1020 980 in
1048 922 1133 981 dicta
1156 920 1296 991 ecclesia,
1317 941 1450 1000 parvos
1477 927 1511 982 et
1534 929 1662 983 vestros

420 1024 460 1083 ad
493 1026 749 1103 procuracionem
779 1026 854 1086 dicti
883 1027 1024 1106 magistri
1059 1026 1190 1087 Henrici
1215 1026 1353 1088 indebite
1395 1026 1588 1087 molestastis
1626 1034 1663 1087 et

419 1128 628 1209 inquietastis,
650 1131 682 1190 in
711 1132 810 1211 ipsius
832 1132 950 1192 domini
976 1133 1133 1212 Radulphi
1155 1132 1371 1212 prejudicium,
1394 1133 1566 1212 dampnum
1591 1154 1659 1193 non

420 1234 587 1307 modicum,
616 1242 648 1297 et
679 1256 856 1317 gravamen.
909 1238 1002 1299 Unde
1030 1258 1068 1299 ex
1095 1244 1185 1317 parte
1209 1238 1308 1317 ipsius
1338 1237 1457 1297 domini
1486 1238 1659 1318 Radulphi,

420 1340 590 1401 sancientis
613 1361 646 1402 se
671 1362 708 1402 ex
731 1342 792 1403 hiis
807 1346 839 1402 et
858 1362 967 1405 eorum
991 1343 1131 1423 quolibet
1154 1363 1211 1421 per
1230 1362 1287 1403 vos
1306 1342 1444 1404 indebite
1468 1345 1659 1422 pregravari,

420 1445 459 1504 ad
476 1446 576 1506 dictas
599 1446 711 1507 Sedern
730 1453 762 1507 et
782 1447 907 1507 curiam
926 1447 1040 1519 extitit,
1061 1452 1096 1507 ut
1117 1448 1276 1517 asseritur,
1296 1447 1433 1525 legitime
1452 1448 1657 1527 appellatum.

420 1550 523 1624 Quare
547 1551 636 1612 vobis
665 1572 737 1612 cum
765 1573 802 1612 ea
830 1572 892 1632 qua
920 1554 1010 1613 decet
1034 1552 1212 1613 reverencia
1243 1551 1431 1623 inhibemus,
1456 1557 1489 1612 et
1516 1572 1573 1630 per
1600 1574 1660 1613 vos

420 1656 566 1717 omnibus
595 1662 627 1717 et
655 1657 787 1736 singulis
824 1657 937 1737 quibus
965 1658 1016 1737 jus
1041 1657 1136 1737 exigit
1163 1656 1296 1717 inhiberi
1325 1656 1479 1726 volumus,
1508 1662 1540 1717 et
1568 1678 1657 1717 man-

420 1761 531 1822 damns
566 1782 616 1847 ne,
651 1763 809 1841 pendente
848 1762 881 1821 in
926 1762 1020 1823 curia
1055 1762 1274 1823 cantuariensi
1309 1762 1489 1842 hujusmodi
1528 1761 1659 1823 tuitorie

420 1868 643 1947 appellacionis
680 1868 817 1947 negocio,
858 1868 1025 1949 quicquam
1063 1868 1123 1928 hac
1159 1869 1323 1929 occasione
1363 1868 1396 1927 in
1438 1868 1521 1929 dicte
1555 1869 1657 1947 partis

419 1973 607 2052 appellantis
628 1974 835 2053 prejudicium
861 1973 1059 2053 attemptatis
1080 1974 1129 2033 vel
1154 1978 1354 2053 attemptent‚
1380 1978 1450 2042 etc..
1485 1975 1657 2052 quominus

420 2079 549 2139 liberam
585 2079 699 2140 habeat
739 2079 961 2159 appeliacionis
1001 2099 1058 2140 sue
1102 2079 1367 2158 prosecucionem,
1400 2084 1493 2158 prout
1531 2080 1655 2157 justum

419 2185 513 2245 luerit
534 2185 705 2265 utriusqus.
751 2185 863 2246 Oitetis
886 2184 985 2246 eciam
1014 2206 1070 2245 seu
1091 2185 1180 2245 citari
1210 2184 1331 2245 faciatis
1352 2185 1563 2264 peremptorie
1585 2205 1656 2264 pre-

419 2292 538 2351 dictum
575 2292 759 2370 magistrum
796 2291 971 2352 Henricum
999 2291 1083 2371 quod
1111 2295 1290 2370 compareat
1331 2310 1435 2350 coram
1474 2290 1566 2350 nobis
1600 2298 1658 2351 aut

420 2395 481 2456 alio
510 2396 593 2456 dicte
621 2395 713 2456 curie
744 2396 923 2475 presidente
956 2395 991 2454 in
1018 2394 1150 2455 ecclesia
1171 2393 1262 2455 beate
1287 2394 1387 2454 Mario
1415 2394 1454 2454 de
1483 2394 1656 2455 Aldemari-

420 2501 555 2572 chirche,
578 2502 759 2573 Londoniis,
789 2507 900 2581 quarto
930 2501 981 2561 die
1001 2501 1134 2580 juridico
1155 2504 1228 2579 post
1258 2500 1375 2560 festum
1403 2500 1505 2560 salicti
1533 2500 1654 2569 Jacobi,

420 2609 452 2667 in
485 2608 568 2667 dicto
600 2607 727 2667 tuitorie
762 2606 985 2686 appeliacionis
1011 2606 1141 2685 negocio
1169 2625 1381 2685 processurus,
1410 2610 1469 2666 etc.
1533 2606 1583 2666 De
1604 2606 1657 2666 die

420 2732 493 2773 vero
525 2712 725 2791 recepcionis,
757 2719 816 2772 etc.
874 2712 994 2771 Datum
1032 2710 1213 2781 Londoniis,
1244 2710 1303 2788 iiij⁰
1331 2709 1413 2770 Non.
1448 2710 1534 2781 Julii,
1570 2732 1657 2771 anno

420 2818 548 2879 Domini
571 2818 737 2879 millesimo
764 2817 1019 2897 M⁰ccc⁰xxviij⁰.

500 2948 674 3027 Receptum
709 2946 769 3006 luit
797 2946 883 3006 istud
918 2945 1103 3005 mandatum
1141 2945 1225 3024 apud
1257 2944 1496 3017 Gloucestriam,
1525 2947 1569 3005 ix⁰
1603 2949 1654 3008 die

418 3054 504 3115 Julii.

418 3296 494 3373 July
523 3294 658 3355 5.-Tlrc
684 3294 778 3354 cocart
802 3294 837 3371 of
856 3292 1056 3370 Cauterium,
1082 3291 1196 3369 having
1219 3292 1384 3353 damasci
1408 3293 1457 3353 the
1480 3294 1592 3373 cppecl
1618 3296 1654 3373 of

539 3375 645 3517 sso‘lplts
660 3375 701 3516 gp
717 3373 1013 3515 moverit-{lareowas
1036 3374 1084 3434 the
1104 3373 1249 3433 mndata
1256 3372 1440 3453 forbiddieq
1462 3377 1512 3435 tte
1531 3375 1651 3454 Bicltop

499 3608 676 3670 Venerabili
701 3608 734 3667 in
759 3607 885 3668 christo
911 3606 1003 3686 patri,
1032 3605 1159 3667 domino
1185 3607 1260 3677 Ade,
1285 3612 1355 3677 etc,
1380 3607 1531 3669 Officialis
1559 3608 1653 3671 curie

418 3714 652 3775 cantuariensis
677 3732 733 3790 per
754 3711 894 3772 Priorem
922 3715 954 3771 et
978 3710 1159 3789 Capitulum
1184 3710 1315 3771 ecclesie
1347 3710 1464 3771 Christi
1486 3713 1650 3773 cantuari·

416 3820 510 3889 ensis,
541 3818 620 3879 Sede
649 3817 868 3878 cantuariensi
897 3821 1039 3886 vacante,
1060 3816 1262 3888 constitutus,
1293 3816 1438 3888 salutem,
1467 3824 1527 3877 etc.
1570 3820 1651 3880 cnm

416 3945 475 3985 nos
497 3925 529 3983 in
550 3923 678 3983 tuitorie
698 3922 920 4001 appellncionis
942 3920 1072 4000 negocio
1095 3920 1178 3998 quod
1200 3919 1348 3981 incuria
1367 3920 1547 3981 vertebatur
1562 3932 1650 3985 ante

417 4032 501 4091 dicta
523 4030 605 4089 inter
625 4028 788 4088 dominum
813 4025 1016 4105 Radulphum
1045 4025 1084 4085 de
1112 4024 1316 4103 Wyndesore,
1332 4025 1499 4085 Rectorem
1520 4027 1652 4089 ecclesie
1734 4106 1740 4115 .

416 4138 455 4197 de
479 4136 707 4215 Tredyngtone,
736 4139 841 4195 vestre
862 4133 1004 4203 diocesis,
1038 4152 1073 4192 se
1096 4131 1336 4210 pretendentem
1357 4138 1489 4210 partem,
1518 4139 1555 4193 ut
1578 4153 1650 4213 sug-

415 4242 588 4322 gerebatur,
624 4240 844 4320 appellantem,
879 4259 917 4299 ex
952 4244 1043 4317 parte
1077 4257 1150 4307 una,
1186 4243 1219 4297 et
1251 4237 1436 4315 magistrum
1474 4238 1649 4300 Henricum

416 4350 455 4409 de
489 4347 634 4417 Cliitona
666 4350 790 4425 partem
827 4344 1027 4424 appellatam,
1065 4362 1103 4403 ex
1141 4343 1248 4413 altera,
1277 4342 1416 4422 legitime
1443 4346 1650 4422 procedentes

416 4455 517 4533 ipsam
551 4456 673 4532 partem
701 4452 890 4531 appellatam
923 4469 981 4528 pro
1012 4468 1050 4510 eo
1080 4448 1165 4527 quod
1193 4467 1266 4527 pars
1301 4448 1462 4527 appellans
1491 4452 1652 4513 antedicta

415 4580 503 4621 suam
540 4557 785 4637 appeliacionem
827 4557 859 4615 in
888 4556 946 4615 hac
985 4559 1074 4634 parte
1112 4560 1292 4634 suggestam
1329 4553 1519 4625 nullatenus,
1555 4566 1649 4635 prout

354 4718 358 4724 .
416 4665 532 4735 debuit,
564 4664 658 4724 fuerit
686 4668 880 4743 prosecutus,
916 4660 955 4721 ab
985 4659 1127 4721 examine
1155 4661 1237 4721 dicte
1268 4660 1360 4721 cnrie
1388 4662 1501 4723 merito
1528 4664 1649 4726 duxeri-

416 4790 487 4831 mus
508 4770 737 4840 dimittendam,
765 4767 947 4849 paternitati
977 4772 1081 4827 vestre
1109 4772 1217 4826 tenore
1244 4766 1442 4844 presencium
1465 4767 1650 4831 intimamus

416 4875 508 4956 quod,
537 4895 723 4954 quacunque
760 4874 950 4935 inhibicione
979 4894 998 4932 a
1026 4872 1121 4934 curia
1155 4870 1374 4933 cantuariensi
1402 4873 1562 4935 antedicta
1590 4878 1651 4937 sub

417 4984 490 5043 data
519 4982 700 5053 Londoniis,
730 4992 782 5042 xv⁰
804 4980 873 5041 Kal.
906 4980 1031 5060 Aprilis,
1054 4998 1137 5040 anno
1162 4978 1291 5038 Domini
1326 4977 1569 5060 M⁰ccc⁰xxvij⁰,
1591 4982 1651 5042 im·

416 5096 548 5169 patrata,
569 5096 601 5150 et
622 5089 710 5150 vobis
735 5088 853 5150 directa
876 5107 940 5148 non
964 5086 1120 5156 obstante,
1142 5084 1238 5146 libere
1260 5083 1405 5164 poteritis
1432 5087 1543 5165 exequi
1563 5092 1650 5169 qnod
