3850 5917
674 696 825 777 Episcopi
851 697 1095 777 Hcresordcncis.
1461 701 1500 760 25

121 934 166 975 Μ)-
179 934 227 973 ¹³¹⁷·
264 922 463 1003 quarundam
483 922 600 985 ibidem
624 922 750 984 racione
773 922 951 983 vocacionis
972 922 1084 984 ultime
1109 923 1193 984 sedis
1216 928 1321 985 vestre
1344 922 1503 1004 pertinere

265 1028 434 1091 didicimus
453 1028 621 1101 emanavit,
638 1028 776 1091 voluisse
791 1028 1009 1090 resistencism
1025 1029 1179 1101 intulisse,
1197 1028 1368 1091 affectuose
1384 1031 1501 1111 recepi·
1563 1100 1566 1105 ,

264 1155 346 1209 mus,
368 1135 492 1198 curiose
511 1135 711 1217 perlegimus,
734 1139 766 1197 et
787 1136 937 1197 memorie
957 1136 1248 1197 commendavimus
1269 1137 1501 1198 continenciam

264 1243 437 1305 earundem
458 1262 515 1322 per
535 1263 639 1323 quam,
661 1247 693 1304 et
714 1242 775 1303 alis
796 1242 1028 1303 fructuosorum
1049 1262 1180 1322 operum
1196 1243 1313 1323 judicia
1333 1243 1500 1323 preceden-

264 1348 314 1409 cia
333 1349 488 1410 veraciter
503 1349 713 1421 attendentes,
735 1349 969 1429 suggestionem
988 1349 1170 1430 hujusmodi
1188 1370 1294 1411 carere
1311 1348 1502 1411 adminiculo

265 1454 419 1526 veritatis,
454 1458 487 1515 et
515 1460 654 1516 vestram
689 1454 902 1516 sinceritatem
932 1454 973 1515 sd
1007 1475 1045 1516 ea
1078 1475 1140 1534 que
1170 1454 1271 1516 nostri
1305 1459 1337 1516 et
1371 1453 1502 1516 ecclesie

265 1565 374 1621 nostre
399 1560 536 1621 honores
560 1564 593 1621 et
620 1560 786 1621 commoda
809 1560 983 1639 respiciunt
1007 1560 1146 1640 aspirare
1169 1560 1261 1621 nobis
1284 1559 1316 1619 in
1342 1560 1404 1621 fide
1427 1580 1502 1621 vera

266 1667 445 1739 didicimus,
467 1667 551 1747 quod
572 1666 650 1727 illud
671 1666 754 1727 idem
775 1666 814 1728 de
843 1666 934 1727 nobis
955 1671 1139 1728 constanter
1159 1672 1267 1728 tenere
1286 1667 1404 1747 poterit
1424 1666 1504 1729 fides

265 1776 379 1833 vestra.
422 1771 546 1833 Vestris
566 1776 673 1832 autem
687 1770 854 1834 affectibus
874 1770 1061 1832 dilacionem
1075 1770 1208 1851 petitam
1229 1792 1324 1852 super
1336 1772 1504 1835 exaccione

265 1876 471 1957 provencium
491 1876 713 1957 predictorum,
735 1897 835 1957 usque
866 1897 928 1957 quo
952 1876 1088 1938 invicem
1119 1878 1304 1940 exbillarare
1334 1898 1393 1939 nos
1428 1898 1500 1939 con-

265 1984 368 2063 tinget
389 1988 501 2043 mutuo
521 1982 677 2062 colloquio
701 1986 734 2044 et
765 1986 904 2062 aspectu,
925 1980 1094 2043 liberaliter
1115 1983 1324 2045 concedentes
1344 1984 1384 2044 sd
1404 1982 1503 2045 vestri

266 2089 533 2170 complacenciam
554 2088 677 2150 litteras
697 2093 823 2150 nostras
843 2088 932 2149 vobis
956 2088 1114 2149 mittimus
1134 2088 1293 2149 executori
1316 2093 1426 2150 nostro
1451 2089 1502 2149 cui

264 2196 298 2255 in
322 2196 384 2256 hac
407 2200 498 2275 parte
529 2194 714 2255 mandatum
749 2198 894 2254 nostrum
927 2212 1029 2272 nuper
1057 2192 1262 2254 direxerimus
1289 2193 1500 2273 porrigendas.

263 2301 308 2361 Et
339 2300 416 2381 quia
441 2305 572 2380 propter
601 2299 737 2379 quedam
767 2298 918 2359 mandata
947 2318 1009 2378 que
1036 2318 1056 2358 a
1083 2298 1211 2359 domino
1239 2303 1349 2360 nostro
1377 2319 1503 2362 summo

264 2406 422 2468 Pontifice
452 2405 574 2467 vicibus
605 2404 781 2485 recepimus
812 2404 1009 2475 successivis,
1039 2409 1072 2465 et
1099 2409 1228 2485 propter
1254 2425 1397 2467 rumores
1424 2406 1504 2467 alios

264 2512 427 2574 mirandos
443 2510 498 2593 qui
518 2512 615 2573 etiam
635 2509 828 2591 inpartibus
848 2509 1018 2575 borialibus
1039 2515 1244 2582 emerseumt,
1265 2530 1324 2571 nos
1344 2510 1502 2591 oportebit

265 2618 442 2681 confratres
466 2623 499 2679 et
523 2616 725 2697 coepiscopos
749 2620 875 2677 nostros
895 2615 1020 2677 noviter
1042 2636 1224 2689 convocare,
1248 2616 1282 2676 in
1303 2636 1366 2697 quo
1386 2622 1504 2678 eventu

268 2725 405 2787 invicem
425 2728 561 2785 tractare
581 2722 756 2803 poterimus
777 2722 815 2783 de
836 2722 1009 2802 premissis,
1029 2742 1094 2783 non
1114 2726 1240 2802 oportet
1259 2722 1342 2802 quod
1363 2722 1501 2803 aliquam

265 2829 371 2891 medio
391 2833 535 2908 tempore
549 2828 623 2888 inde
643 2832 749 2889 vestro
769 2826 893 2887 faciatis
908 2825 1047 2906 capitulo
1062 2826 1270 2887 mencionem.
1311 2826 1352 2886 In
1373 2827 1501 2889 Christo
1559 2818 1571 2838 '

266 2934 407 2996 Domino
431 2938 464 2995 et
488 2933 556 3013 ejus
581 2938 682 2994 matre
708 2931 838 3012 Virgine
868 2930 1003 3011 gloriose
1025 2931 1159 2993 feliciter
1184 2931 1326 2993 valeatis.
1381 2933 1501 2994 Datum

263 3043 346 3123 apud
369 3040 557 3113 lambetha
579 3040 628 3100 Id.
651 3039 853 3120 Septembris,
875 3059 958 3099 anno
983 3038 1113 3099 Domini
1134 3038 1358 3119 M0000⁰xvija

263 3284 346 3365 Sept.
370 3282 669 3345 Ide-Commium
693 3282 778 3363 from
806 3282 855 3344 ibe
885 3280 1078 3361 Arcbbishop
1109 3288 1138 3343 to
1170 3281 1219 3342 tta
1245 3281 1443 3343 Arcbdeocon
1469 3282 1506 3363 of

387 3363 542 3505 Haresord
564 3370 593 3425 to
617 3363 750 3443 respond
777 3363 826 3425 the
847 3362 1005 3424 collection
1026 3363 1062 3443 of
1080 3362 1130 3424 the
1155 3362 1407 3443 Archiepa'scopol
1425 3363 1500 3425 dms

385 3445 459 3507 emti
485 3444 612 3525 further
631 3444 738 3505 colica.

343 3588 528 3651 Ooumssro
579 3604 698 3647 nomm
749 3586 1004 3647 Ascsrnrrscorr
1059 3585 1322 3647 Ossuummssrs
1373 3603 1501 3648 sonmo

262 3694 513 3755 Anosmmcouo
537 3692 799 3753 Huanrosnursr
832 3692 1155 3764 reoda—Walterus,
1186 3697 1256 3764 etc,
1288 3692 1403 3753 dilecto
1433 3692 1501 3753 filio

262 3800 503 3871 Archidiacouo,
539 3798 683 3871 salutem,
715 3803 774 3860 etc.
823 3798 979 3860 Volumus
1009 3804 1043 3859 et
1070 3798 1258 3859 mandamus
1278 3797 1428 3877 quatinus
1459 3798 1500 3859 ab

262 3907 431 3970 exaccione
451 3905 596 3967 iacienda
615 3904 775 3966 fructuum
796 3909 828 3966 et
846 3909 1059 3985 proventuum
1080 3904 1276 3984 quarundam
1297 3904 1501 3965 ecclesiarum

264 4012 399 4075 diocesis
421 4010 674 4083 Hereiordensis,
699 4030 779 4090 quos
798 4010 923 4071 racione
943 4009 1121 4071 vacacionis
1141 4008 1281 4090 ipsarum
1301 4009 1370 4089 jure
1390 4015 1501 4071 nostro

261 4124 434 4197 nostreque
468 4115 600 4178 ecclesie
626 4135 683 4195 per
711 4135 768 4176 vos
796 4135 898 4195 nuper
925 4115 966 4176 ad
994 4135 1074 4196 opus
1104 4119 1249 4176 nostrum
1280 4114 1383 4195 colligi
1410 4135 1498 4175 man·

262 4226 410 4287 devirnus
438 4229 472 4285 et
502 4221 609 4294 levari,
633 4221 865 4301 supersedeatis
884 4222 1015 4283 omnino
1045 4241 1209 4302 quousque
1238 4241 1258 4282 a
1291 4220 1383 4282 nobis
1414 4221 1499 4282 uliud

262 4329 447 4411 receperitis
488 4328 522 4387 in
551 4327 718 4388 mandatis.
773 4326 894 4388 Vslete.
950 4327 1071 4387 Datum
1109 4326 1194 4406 apud
1228 4325 1414 4398 lambetha
1449 4324 1499 4386 Id.

263 4432 470 4517 Septembris,
492 4452 576 4493 anno
596 4431 725 4492 Domini
753 4430 920 4493 millesimo
941 4430 1117 4511 oocuvija

264 4680 345 4742 Jurrc
365 4676 625 4741 5.-Iustilulioo
645 4674 699 4755 (ty
715 4675 763 4736 the
777 4673 969 4755 Arcbbiehop
989 4674 1025 4754 of
1043 4674 1244 4752 Conterbory,
1264 4674 1339 4735 sede
1351 4675 1501 4754 vacante)

385 4760 492 4903 iomiss
509 4754 948 4916 Zwfflppmlldiostorwortb
979 4756 1015 4835 os
1035 4754 1176 4816 Williom
1195 4754 1233 4815 de
1254 4754 1411 4833 Taenara,
1428 4774 1500 4835 pre·

341 4996 536 5057 Iusmrucro
580 4992 745 5053 Ruoroms
790 5008 835 5052 ou
882 4990 1384 5063 Muxsuauwoaus.—Welterus,
1425 4996 1496 5064 etc,

262 5103 378 5166 dilecto
411 5102 446 5162 in
479 5098 605 5161 Christo
635 5098 710 5170 filio,
742 5097 901 5160 Willelmo
935 5099 975 5161 de
1008 5098 1171 5179 Tunneylr,
1195 5096 1317 5169 clerico,
1351 5097 1496 5171 salutem,
