3850 5917
407 681 467 742 136
780 680 960 759 Rectam
987 677 1053 742 Aria
1079 677 1116 742 dc
1146 680 1269 742 Orlaton

237 913 295 955 ΑΒ·
310 913 366 954 ¹³²⁰·
409 905 622 986 quampluries
649 905 843 986 temporibus
877 905 1051 977 retroactis,
1084 905 1168 986 quod
1205 926 1277 968 reus
1311 925 1376 967 non
1411 905 1531 968 babens
1559 907 1643 967 unde

408 1009 474 1072 litis
509 1031 605 1072 onera
642 1015 834 1091 agnosceret,
862 1008 912 1071 vel
945 1029 1003 1089 pro
1032 1029 1066 1071 se
1093 1009 1278 1072 alimentum
1305 1011 1466 1090 reciperet,
1501 1010 1643 1072 omnium

410 1137 515 1178 rerum
543 1136 671 1177 suerum
708 1116 879 1177 destitutus
906 1115 1023 1176 auxilio
1051 1134 1178 1176 causam
1208 1135 1299 1176 suam
1326 1115 1400 1177 licet
1434 1116 1643 1195 justissimam

407 1222 559 1293 deserere,
588 1225 620 1282 et
641 1219 827 1282 beneficium
855 1239 958 1291 suum,
988 1219 1021 1279 in
1048 1241 1111 1301 quo
1140 1220 1204 1281 vita
1231 1241 1289 1282 sua
1316 1222 1470 1295 consistit,
1499 1223 1644 1284 amittere

411 1327 553 1389 totaliter
573 1332 622 1388 est
646 1327 837 1407 compulsus,
861 1346 898 1388 ac
928 1326 963 1385 in
994 1325 1068 1387 cleri
1099 1326 1284 1406 obprobium
1312 1327 1531 1390 miserabiliter
1557 1333 1642 1408 post-

409 1433 539 1494 modum
560 1432 747 1493 mendicare.
790 1432 859 1507 Que
880 1431 1008 1511 quidem
1029 1436 1096 1491 tem
1116 1451 1246 1494 erronea
1266 1437 1394 1514 temque
1413 1435 1492 1515 juris
1511 1434 1643 1515 equitati

410 1537 567 1599 contraria
587 1538 732 1599 tollerare
752 1535 884 1598 ulterius
905 1557 970 1597 non
988 1536 1139 1608 valentes,
1161 1540 1430 1618 sequestraciones
1446 1539 1645 1602 omnimodas

409 1663 468 1722 per
493 1662 550 1704 voe
577 1643 627 1704 vel
662 1643 795 1703 alterum
822 1646 964 1704 vestrum
992 1647 1048 1702 aut
1074 1647 1196 1704 vestros
1224 1645 1455 1708 commissarios
1483 1666 1539 1708 seu
1560 1665 1644 1707 com-

411 1747 592 1810 missarium
614 1747 647 1808 in
675 1749 745 1828 ipsa
769 1747 873 1819 Curia,
897 1747 959 1810 nisi
984 1748 1018 1807 in
1039 1749 1143 1810 causis
1167 1749 1200 1808 in
1221 1751 1290 1829 jure
1311 1751 1475 1831 expressis,
1496 1753 1546 1814 vel
1568 1753 1646 1814 alias

411 1854 574 1916 evidenter
607 1854 711 1926 licitis,
742 1854 782 1915 de
816 1859 921 1916 cetero
955 1853 1023 1916 fieri
1061 1855 1271 1935 prohibemus.
1327 1857 1371 1918 Et
1405 1877 1478 1918 cum
1514 1857 1646 1920 imineet

407 1959 620 2039 sequestracio
641 1959 746 2021 taliter
766 1964 802 2020 ut
822 1959 995 2039 predicitur
1014 1958 1165 2032 faciende,
1186 1961 1231 2022 sic
1250 1982 1320 2024 eam
1338 1963 1528 2044 precipimus
1550 1964 1645 2025 inter-

410 2065 494 2144 poni,
522 2070 559 2125 ut
590 2065 684 2127 Ourie
713 2065 947 2145 presidentibus
975 2051 1022 2125 in¹
1046 2065 1132 2126 nullo
1163 2086 1302 2146 unquem
1332 2089 1407 2130 casu
1438 2069 1644 2149 applicentur,

409 2176 459 2232 set
483 2171 567 2250 parti
585 2171 743 2232 evincenti
767 2176 823 2232 aut
846 2171 876 2232 ei
894 2171 946 2232 cui
970 2171 1124 2234 debentur
1144 2172 1183 2235 de
1206 2174 1275 2252 jure
1294 2173 1413 2253 integre
1437 2179 1644 2248 reserventur,

415 2278 503 2339 salva
520 2277 669 2357 porcione
689 2277 771 2357 parti
792 2297 845 2339 ree
863 2297 921 2357 pro
940 2277 1058 2349 litibus,
1081 2279 1268 2359 sumptibus,
1289 2283 1321 2340 et
1342 2279 1489 2340 alimonie
1507 2279 1646 2359 legitime

410 2384 600 2464 assignanda
627 2403 665 2444 ex
693 2383 840 2454 decreto;
872 2403 937 2444 non
965 2383 1112 2445 obstante
1143 2385 1299 2445 contrarie
1330 2385 1557 2446 consuetudine
1585 2405 1647 2465 que

414 2489 447 2549 in
476 2489 545 2568 ipse
573 2489 668 2550 Curia
695 2488 849 2550 hactenus
876 2488 1042 2569 diligenter
1066 2489 1257 2560 observatur,
1283 2509 1377 2570 quem
1406 2494 1557 2571 tanquam
1583 2491 1646 2571 juri

409 2594 600 2656 contrariam
634 2594 744 2673 pocius
774 2599 958 2673 reputamus
989 2594 1209 2674 corruptelam,
1244 2595 1326 2656 sicut
1353 2595 1392 2656 de
1421 2596 1490 2675 jure
1521 2595 1647 2657 debebit

413 2699 527 2759 merito
562 2697 709 2778 reputari.
761 2698 980 2760 Protestamur
1008 2699 1138 2779 insuper
1164 2700 1256 2780 quod,
1278 2700 1492 2780 oportunitate
1519 2707 1648 2780 captata

411 2802 601 2883 quamcitius
621 2802 805 2883 poterimus,
826 2807 892 2862 tam
914 2803 1089 2883 superbiis
1108 2823 1201 2884 quam
1223 2803 1336 2865 ceteris
1358 2803 1391 2863 in
1411 2803 1520 2865 eadem
1539 2803 1646 2866 visita·

410 2907 500 2970 cione
529 2907 698 2988 compertis
726 2926 783 2987 pro
814 2906 920 2967 debita
947 2907 1143 2969 correccione
1170 2907 1341 2968 eorundem
1372 2907 1514 2988 diligenti
1541 2909 1647 2970 studio

411 3032 523 3075 vacare
550 3012 753 3083 intendimus,
775 3017 808 3072 et
828 3031 874 3082 ec,
897 3010 938 3072 ad
961 3011 1087 3073 leudem
1111 3012 1172 3072 Dei
1196 3016 1228 3072 et
1251 3011 1402 3073 honorem
1427 3011 1519 3073 Gurie
1538 3017 1647 3073 nostre

411 3117 561 3198 predicte,
592 3118 698 3178 Deum
725 3116 827 3178 solum
855 3136 911 3196 pre
938 3116 1038 3177 oculis
1073 3115 1236 3187 hebentes,
1268 3121 1362 3197 prout
1388 3116 1510 3197 justum
1542 3115 1646 3189 inerit,

409 3223 588 3285 reformare.
631 3223 703 3283 Hoc
731 3226 837 3282 cutem
864 3227 1009 3283 nostrum
1038 3222 1221 3283 mandatum
1246 3221 1279 3281 in
1308 3221 1402 3284 Curis
1425 3228 1535 3284 nostra
1558 3228 1645 3284 ente-

410 3331 496 3391 dicta
515 3329 547 3389 in
565 3326 728 3409 presencie
747 3327 892 3388 videlicet
911 3327 1143 3397 advocatorum,
1163 3331 1409 3406 procuratorum,
1425 3333 1457 3388 et
1471 3333 1646 3390 ceterorum

411 3436 628 3497 ministrorum
657 3433 750 3496 Gurie
784 3453 841 3513 per
874 3452 931 3494 vos
958 3431 1008 3493 vel
1032 3431 1166 3494 alterum
1200 3437 1340 3494 vestrum
1367 3433 1513 3494 volumus
1537 3454 1645 3514 quem-

411 3542 509 3604 cicius
551 3539 711 3621 publicari.
753 3539 803 3599 De
838 3538 889 3599 die
929 3557 1005 3598 vero
1043 3537 1234 3616 recepcionis
1268 3538 1465 3616 presencium
1503 3543 1536 3600 et
1571 3539 1647 3619 quid

411 3647 549 3709 feceritis
578 3646 611 3705 in
637 3643 800 3724 premissis
827 3663 886 3704 nos
914 3642 997 3703 inira
1023 3641 1202 3723 quindecim
1226 3641 1293 3704 dies
1324 3663 1343 3702 a
1371 3647 1511 3722 tempore
1539 3663 1643 3724 recep-

411 3753 512 3816 cionis
546 3751 757 3813 numerandos
791 3750 908 3811 curetis
942 3750 1071 3810 reddere
1105 3749 1262 3820 certiores,
1297 3748 1347 3810 vel
1382 3749 1532 3810 certificet
1563 3769 1646 3811 unus

412 3865 554 3921 vestrum
584 3877 641 3939 per
670 3863 793 3918 vestras
820 3860 966 3936 patentes
997 3855 1118 3916 litteras
1146 3854 1258 3915 barum
1297 3855 1409 3916 seriem
1437 3855 1644 3917 continentes.

413 3967 533 4026 Datum
563 3964 646 4044 apud
676 3964 862 4034 Lamhethe,
892 3962 939 4042 iij⁰
967 3961 1037 4022 Kal.
1070 3959 1211 4041 Augusti,
1237 3980 1320 4021 enno
1348 3959 1476 4021 Domini
1508 3961 1648 4023 M00000

412 4071 572 4134 vicesimo.

414 4327 493 4405 Aug.
521 4323 657 4385 s-Tha
687 4323 806 4403 Bishop
833 4321 1041 4384 cornmiesr'ons
1072 4321 1120 4382 the
1150 4320 1270 4399 Official
1295 4327 1327 4408 =to
1354 4320 1478 4399 anquira
1504 4321 1570 4383 into
1599 4323 1648 4384 the

536 4426 604 4466 caea
625 4406 660 4484 of
682 4405 797 4465 Walter
818 4403 855 4464 de
875 4402 1046 4472 Mortimer,
1068 4403 1179 4463 Rector
1200 4401 1235 4480 of
1254 4402 1430 4480 Kenestone,
1453 4401 1525 4474 und,
1549 4403 1580 4482 if
1599 4404 1649 4465 tha

531 4488 617 4567 scote
641 4506 694 4546 are
713 4485 838 4564 weced,
864 4491 892 4544 to
916 4489 1009 4563 grant
1035 4483 1100 4542 him
1124 4483 1223 4542 lettere
1249 4482 1443 4542 tastinwnicl.

497 4657 677 4718 Gouurssro
699 4673 742 4714 sn
773 4670 971 4713 memnorsu
991 4651 1156 4712 Rncrorus
1178 4668 1220 4710 nu
1243 4651 1557 4724 Krrrousmuu-A,
1578 4659 1648 4726 etc,

415 4763 531 4826 dilecto
560 4761 634 4834 filio,
666 4759 800 4822 Officieli
830 4764 949 4831 nostro,
981 4757 1125 4828 sulutem,
1156 4761 1215 4817 ete.
1272 4756 1320 4817 Ad
1351 4755 1582 4818 admittendum
1616 4759 1650 4819 in

418 4869 520 4930 forme
556 4866 635 4947 juris
669 4871 702 4927 et
729 4863 972 4925 examinandum
1014 4866 1112 4923 testes
1138 4881 1218 4942 quos
1245 4861 1392 4922 dominus
1420 4861 1579 4925 Walterus
1611 4865 1651 4927 de

416 4973 668 5044 Mortumomari,
700 4971 817 5033 Rector
846 4969 978 5032 ecclesie
1007 4969 1046 5030 de
1074 4967 1278 5047 Kyngestone
1305 4973 1412 5029 nostre
1439 4967 1582 5040 diocesis,
1610 4971 1650 5032 ad

416 5079 614 5161 probandum
637 5075 908 5158 dispensacionem
936 5095 1026 5137 suem
1048 5093 1142 5154 quem
1163 5071 1301 5152 optinuit
1321 5093 1340 5135 a
1369 5073 1448 5134 Sede
1470 5072 1652 5154 Apostolica
