3850 5917
402 662 442 723 20
774 663 952 743 Ropietrum
979 663 1045 723 Ado
1072 663 1109 723 de
1138 662 1262 723 Orleton

232 892 290 931 M)-
304 892 360 932 ¹³¹⁷·
403 888 505 949 doniis
525 889 660 968 persolvi
688 889 800 959 veleet,
832 895 881 976 ut¹
898 889 1075 960 mandatur,
1107 890 1191 969 quod
1221 889 1331 969 utique
1361 888 1439 950 setis
1471 890 1636 951 commode

401 993 469 1054 fieri
490 994 614 1074 poterit,
636 1013 709 1054 cum
729 994 909 1074 hujusmodi
927 994 1110 1073 procuracio
1128 1014 1193 1055 non
1214 994 1256 1054 sit
1277 994 1472 1055 solventibus
1492 1014 1635 1055 onerose.

401 1100 555 1161 Volumus
577 1106 682 1161 nutem
704 1102 788 1179 quod
806 1101 886 1161 citrs
906 1100 990 1161 diem
1005 1099 1205 1161 Dominicsm
1225 1100 1400 1179 proximam
1413 1106 1487 1180 post
1511 1100 1636 1162 instans

402 1204 518 1265 festum
553 1206 655 1265 suncti
687 1206 809 1266 Methei
840 1204 983 1285 Apostoli
1017 1225 1075 1284 per
1104 1205 1241 1285 aliquem
1279 1204 1318 1266 de
1345 1211 1503 1267 conventu
1530 1211 1637 1267 vestro

402 1329 497 1389 super
517 1310 577 1370 hoc
598 1310 789 1371 sufficienter
809 1311 999 1371 instructum
1024 1312 1063 1372 de
1084 1310 1265 1371 nominibus
1285 1330 1351 1371 non
1371 1311 1574 1383 solvencium,
1602 1318 1638 1373 et

402 1415 536 1494 qualiter
556 1415 589 1475 in
618 1416 804 1477 execucione
833 1416 929 1495 hujus
958 1416 1100 1477 mundati
1129 1435 1312 1495 processum
1336 1416 1439 1487 fuerit,
1474 1436 1533 1478 nos
1567 1417 1636 1478 ubl-

401 1540 525 1601 cunque
546 1526 622 1581 tunc
643 1521 675 1581 in
707 1527 816 1583 nostru
836 1521 953 1583 diocesi
988 1521 1139 1585 fuerimus
1167 1521 1284 1582 curetis
1314 1522 1443 1583 reddere
1471 1523 1633 1583 cerciores.

401 1626 521 1686 Datum
546 1626 629 1706 apud
651 1627 827 1706 Edyndone
848 1628 869 1707 ij
892 1627 943 1688 die
964 1626 1082 1689 mensis
1104 1626 1307 1706 Septembris.

401 1919 483 1999 Sept.
508 1919 644 1980 e-The
668 1919 796 1999 Bishop,
821 1920 924 1998 actiop
948 1940 989 1980 on
1012 1940 1033 1980 a
1057 1919 1142 1981 letter
1159 1920 1245 1999 from
1270 1919 1318 1980 the
1342 1919 1427 1999 Kinq
1450 1920 1568 2000 (whr'oh
1596 1920 1632 1981 lte

521 2007 623 2079 quotes
649 2000 684 2061 in
708 2000 853 2081 Francis),
878 2001 1026 2062 imtructe
1052 2002 1100 2061 tho
1122 2001 1212 2061 Deos
1234 2000 1299 2061 ared
1325 2000 1458 2080 Chapter
1479 2002 1515 2081 of
1536 2000 1631 2062 Here-

515 2081 590 2223 illd
602 2088 745 2222 StpOtproy
764 2082 819 2161 for
842 2103 863 2142 o
886 2082 1051 2161 successful
1077 2081 1159 2142 issue
1189 2088 1217 2142 to
1247 2081 1295 2141 tlte
1319 2081 1483 2161 campaign
1506 2082 1632 2160 oqaircet

482 2317 665 2377 Oouurssro
686 2334 747 2377 ruo
769 2336 984 2379 ousororusus
1005 2327 1258 2378 rsc1sso1srso
1274 2317 1369 2378 Ruou
1391 2335 1489 2378 rruso
1510 2336 1635 2379 vuusus

401 2424 544 2485 Soorniu
566 2444 607 2484 ur
626 2442 709 2484 runs
730 2442 918 2485 susurrone
938 2442 1044 2485 urnuu
1064 2424 1398 2495 morerere-Adam,
1418 2430 1487 2496 etc,
1506 2444 1635 2486 venerc-

399 2528 513 2590 bilibus
535 2529 609 2590 viris
630 2529 765 2609 filiisque
786 2530 819 2589 in
841 2529 968 2590 Christo
989 2530 1111 2591 dilectis
1136 2529 1272 2590 dominis
1294 2530 1422 2591 Decsno
1443 2534 1476 2590 et
1496 2530 1635 2609 capitulo

399 2636 530 2696 ecclesie
550 2640 657 2695 nostre
682 2635 923 2696 Herefordeneis
944 2634 1088 2706 sulutem,
1114 2639 1173 2695 etc.
1226 2635 1365 2696 Litteras
1392 2635 1511 2695 domini
1533 2636 1634 2696 nostri

400 2742 495 2821 Regis
520 2741 553 2800 in
577 2740 681 2801 verbis
716 2741 845 2802 Gallicis
873 2740 1049 2820 recepimus
1076 2740 1109 2799 in
1130 2739 1190 2801 hec
1217 2739 1330 2801 verbs:
1363 2740 1500 2801 Edwurd
1526 2760 1584 2819 per
1603 2740 1635 2800 lu

399 2866 491 2925 grece
526 2846 564 2907 de
599 2845 681 2906 Dieu
716 2845 786 2924 Roy
822 2844 1034 2925 Dengleterre‚
1070 2844 1216 2924 seignour
1254 2844 1435 2917 Dirleunde‚
1474 2850 1507 2905 et
1546 2846 1635 2906 Duos

399 2950 591 3031 Dequitsine
616 2950 645 3010 sl
670 2950 842 3011 honursble
866 2950 951 3028 piere
972 2969 1013 3009 en
1033 2949 1105 3009 dieu
1127 2948 1228 3010 Adum
1260 2970 1318 3029 pur
1337 2950 1369 3010 lc
1390 2950 1521 3012 meisme
1541 2970 1634 3030 grece

399 3055 506 3115 Evesk
527 3054 566 3115 de
596 3054 751 3115 Hsreford
778 3054 889 3115 eulutz.
940 3054 1005 3113 Pur
1028 3074 1084 3115 ceo
1113 3074 1174 3134 que
1202 3074 1284 3116 nous
1314 3075 1420 3117 sumes
1454 3075 1495 3117 en
1524 3056 1634 3117 eluunt

399 3176 469 3221 vers
494 3160 539 3221 les
566 3160 685 3239 parties
709 3160 752 3219 du
776 3159 899 3220 Northe
924 3178 998 3219 sour
1021 3159 1147 3239 lesploit
1171 3160 1210 3220 de
1237 3165 1330 3222 notre
1356 3180 1466 3241 guerre
1494 3162 1635 3224 Descooe

399 3289 478 3330 vous
509 3268 628 3347 prioms
660 3272 692 3329 et
717 3267 901 3348 chargeoms
932 3267 1157 3347 espeoislment
1187 3287 1249 3348 que
1270 3288 1366 3331 reuss
1390 3274 1492 3331 cestes
1523 3269 1635 3332 lettres

399 3395 497 3437 ssunz
520 3375 575 3434 nul
596 3374 677 3436 delei
698 3374 785 3436 fcoez
804 3374 934 3454 charger
956 3374 1003 3436 les
1024 3374 1170 3454 religious
1194 3380 1227 3436 et
1248 3380 1323 3436 touz
1344 3375 1390 3437 les
1411 3381 1518 3437 autres
1537 3382 1634 3456 gentz

398 3482 437 3542 de
459 3482 559 3542 seinte
578 3481 673 3561 eglise
692 3501 732 3543 en
751 3486 839 3542 votre
860 3480 977 3542 diocise
995 3482 1047 3560 qu’
1067 3480 1089 3540 il
1108 3480 1213 3542 iacent
1231 3481 1297 3552 lire,
1317 3482 1479 3554 chsunter,
1499 3488 1532 3543 et
1549 3483 1635 3563 prier

400 3587 622 3648 devoutemsnt
643 3606 704 3667 pur
725 3606 806 3647 nous
827 3591 860 3648 st
879 3606 940 3665 pur
959 3591 1030 3647 tous
1052 3605 1130 3647 ceux
1151 3586 1205 3666 qui
1224 3592 1323 3647 vount
1348 3587 1443 3649 uveslr
1466 3608 1546 3649 nous
1560 3608 1632 3651 vers

398 3692 444 3753 les
475 3693 593 3772 parties
622 3692 831 3764 uvuuntdites‚
863 3712 924 3772 que
955 3692 1039 3753 Dieu
1069 3712 1127 3772 per
1154 3711 1190 3753 ss
1221 3692 1317 3753 merci
1341 3712 1422 3754 nous
1457 3693 1546 3754 doint
1577 3694 1632 3756 tiel

398 3798 512 3878 esploit
534 3798 610 3859 leire
634 3818 695 3878 que
720 3817 775 3859 ceo
800 3798 860 3858 seit
884 3818 903 3857 s
925 3798 1048 3858 honour
1069 3798 1109 3858 de
1132 3797 1155 3857 li
1179 3802 1212 3858 et
1233 3798 1273 3858 de
1293 3817 1383 3870 noue,
1408 3803 1441 3859 et
1461 3819 1481 3859 e
1503 3804 1633 3861 seuvete

398 3905 437 3966 de
465 3905 566 3965 seinte
594 3904 698 3984 eglise.
727 3904 765 3964 de
793 3908 884 3964 notre
911 3903 1074 3974 Roieume,
1099 3909 1132 3964 et
1156 3903 1195 3964 de
1222 3908 1312 3964 notre
1339 3904 1443 3983 poplo.
1510 3905 1632 3967 Deutre

400 4016 472 4089 pert
493 4030 609 4090 purceo
634 4028 694 4088 que
716 4028 796 4069 nous
823 4008 980 4069 covendrs
999 4014 1092 4087 grant
1114 4008 1245 4070 loesoun
1270 4010 1309 4069 de
1331 4010 1456 4071 deniers
1479 4010 1633 4073 deuotus

399 4118 445 4177 dit
469 4136 573 4196 vesge,
599 4135 676 4176 vous
701 4116 889 4176 meundoms
912 4135 973 4195 que
989 4134 1067 4176 vous
1088 4114 1175 4176 isoez
1194 4116 1324 4195 charger
1344 4116 1563 4177 estroitement
1585 4117 1631 4178 les

399 4222 545 4284 coillours
569 4221 624 4282 des
653 4220 769 4281 dismes
794 4225 826 4281 et
853 4221 909 4282 dee
936 4222 1032 4282 altres
1059 4220 1145 4281 eides
1172 4227 1318 4300 grentees
1345 4242 1365 4282 u
1391 4241 1472 4282 nous
1500 4222 1632 4284 ulsibien

399 4348 456 4407 per
477 4327 579 4405 Pupes
611 4345 700 4387 come
720 4346 777 4405 per
810 4325 841 4385 le
863 4327 982 4405 clergee
1006 4326 1045 4387 de
1079 4326 1211 4387 meisme
1233 4331 1321 4387 votre
1353 4326 1470 4387 diocise
1492 4348 1553 4407 que
1575 4348 1632 4389 ceo

398 4433 452 4514 qui
477 4432 617 4492 demoert
637 4450 655 4491 s
674 4430 758 4491 lever
774 4430 829 4492 des
850 4431 932 4492 dites
949 4431 1066 4493 dismes
1085 4437 1117 4492 et
1139 4432 1195 4493 des
1217 4432 1302 4493 eidos
1322 4432 1345 4491 il
1366 4432 1471 4495 lucent
1494 4435 1631 4497 hestive·

400 4544 488 4601 ment
509 4538 602 4609 lever,
624 4543 656 4599 et
677 4538 789 4599 liverer
813 4538 858 4599 les
886 4538 992 4599 denirs
1017 4558 1036 4598 s
1056 4544 1147 4599 notre
1171 4538 1314 4618 eschiqer
1341 4539 1435 4601 issint
1465 4561 1526 4621 que
1550 4562 1631 4604 nous

399 4668 439 4708 en
455 4646 612 4726 puissoms
634 4649 717 4705 estre
735 4644 823 4705 eides
844 4664 884 4705 en
901 4664 962 4705 noz
983 4645 1065 4707 dites
1081 4644 1255 4724 beeoignes,
1275 4650 1307 4706 et
1325 4665 1366 4725 qe
1384 4646 1406 4705 il
1426 4666 1467 4707 ne
1484 4648 1633 4729 coveigue

398 4753 461 4814 mie
491 4771 552 4831 que
582 4770 663 4811 nous
694 4768 888 4829 recergeoms
922 4749 1206 4812 deshonurements
1240 4770 1298 4831 per
1330 4749 1456 4812 delente
1491 4753 1632 4833 dsrgent,

397 4878 438 4919 ue
458 4876 519 4937 que
543 4854 621 4935 peril
655 4874 696 4915 ne
720 4856 850 4935 damage
874 4875 915 4917 ne
938 4856 1069 4935 eveigue
1093 4876 1112 4916 c
1136 4856 1167 4915 le
1196 4856 1262 4917 dite
1294 4857 1430 4929 marche,
1456 4878 1517 4938 que
1548 4858 1632 4921 Dieu

398 4962 538 5025 deiende.
592 4962 635 5022 Et
659 4968 745 5023 ceste
768 4962 864 5023 chose
898 4961 965 5023 sier,
993 4962 1192 5023 tendrement
1216 4981 1236 5022 s
1259 4982 1357 5042 qusor
1387 4963 1414 5023 si
1439 4964 1514 5025 cher
1540 4986 1631 5029 come

397 5088 476 5130 vous
501 5088 589 5128 emsz
613 5066 735 5127 l'onour
762 5068 801 5128 de
827 5086 908 5128 nous
936 5072 969 5128 et
995 5067 1027 5128 le
1053 5071 1182 5129 seuvete
1209 5067 1248 5129 de
1275 5073 1366 5130 notre
1392 5070 1531 5133 roiuume
1559 5073 1628 5134 ‹ies-
