3850 5917
689 699 841 780 Episcopi
868 697 1113 778 Hercsordensr‘s.
1462 697 1521 758 187

105 935 159 976 w·
173 934 233 974 ¹³²¹·
278 925 394 997 deberi,
416 925 476 988 sub
496 925 591 987 certis
611 923 905 1006 protestacionibus,
930 922 1175 993 condicionibus,
1206 921 1271 982 sive
1298 921 1408 992 modis,
1432 941 1518 980 cura·
1620 961 1622 968 -

281 1031 363 1092 verit
383 1037 556 1111 acceptare,
582 1031 728 1093 videlicet
746 1031 775 1092 si
795 1030 854 1091 sub
875 1029 961 1091 dicta
983 1029 1086 1108 macla
1107 1035 1214 1108 posset
1236 1029 1345 1089 cadere
1370 1032 1403 1088 et
1425 1027 1522 1088 michi

283 1140 402 1200 virtute
426 1139 510 1200 dicte
533 1139 637 1219 gracie
664 1138 839 1209 deberetur,
870 1143 904 1198 et
938 1137 1023 1216 quod
1049 1136 1101 1215 jus
1129 1155 1236 1196 meum
1264 1135 1303 1195 ad
1331 1135 1425 1196 aliam
1452 1155 1520 1214 pre-

282 1245 419 1306 bendam
438 1245 561 1306 salvum
582 1250 725 1306 maneret
747 1244 774 1305 si
794 1243 977 1323 hujusmodi
996 1242 1173 1323 acceptacio
1194 1261 1252 1302 sua
1272 1261 1335 1301 non
1357 1241 1523 1302 sortiretur

282 1351 442 1424 effectum,
463 1350 628 1431 ipsamque
659 1350 851 1430 prebendam
879 1369 936 1428 per
962 1353 1145 1410 executores
1173 1347 1256 1408 dicte
1284 1348 1387 1427 gracie
1414 1346 1521 1416 michi,

284 1464 318 1518 et
338 1477 374 1518 se
400 1457 433 1516 in
456 1456 649 1536 corporalem
674 1455 907 1536 possessionem
935 1455 1036 1535 ipsius
1064 1454 1170 1514 induci
1197 1454 1420 1534 procuraverit,
1453 1473 1521 1532 pre·

285 1563 393 1624 missis
419 1561 714 1642 protestaeionibus,
743 1561 855 1632 modis,
885 1580 942 1621 seu
963 1559 1199 1621 condicionibus
1227 1559 1378 1640 repetitis,
1407 1563 1440 1618 et
1467 1578 1524 1637 per

284 1667 442 1748 prelatum
471 1673 669 1729 executorem
697 1667 853 1737 admissis,
889 1684 939 1727 ac'
956 1666 1087 1737 fructus,
1110 1665 1260 1734 redditus,
1289 1669 1321 1726 et
1349 1669 1522 1743 proventus

283 1773 369 1834 dicte
399 1772 557 1852 prebende
578 1772 663 1833 dicto
691 1773 840 1833 defuncto
868 1772 908 1832 de
943 1771 1171 1832 consuetudine
1199 1769 1282 1830 dicte
1310 1769 1440 1830 ecclesie
1467 1787 1524 1848 per

285 1898 406 1939 annum
428 1883 502 1958 post
526 1883 661 1938 mortem
684 1877 784 1956 ipsius
805 1877 928 1938 debitos
957 1877 996 1937 ab
1020 1876 1237 1938 executoribus
1262 1875 1361 1956 ipsius
1383 1873 1524 1936 defuncti

284 1985 407 2055 emerit,
428 1989 461 2045 et
481 2004 539 2064 pro
560 2004 617 2044 sue
644 1983 733 2044 libito
764 1983 937 2044 voluntatis
965 1983 1154 2062 disposuerit
1189 1983 1228 2042 de
1259 1981 1387 2052 eisdem,
1417 1986 1523 2041 tamen

285 2091 327 2150 ad
360 2109 469 2151 meum
495 2090 649 2159 auditum,
685 2093 751 2150 tam
789 2109 846 2168 per
883 2089 1005 2149 litteras
1044 2087 1244 2167 paternitatis
1283 2093 1387 2148 vestre
1427 2107 1523 2167 quam

284 2195 413 2256 aliunde
433 2194 554 2274 perlato
568 2214 702 2264 rumore,
717 2194 841 2255 noviter
861 2200 911 2255 eet
929 2194 1100 2254 deductum
1120 2193 1204 2272 quod
1222 2193 1363 2272 prelatus
1377 2193 1525 2253 dominus

284 2300 451 2361 Johannes
471 2300 510 2361 de
535 2298 745 2379 Aquablanca,
767 2300 844 2360 dum
865 2298 952 2370 vixit,
981 2298 1041 2358 luit
1062 2319 1095 2360 re
1119 2319 1194 2358 vera
1215 2304 1413 2359 sacrosancte
1434 2297 1524 2358 Sedis

284 2405 467 2485 Apostolice
494 2404 684 2484 capellanus,
716 2424 907 2484 quamquam
946 2404 1128 2484 hujusmodi
1171 2404 1344 2483 capellania
1372 2403 1524 2483 majorem

284 2518 408 2592 partem
437 2511 571 2572 diocesis
599 2511 842 2572 Hereiordensie
864 2511 962 2572 immo
984 2511 1073 2590 quasi
1096 2516 1195 2572 totam
1218 2511 1368 2572 diocesim
1394 2510 1524 2571 omnino

284 2621 407 2690 lateret,
446 2639 506 2680 nec
539 2639 597 2698 pro
638 2617 706 2680 tali‘
735 2618 768 2678 in
810 2617 933 2697 prefata
975 2617 1115 2688 ecclesia,
1158 2617 1294 2688 civitate,
1333 2622 1366 2678 et
1407 2616 1523 2678 diocesi

284 2725 463 2795 haberetur,
497 2724 643 2804 quodque
679 2723 899 2784 sanctissimus
936 2731 1028 2804 pater
1060 2724 1092 2783 in
1131 2723 1257 2785 Christo
1299 2743 1336 2784 ac
1378 2722 1526 2784 dominus

286 2836 403 2901 noster,
426 2830 574 2891 dominus
589 2830 761 2900 lohannes,
785 2830 892 2890 divina
913 2829 1115 2908 providencia
1137 2829 1224 2908 Papa
1238 2828 1360 2900 XXII,
1381 2847 1525 2889 asserens

285 2936 490 2998 collacionem
505 2936 647 2998 omnium
668 2935 892 2997 beneficiorum
911 2955 972 3016 que
987 2935 1115 2997 fuerunt
1132 2935 1207 2996 dicti
1225 2935 1345 2996 Decani
1366 2934 1525 3013 adipsum

288 3042 467 3122 specialiter
498 3043 655 3122 pertinere
692 3043 810 3103 virtute
841 3043 1005 3122 cujusdam
1040 3041 1265 3104 reservacionis
1302 3040 1525 3102 beneficiorum

286 3167 546 3228 quorumcunque
574 3147 807 3228 capellanorum
839 3147 929 3209 Sedis
948 3147 1128 3227 Apostolice
1149 3147 1264 3228 ubique
1292 3145 1525 3218 decedenoium,

287 3273 350 3333 que
376 3253 555 3332 peripsam
586 3253 700 3314 Sedem
724 3252 937 3332 Apostolicam
961 3253 1021 3314 sub
1047 3259 1133 3314 certa
1153 3253 1254 3314 torma
1278 3258 1404 3313 etcum
1429 3252 1523 3312 inter-

287 3359 469 3438 pretacione
495 3359 613 3420 decreti
640 3359 755 3420 dicitur
776 3379 846 3420 esse
870 3360 963 3430 lacta,
989 3359 1180 3439 prebendam
1204 3359 1358 3439 prefatam
1373 3357 1524 3438 tanquam

290 3465 322 3524 in
343 3464 438 3525 Curia
459 3469 633 3537 vacantem,
662 3469 696 3526 et
717 3464 775 3525 sub
800 3464 885 3525 dicta
906 3485 977 3525 mea
997 3465 1101 3544 gracia
1122 3485 1184 3525 non
1208 3465 1382 3535 cadentem,
1403 3464 1526 3524 cuidem

289 3570 380 3632 alteri
399 3570 534 3631 contulit
554 3590 611 3632 seu
631 3570 771 3632 conferre
793 3570 950 3650 proponit.
994 3571 1088 3633 Unde
1109 3589 1176 3650 ego,
1198 3571 1298 3631 Adam
1318 3570 1525 3649 Murymouth

288 3677 458 3757 predictus,
493 3677 602 3738 volens
635 3677 708 3739 Sedi
743 3677 922 3757 Apostolioe
956 3677 990 3737 in
1022 3676 1168 3738 omnibus
1202 3676 1336 3747 obedire,
1371 3676 1526 3757 prefatam

288 3782 479 3862 prebendam
507 3783 547 3844 de
574 3783 793 3863 Bollynghope
817 3803 855 3844 ex
878 3783 1020 3862 predicta
1045 3802 1196 3843 causare
1220 3787 1253 3842 et
1267 3781 1361 3843 verbo
1389 3781 1525 3852 dimitto,

288 3893 468 3967 protestans
489 3907 540 3948 me
568 3887 652 3949 nolle
672 3893 822 3967 tanquam
845 3888 896 3966 jue
921 3887 1041 3949 habens
1063 3887 1095 3946 in
1117 3907 1154 3948 ea
1176 3887 1225 3948 vel
1247 3888 1286 3948 ad
1308 3906 1378 3948 eam
1402 3907 1526 3948 exnunc

287 3995 328 4054 de
362 3993 484 4073 prelata
518 3993 677 4073 prebenda
700 3993 912 4055 intromittere
939 3993 1154 4073 quovismodo,
1190 3993 1251 4054 nisi
1286 3993 1325 4053 de
1360 3991 1523 4064 fructibus,

288 4097 472 4169 redditibus,
487 4103 520 4158 et
542 4097 746 4178 proventibus
765 4097 865 4178 ipsius
881 4098 949 4160 vice
968 4104 1000 4159 et
1021 4098 1209 4160 anctoritate
1231 4079 1432 4159 executomm
1449 4097 1526 4157 dicti

292 4203 433 4264 defuncti
454 4203 557 4274 titolo,
585 4208 621 4263 ut
651 4203 855 4282 premittitur,
883 4203 1065 4283 empcionis.
1121 4203 1284 4263 Protestor
1314 4203 1414 4264 eciam
1442 4203 1525 4281 quod

291 4309 377 4388 juata
405 4309 587 4388 ignorancia
611 4328 685 4370 mea
709 4309 975 4388 etproeuratoris
993 4309 1057 4370 mei
1077 4307 1174 4368 michi
1202 4328 1265 4368 non
1287 4307 1461 4386 prejudicat
1492 4305 1526 4365 in

289 4415 431 4474 luturum
464 4413 633 4494 quominus
659 4414 764 4494 gracia
800 4434 870 4475 mea
908 4414 1049 4493 predicta
1080 4419 1206 4474 maneat
1235 4412 1330 4472 michi
1365 4412 1459 4482 salva,
1492 4416 1526 4472 st

289 4520 374 4596 quod
403 4520 520 4580 virtute
540 4519 625 4580 illius
653 4520 828 4598 proximam
856 4519 1047 4599 prebendam
1077 4519 1110 4577 in
1134 4518 1256 4599 prelata
1276 4519 1407 4579 ecclesia
1434 4537 1523 4579 vaca·

291 4633 405 4695 turam,
424 4643 519 4705 quam
536 4625 662 4695 duxero,
680 4629 716 4684 ut
735 4623 937 4703 premittitur,
960 4622 1194 4704 acceptandam,
1210 4622 1330 4682 valeam
1353 4626 1524 4700 acceptare,
1574 4671 1588 4682 ..
1647 4672 1651 4682 .

290 4737 339 4808 οὔ]
355 4732 466 4790 cetera
504 4731 644 4810 perinde¹
662 4729 763 4790 lacere
796 4735 828 4790 et
868 4748 1035 4809 procurare
1074 4728 1141 4790 fieri
1177 4728 1209 4786 in
1242 4729 1301 4787 hac
1339 4731 1428 4807 parte
1464 4746 1526 4806 que

290 4856 417 4923 possem
447 4836 486 4896 de
509 4835 587 4916 jure,
610 4836 637 4897 si
658 4833 817 4916 prebenda
837 4835 876 4896 de
897 4835 1116 4915 Bollynghope
1141 4855 1211 4895 meo
1232 4833 1359 4895 nomine
1373 4833 1406 4892 in
1424 4831 1526 4893 lorma

291 4946 461 5020 acceptata
478 4941 575 5001 michi
603 4940 801 5011 collata-aut
822 4941 950 5002 nomine
975 4961 1045 5002 meo
1073 4959 1218 5021 possessa
1246 4939 1365 5000 fuisset.
