3850 5917
409 700 466 759 184
780 698 960 776 chirtram
987 697 1052 758 Adc
1079 697 1116 758 de
1147 697 1270 758 Orletorr

236 931 363 969 ἰθ-1321,
407 923 507 983 filium
532 924 684 983 Thomam
708 923 748 983 ds
768 924 923 994 Routone,
945 922 1163 1003 presbiterum,
1186 924 1224 984 de
1250 924 1425 995 Lodelowe,
1450 929 1558 985 nostre
1579 923 1641 984 dio·

408 1028 497 1100 cesis,
519 1029 573 1108 qui
590 1028 629 1090 ad
654 1028 874 1089 celebrandum
892 1029 999 1088 diviua
1018 1029 1050 1088 in
1069 1028 1201 1089 ecclesia
1221 1029 1392 1108 parochiali
1413 1029 1485 1090 villa
1502 1029 1643 1106 ejusdem

407 1154 464 1213 per
491 1133 613 1195 senium
643 1139 676 1194 et
692 1134 856 1193 adversam
875 1133 1015 1212 corporis
1033 1133 1239 1195 valitudinem
1258 1133 1447 1213 prepeditur,
1462 1133 1495 1192 in
1508 1132 1643 1193 oratorio

413 1240 516 1301 mansi
537 1240 586 1300 sui
614 1240 646 1299 in
674 1240 784 1300 eadem
815 1238 889 1299 villa
916 1238 1023 1299 divina
1050 1259 1149 1318 usque
1178 1239 1217 1298 ad
1245 1244 1388 1300 nostrum
1409 1239 1544 1299 reditum
1566 1237 1643 1299 cele·

411 1346 509 1418 brare,
545 1346 715 1406 dummodo
752 1364 809 1424 per
846 1345 907 1404 hoo
947 1344 1147 1423 parochianis
1181 1344 1311 1405 ecclesie
1338 1344 1388 1405 vel
1415 1343 1483 1405 aliis
1511 1363 1644 1423 quorum

412 1453 543 1513 interest
577 1451 699 1511 nullum
727 1455 893 1530 generetur
920 1449 1136 1529 prejudicium,
1162 1449 1376 1528 permittatis,
1398 1449 1523 1528 proviso
1537 1454 1644 1509 tamen

412 1559 497 1638 quod
520 1557 641 1617 adhoc
666 1557 809 1617 Rectoris
834 1555 964 1616 ecclesie
988 1555 1127 1635 predicte
1148 1575 1321 1616 consensus
1348 1556 1484 1626 accedat,
1507 1559 1539 1614 et
1560 1554 1644 1614 aliud

408 1664 594 1724 canonicum
632 1683 696 1723 non
725 1662 867 1723 obsistat.
924 1661 995 1722 Hec
1022 1667 1128 1721 autem
1156 1661 1267 1722 deduci
1299 1661 1338 1721 ad
1369 1661 1445 1721 dicti
1479 1660 1644 1740 presbiteri

409 1770 558 1845 noticiam
587 1770 719 1830 faciatis.
762 1770 881 1829 Datum
910 1767 1092 1838 Londoniis,
1118 1768 1184 1847 viij⁰
1212 1768 1262 1828 die
1291 1768 1461 1829 Februarii.

408 2025 480 2084 Feb.
508 2023 642 2084 9.-The
663 2023 782 2102 Bisbop
805 2025 907 2082 writes
931 2029 959 2082 to
985 2021 1126 2081 Richord
1150 2021 1187 2082 de
1210 2021 1340 2082 Ludlow
1366 2022 1441 2092 thar,
1469 2021 1516 2082 his
1543 2029 1645 2083 tenura

534 2105 569 2184 of
588 2105 636 2164 tha
652 2103 821 2184 preboadol
836 2103 963 2182 portica
976 2104 1011 2182 os
1032 2103 1190 2180 Wertbory
1208 2103 1295 2180 ὑείοις
1312 2103 1425 2181 dloqui,
1448 2103 1497 2162 tho
1517 2103 1644 2173 Patron,

536 2185 676 2245 Williom
705 2185 742 2244 dc
777 2185 878 2261 Wyne,
912 2183 968 2244 hus
1000 2184 1071 2244 baeu
1101 2183 1199 2244 called
1229 2203 1312 2263 apoc
1343 2191 1372 2243 to
1399 2183 1528 2262 oppetat
1558 2203 1579 2243 a
1604 2183 1644 2262 fit

527 2286 640 2346 persora
667 2265 702 2324 in
731 2264 779 2325 his
803 2265 901 2343 place.

491 2421 636 2480 errnna
657 2438 797 2480 nisaeus
822 2422 969 2481 chaaoo
991 2440 1034 2480 nn
1067 2421 1483 2502 Lucanorum-Episcopus
1511 2421 1645 2483 Ricardo

410 2528 449 2588 de
478 2527 643 2589 Lodslowe
668 2527 811 2598 salutem,
853 2533 912 2588 stc.
976 2527 1054 2588 Post
1087 2528 1256 2588 adventum
1293 2534 1437 2588 nostrum
1472 2527 1644 2589 Londoniis

414 2633 629 2695 consuluimus
658 2639 876 2712 procuratores
905 2633 1021 2694 ibidem
1050 2653 1144 2712 super
1164 2638 1282 2694 statum
1307 2635 1491 2712 porcionum
1515 2633 1646 2695 ecclesie

415 2741 454 2800 do
478 2738 650 2818 Westbury
677 2744 772 2818 atque
793 2744 856 2808 tue,
878 2759 936 2798 nec
964 2759 1020 2817 per
1048 2738 1168 2818 aliquos
1188 2739 1292 2817 potuit
1313 2745 1422 2799 nostra
1449 2739 1645 2800 consciencia

413 2844 574 2905 informari
602 2844 641 2904 ad
669 2844 865 2905 tolerandum
895 2849 927 2904 te
958 2844 1090 2905 ulterius
1118 2844 1149 2902 in
1180 2845 1363 2905 detenoione
1391 2845 1547 2924 porcionis
1575 2865 1643 2925 pre·

413 2951 496 3011 dicte
524 2949 641 3030 absque
668 2949 755 3030 gravi
779 2950 918 3029 periculo
945 2950 1130 3009 animarum.
1173 2950 1216 3010 Et
1242 2949 1311 3011 idco
1336 2951 1463 3011 domino
1486 2950 1645 3012 Willslmo

410 3056 449 3117 de
466 3057 579 3136 Wyne,
600 3056 739 3135 ipsarum
756 3062 899 3136 patron0,
918 3056 1091 3117 Londoniis
1109 3062 1241 3135 reperto,
1261 3077 1366 3117 coram
1383 3057 1505 3117 notario
1519 3056 1645 3136 publico

413 3163 672 3223 denunciavimus
702 3163 760 3223 sub
788 3183 870 3242 pena
896 3163 975 3242 juris
1003 3168 1039 3223 ut
1070 3163 1109 3222 ad
1137 3163 1252 3223 dictam
1281 3164 1461 3242 porcionem
1489 3164 1644 3242 ydoneam

413 3288 582 3348 personam
610 3274 781 3348 presentet.
823 3269 871 3328 Tu
892 3274 1008 3340 autem,
1031 3269 1084 3349 qui
1104 3268 1225 3328 fructus
1246 3269 1329 3329 dicte
1353 3269 1509 3348 porcionis
1536 3268 1644 3330 illicite

409 3374 587 3455 percepisti,
609 3374 714 3434 taliter
735 3375 803 3434 Deo
831 3380 863 3434 et
889 3374 1020 3435 ecclesie
1042 3373 1223 3435 defraudato
1246 3375 1426 3435 satisfacere
1455 3373 1582 3435 studeas
1610 3373 1643 3433 in

407 3480 556 3560 presenti,
578 3500 619 3541 ne
647 3480 679 3539 iu
709 3480 852 3541 districto
879 3481 1011 3541 extremi
1039 3480 1146 3558 judicii
1182 3481 1325 3541 examine
1355 3485 1472 3540 temere
1496 3485 1644 3560 percepta

410 3592 443 3647 et
467 3586 500 3645 in
521 3607 598 3647 usus
614 3587 728 3647 vetitos
749 3585 883 3647 fortasse
904 3591 1092 3665 consumpta
1113 3607 1131 3646 a
1155 3592 1187 3647 te
1209 3584 1450 3665 dampnabiliter
1470 3587 1642 3665 exigantur.

409 3693 461 3764 Et,
476 3693 559 3755 sicut
581 3692 658 3753 alias
686 3692 744 3753 tibi
766 3692 977 3772 promisimus,
1007 3693 1033 3753 si
1059 3693 1220 3772 contingat
1247 3713 1305 3753 nos
1334 3693 1373 3752 ad
1403 3692 1514 3753 Sedem
1545 3691 1642 3772 Apos-

411 3798 539 3860 tolioam
562 3797 728 3878 proficisci,
760 3797 887 3859 domino
921 3804 1030 3858 nostro
1061 3798 1147 3878 Papa
1175 3798 1307 3860 libenter
1335 3797 1579 3878 supplicabimus
1606 3803 1644 3858 ut

408 3924 576 3985 personam
607 3909 696 3963 tuam
724 3904 764 3963 ad
792 3903 853 3965 alia
880 3903 1032 3964 beneficia
1060 3902 1271 3965 ecclesiastica
1298 3903 1471 3973 habilitare,
1502 3909 1534 3963 et
1565 3903 1644 3966 alias

409 4016 465 4071 tuo
489 4010 587 4072 statui
617 4010 656 4069 do
684 4009 851 4088 potestatis
876 4029 932 4070 suo
959 4008 1155 4090 plenitudine
1183 4009 1328 4088 dignetur
1356 4008 1521 4070 salubriter
1540 4007 1642 4087 provi·

409 4117 491 4178 dere.
535 4115 693 4194 Scriptum
723 4114 905 4186 Londoniis,
927 4115 971 4174 ix⁰
995 4114 1045 4176 die
1072 4114 1242 4175 Februarii.

409 4372 481 4433 Feb.
507 4369 641 4431 9.—Thc
668 4367 787 4446 Bishop
814 4366 1023 4428 commissione
1048 4367 1189 4427 Richord
1212 4367 1249 4426 da
1274 4365 1440 4427 Srdeuhob
1465 4373 1493 4426 to
1517 4364 1642 4444 anquira

530 4449 662 4510 wircthcr
686 4447 835 4509 Edmund
858 4447 895 4508 dc
918 4448 1059 4518 Ladlow,
1084 4448 1195 4508 Rector
1216 4449 1251 4527 os
1271 4446 1410 4524 Bcclcley,
1436 4446 1497 4507 hod
1521 4467 1555 4506 or
1580 4445 1643 4508 lad

530 4538 593 4602 not,
622 4531 719 4610 before
745 4529 903 4608 acceptiap
932 4529 981 4589 the
1009 4529 1142 4607 horrcficc,
1172 4529 1242 4588 baeu
1268 4549 1289 4588 o
1316 4527 1415 4588 oront.

275 4733 305 4763 0,
362 4752 366 4760 ,
491 4686 671 4748 Oonurssro
706 4702 767 4744 rao
799 4685 967 4743 Enuuuno
1010 4701 1053 4742 na
1086 4681 1500 4762 uocemue-Episcopus
1528 4681 1643 4744 dilecto

409 4793 484 4866 filio,
512 4791 662 4871 magistro
689 4791 727 4850 R.
756 4790 795 4850 ds
824 4789 1001 4861 Sidenhale,
1030 4789 1157 4851 Rectori
1181 4788 1310 4850 ecclesie
1338 4789 1377 4849 de
1405 4788 1641 4861 Whitebourne,

408 4905 517 4960 nostre
544 4897 686 4967 diocesis,
711 4895 926 4957 commissario
953 4901 1072 4966 nostro,
1098 4895 1241 4966 salutem,
1261 4899 1320 4955 etc.
1363 4893 1461 4954 Fama
1487 4893 1642 4956 referente

410 5005 451 5067 ad
471 5009 615 5064 nostrum
636 5002 780 5081 pervenit
800 5001 943 5062 auditum
957 5001 1041 5083 quod
1061 5001 1249 5062 Edmundus
1268 5001 1308 5061 de
1322 4999 1496 5071 Lodelows,
1511 4999 1644 5062 clericus

410 5116 518 5174 nostre
548 5108 691 5180 diocesis,
712 5113 745 5169 et
771 5107 889 5168 Rector
916 5109 1048 5170 ecclesis
1078 5109 1117 5170 de
1148 5106 1294 5179 Beklrels,
1320 5105 1549 5168 Lincolniensis
1577 5106 1642 5168 dio·
