3850 5917
706 629 857 709 Episcopi
884 629 1127 709 Heresordeusis.
1478 628 1537 690 167

295 959 504 1020 Pontificatus
532 959 651 1019 domini
679 958 851 1020 Clementis
875 960 962 1039 Papo
984 960 1014 1020 V
1035 979 1118 1019 anno
1141 964 1262 1019 octavo.

145 1239 254 1280 cosm,
294 1214 366 1273 Dec.
395 1213 551 1272 IL-The
585 1212 704 1290 Biehop
731 1212 878 1273 instructa
908 1213 957 1272 the
994 1212 1128 1290 Chapter
1157 1219 1185 1273 to
1213 1211 1313 1272 admit
1342 1219 1371 1272 to
1396 1233 1533 1292 peecare

417 1293 514 1371 Hcpb
535 1294 572 1353 de
596 1293 726 1372 Gordiff,
749 1294 786 1352 in
806 1293 990 1354 occordcncc
1011 1293 1087 1353 with
1110 1293 1159 1354 tte
1182 1294 1268 1353 letter
1290 1295 1325 1373 of
1350 1294 1399 1354 aa
1423 1294 1532 1374 Pope's

414 1373 635 1454 penitentiam.

376 1529 570 1589 Msunsuuu
584 1529 738 1589 Ee1scos>1
753 1547 857 1588 sueno
871 1547 1070 1589 sensorum
1084 1547 1224 1589 munna
1238 1548 1537 1590 numennumen.-

295 1635 405 1706 Adam,
430 1639 500 1705 eto,
521 1634 644 1694 dilectis
672 1634 704 1692 in
727 1634 853 1695 Christo
881 1634 963 1705 filiis,
986 1634 1132 1714 Capitulo
1153 1641 1260 1696 nostre
1289 1636 1532 1698 Herefordensis

294 1741 433 1811 ecclesie,
468 1741 518 1801 vel
560 1740 682 1801 custodi
719 1760 775 1800 seu
804 1741 1052 1802 administratori
1090 1742 1322 1820 spiritualitatis
1359 1743 1531 1803 decanatus

296 1845 547 1915 Herelordensis,
568 1845 637 1924 ipso
665 1846 820 1906 decanatu
847 1851 989 1917 vacante,
1018 1847 1162 1916 salutem,
1191 1851 1251 1907 eto.
1304 1847 1442 1908 Litteras
1470 1847 1532 1908 dis·

296 1952 371 2012 creti
393 1951 460 2020 viri,
482 1950 588 2010 fratris
612 1950 768 2012 Johannis
796 1951 835 2012 de
859 1952 890 2011 la
911 1951 1011 2022 More,
1041 1952 1160 2012 domini
1188 1953 1274 2032 Pape
1301 1953 1529 2033 penitenciarii,

295 2058 470 2137 recepimus
494 2062 637 2118 tenorem
661 2059 715 2137 qui
740 2057 882 2138 sequitur
906 2059 1106 2120 continentes
1114 2059 1342 2120 :-Venerabili
1366 2065 1530 2140 utsupra.

296 2165 393 2226 Vobis
409 2165 505 2243 igitur
520 2164 708 2224 auctoritate
726 2164 902 2224 litterarum
920 2165 1134 2243 predictarum
1148 2165 1377 2226 committimus
1396 2171 1429 2226 et
1444 2187 1531 2226 man-

296 2273 408 2331 damus
426 2270 585 2349 quatinus,
604 2269 776 2329 cumidem
799 2269 894 2348 Hugo
914 2289 986 2328 oum
1003 2270 1203 2348 presentibus
1224 2270 1263 2330 ad
1285 2290 1341 2332 vos
1362 2271 1484 2331 venerit
1503 2275 1536 2330 et

298 2377 413 2436 dictam
449 2375 662 2455 penitenciam
689 2375 749 2435 sibi
783 2394 840 2453 per
877 2373 1035 2454 prefatum
1068 2375 1330 2453 penitenciarium
1358 2376 1535 2455 injunctam

298 2481 446 2562 optulerit
469 2481 631 2541 humiliter
644 2501 679 2541 se
706 2481 863 2540 facturum
891 2480 925 2538 in
945 2480 1047 2541 forma
1074 2481 1258 2560 prescripta,
1287 2482 1392 2560 ipsum
1413 2482 1453 2542 ad
1474 2483 1536 2544 hoo

298 2587 474 2648 admittatis
511 2591 543 2647 et
571 2586 696 2646 admitti
720 2607 777 2665 per
804 2586 881 2646 alios
909 2585 1042 2656 faciatis,
1065 2591 1097 2645 et
1125 2590 1161 2645 ut
1192 2586 1293 2664 ipsam
1321 2586 1535 2666 penitenciam

297 2697 426 2772 peragat
457 2692 582 2763 curetis,
614 2697 646 2752 et
675 2693 735 2752 hoc
762 2691 832 2752 aliis
860 2711 994 2772 quorum
1032 2692 1164 2752 interest
1192 2692 1325 2753 firmiter
1352 2693 1534 2772 injungatis,

297 2818 355 2859 nos
375 2819 471 2877 super
497 2798 560 2858 hiis
582 2797 730 2858 distincte
751 2803 783 2857 et
815 2802 922 2876 aperte
950 2795 1171 2869 certificantes,
1203 2803 1262 2858 eto.
1305 2800 1425 2859 Datum
1447 2799 1532 2878 apud

298 2903 453 2965 Morehall
468 2903 557 2981 juxta
579 2902 706 2983 Kynlet‚
728 2904 773 2982 xj⁰
793 2903 843 2963 die
871 2902 990 2963 mensis
1013 2902 1206 2975 Decembris,
1232 2924 1315 2964 anno
1343 2905 1494 2984 predicte.

298 3173 369 3233 Dec.
397 3170 665 3248 17.-0ertificotc
686 3171 771 3248 from
799 3169 847 3229 tbc
878 3169 1013 3249 Chapter
1041 3169 1108 3230 thot
1137 3170 1186 3229 the
1217 3169 1361 3249 Bishop's
1389 3171 1536 3232 mastdate

420 3252 564 3330 torwhinp
591 3251 688 3329 Hupb
714 3251 752 3311 de
781 3250 906 3328 Oordc'ff
932 3250 987 3311 bos
1017 3250 1088 3310 boen
1115 3251 1264 3311 eeecoted.

379 3406 840 3471 Onnrrmosoeo—Venerabili
880 3406 913 3466 in
948 3405 1076 3466 Christo
1113 3406 1196 3484 patri
1238 3411 1270 3466 ot
1308 3406 1435 3466 domino
1477 3425 1536 3467 suo

299 3516 478 3588 reverende,
505 3515 633 3575 domino
656 3512 731 3584 Ade,
760 3518 829 3580 etc..
862 3512 1044 3592 Capitulum
1064 3512 1195 3572 ecclesie
1223 3512 1412 3572 cathedralis
1435 3511 1535 3572 Hore-

300 3621 463 3692 lordensis,
486 3621 630 3690 salutem,
661 3619 876 3680 omnimodam
906 3617 1128 3689 reverenciam,
1160 3621 1193 3678 et
1217 3619 1369 3679 honorem
1394 3619 1536 3680 debitum

300 3733 389 3790 tanto
417 3727 509 3808 patri.
542 3727 730 3786 Mandatum
760 3730 902 3785 vestrum
926 3744 1027 3803 nuper
1058 3724 1233 3803 recepimus
1261 3729 1403 3784 tenorem
1434 3725 1535 3785 eonti-

299 3854 378 3897 nens
398 3829 801 3911 infrascriptum-Adam,
823 3834 882 3890 ete.
925 3829 1017 3902 Quod
1041 3829 1167 3908 quidem
1189 3830 1373 3890 mandatum
1393 3835 1535 3891 vestrum

299 3959 355 4018 per
389 3957 500 3999 omnes
528 3937 663 4016 majores
690 3935 839 3997 ecclesias
875 3935 1014 3996 civitatis
1053 3934 1296 3996 Herefordensis
1336 3935 1426 4015 juxta
1460 3936 1534 4010 vim,

300 4043 441 4114 formam,
463 4048 495 4104 et
523 4042 671 4103 effectum
699 4041 842 4120 ejusdem
870 4040 1012 4100 mandati
1036 4040 1132 4100 vestri
1161 4060 1271 4102 sumus
1298 4046 1477 4102 reverenter
1502 4042 1536 4101 in

300 4149 445 4210 omnibus
475 4147 607 4209 executi.
658 4147 778 4206 Datum
817 4145 1013 4218 Herefordie,
1049 4146 1114 4224 xvj⁰
1156 4145 1226 4205 Kal.
1261 4145 1412 4219 Januarii,
1452 4167 1537 4209 anno

301 4255 449 4334 predicto.

301 4497 371 4558 Deo.
396 4495 553 4557 19.—Thc
576 4494 696 4574 Bishop
719 4493 755 4573 of
778 4493 931 4572 Heresord
954 4493 1084 4574 informs
1110 4493 1301 4573 tlee'Bc'shop
1324 4493 1360 4573 of
1386 4495 1535 4572 Ooveotry

423 4577 498 4718 im
511 4576 608 4654 Huph
628 4575 665 4636 de
687 4574 812 4653 Gordiff
830 4575 886 4635 bos
900 4574 977 4652 duty
987 4574 1160 4655 performed
1176 4575 1225 4635 the
1235 4595 1371 4654 perronae
1392 4575 1536 4654 cesoma

384 4814 531 4872 hersen
573 4829 679 4872 seraa
718 4829 787 4872 uus
829 4829 972 4872 nmecrn
1015 4811 1179 4872 Errsooro
1222 4811 1454 4872 Oovuaraaam
1494 4829 1538 4871 un

304 4916 617 4980 suus.—Venerabili
650 4916 684 4975 in
719 4916 845 4976 Christo
868 4916 960 4996 patri,
989 4916 1117 4977 domino
1156 4917 1306 4992 Waltero,
1339 4916 1399 4978 Dei
1432 4917 1538 4996 gracia

304 5023 509 5089 Coventrensi
548 5029 582 5086 et
619 5022 832 5084 Lichleldensi
879 5022 1048 5102 Episcopo,
1094 5044 1131 5084 ac
1173 5023 1327 5104 Capitulis
1365 5025 1537 5086 eorundem
