3850 5917
405 710 464 770 312
778 710 958 787 Rapistrum
985 711 1050 771 Ado
1077 712 1113 772 de
1144 712 1267 773 Orlelon

235 941 294 980 Ml
308 942 364 980 ¹³²⁴·
406 936 539 996 firmiter
569 938 760 1016 injungendo
791 938 951 1017 quatinus,
983 944 1019 999 ut
1048 939 1153 1000 debite
1183 940 1363 1001 execucioni
1391 941 1559 1002 efficaciter
1592 942 1647 1003 de-

407 1040 582 1113 mandetur,
604 1047 762 1120 promtam
790 1041 989 1121 diligenciam
1014 1049 1046 1103 et
1066 1043 1191 1105 fidelem
1219 1064 1347 1123 operam
1372 1046 1553 1125 impendere
1580 1068 1646 1109 non

407 1147 546 1209 omittas.
588 1149 708 1208 Datum
732 1148 916 1219 Londoniis,
937 1148 1025 1227 xxiiij
1048 1149 1098 1210 die
1120 1150 1238 1211 mensis
1263 1150 1461 1212 Novembris.

262 1443 303 1480 ,θ’
360 1468 366 1477 θ
407 1378 480 1439 Dec.
496 1377 810 1457 20.—Dispcnsatioc
819 1380 874 1458 sor
887 1378 1087 1458 illepitimccy
1101 1381 1229 1458 granted
1245 1388 1274 1441 to
1290 1380 1374 1442 John
1386 1382 1424 1442 de
1438 1382 1643 1443 Hcmcnumb.

490 1534 636 1593 errses
670 1552 733 1595 rao
764 1534 1184 1605 ammedera-Adam,
1215 1540 1285 1606 etc..
1314 1535 1428 1595 dilecto
1457 1536 1489 1593 in
1518 1536 1645 1597 Christo

408 1638 481 1709 filio,
503 1638 642 1700 Johanni
664 1640 703 1700 de
734 1640 984 1710 Hamenassche,
1006 1639 1127 1710 clerico,
1158 1640 1291 1701 salutem
1318 1645 1349 1700 et
1381 1640 1643 1701 benediccionem.

409 1744 490 1805 Cum
510 1764 567 1823 per
588 1744 828 1824 inquisicionem
849 1745 1022 1825 legitimam
1045 1764 1084 1806 ex
1107 1745 1334 1825 fidedignorum
1356 1745 1537 1807 testimonio
1555 1746 1647 1807 nobis

408 1852 590 1912 constiterit
615 1857 647 1912 te
675 1852 772 1913 moris
799 1852 968 1913 honestate
995 1853 1107 1933 vigere,
1136 1852 1249 1913 merita
1277 1852 1489 1932 suffragentur
1516 1852 1555 1913 ed
1583 1853 1644 1913 dis·

409 1957 608 2037 pensacionis
628 1958 766 2037 greciam
787 1958 1002 2037 optinendam,
1024 1963 1130 2019 tecum
1157 1962 1202 2029 ut,
1224 1956 1349 2018 deiectu
1376 1956 1530 2017 natalium
1552 1978 1647 2038 quem

407 2064 525 2143 pateris
563 2064 603 2125 de
641 2064 744 2125 soluto
782 2064 907 2143 genitus
945 2069 978 2125 et
1017 2064 1120 2125 soluta
1160 2083 1225 2124 non
1263 2062 1418 2133 obstante,
1458 2063 1497 2123 ad
1535 2082 1647 2124 omnes

407 2170 534 2231 ordines
561 2169 737 2249 promoveri
776 2189 813 2229 ac
845 2168 1032 2229 beneficium
1063 2167 1320 2238 ecclesiasticum,
1349 2166 1448 2227 eciam
1482 2168 1508 2227 si
1538 2188 1646 2228 curam

408 2277 523 2337 habeat
557 2276 742 2347 animarum,
784 2276 927 2355 optinere
969 2274 1054 2335 licite
1088 2274 1202 2343 valeas,
1245 2273 1433 2334 auctoritaie
1474 2273 1648 2353 apostolica

407 2382 582 2444 secundum
609 2380 743 2442 formam
763 2380 940 2441 litterarum
961 2379 1053 2440 nobis
1080 2400 1137 2459 pro
1165 2384 1197 2439 te
1219 2379 1417 2451 directarum,
1446 2399 1525 2459 quas
1548 2400 1649 2459 penes

409 2493 442 2549 te
469 2486 655 2558 dimisimus,
684 2492 794 2548 tenore
821 2486 1019 2565 presencium
1051 2484 1294 2545 misericorditer
1324 2484 1553 2564 dispensamus.
1606 2484 1648 2544 In

409 2593 500 2673 cujus
521 2592 575 2663 rei,
597 2597 656 2653 etc.
699 2592 819 2651 Datum
842 2590 1038 2661 Herefordie,
1061 2599 1115 2648 xs⁰
1135 2590 1185 2651 die
1206 2588 1325 2649 mensis
1348 2588 1540 2660 Decembris,
1563 2609 1651 2651 anno

410 2697 539 2758 Domini
561 2696 700 2757 M0000⁰
719 2696 869 2756 vicesimo
897 2700 1019 2775 quarto,
1040 2699 1100 2755 etc.

412 2925 474 2986 The.
505 2925 624 3005 Biahop
654 2924 863 2986 cmmnissimrs
897 2924 1027 2985 Thomas
1054 2925 1092 2985 dc
1122 2924 1275 2996 Ohcndos,
1305 2924 1388 2985 John
1418 2924 1455 2985 de
1485 2924 1516 2985 iu
1543 2924 1648 2997 Fclde,

532 3006 596 3067 und
629 3006 759 3066 Thomas
790 3006 828 3065 dc
859 3005 978 3083 Boleye,
1012 3012 1040 3065 to
1072 3012 1122 3065 act
1147 3006 1202 3085 sor
1233 3004 1299 3065 tim
1329 3005 1365 3065 in
1395 3005 1445 3066 thc
1475 3012 1586 3066 matter
1615 3006 1654 3085 os

535 3086 655 3148 Gilbcrt
685 3086 722 3146 de
753 3086 920 3157 Eulcdone,
951 3086 1042 3158 cleric,
1070 3086 1206 3166 purping
1236 3086 1362 3167 circaeis
1385 3088 1420 3167 of
1445 3086 1494 3147 the
1521 3086 1647 3164 cluzrpes

533 3167 661 3247 brought
688 3167 812 3245 against
841 3166 915 3227 tim.
1202 3201 1203 3204 =

490 3326 637 3384 Lrursm
657 3341 719 3384 rso
736 3340 1000 3383 usnrsumcross
1022 3340 1152 3383 cusmcr
1174 3323 1212 3383 G.
1227 3341 1271 3382 us
1295 3322 1645 3393 Rursusne—Adam,

407 3439 479 3504 etc,
500 3432 622 3493 dilectis
647 3431 680 3491 in
701 3430 828 3493 Christo
849 3430 931 3501 filiis,
954 3430 1113 3509 magistris
1134 3430 1253 3491 Thome
1274 3430 1313 3491 de
1334 3429 1513 3500 Obaundos,
1536 3429 1645 3490 Archi-

409 3541 540 3600 diacono
569 3537 804 3607 Hereiordensi,
826 3536 953 3598 domino
975 3536 1114 3597 Johanni
1142 3536 1180 3597 de
1201 3536 1232 3596 la
1253 3535 1358 3605 Felde,
1381 3540 1489 3596 nostre
1513 3534 1646 3596 ecclesie

409 3643 652 3707 Hereiordensls
679 3642 840 3713 canonico,
862 3647 894 3703 et
922 3641 1042 3702 Thome
1076 3641 1115 3701 de
1146 3640 1274 3719 Boleye,
1299 3640 1426 3701 Rectori
1446 3639 1578 3700 ecclesie
1606 3640 1646 3700 de

408 3751 574 3819 Estenore,
609 3753 717 3809 nostre
755 3747 898 3817 diocesis,
937 3746 1082 3817 salutem,
1121 3750 1181 3806 etc.
1237 3745 1286 3804 Ex
1314 3749 1404 3823 parte
1432 3744 1574 3804 Gilberto
1605 3744 1645 3805 de

408 3856 580 3926 Euledone,
602 3853 716 3924 clerici,
739 3872 833 3932 super
855 3852 1043 3933 quibusdam
1066 3850 1249 3911 criminibus
1271 3849 1340 3921 sibi,
1361 3855 1397 3910 ut
1418 3850 1541 3919 dicitur,
1563 3849 1645 3911 falso

408 3961 565 4041 impositis
593 3959 706 4020 irretiti
727 3979 831 4019 coram
852 3958 957 4038 judice
978 3956 1110 4018 seculari
1131 3957 1170 4018 de
1191 3955 1274 4017 iacto
1296 3956 1440 4026 convicti,
1462 3960 1494 4015 et
1521 3955 1562 4015 ob
1583 3956 1643 4016 boc

408 4068 442 4127 in
463 4071 571 4127 nostra
592 4064 739 4125 carcerali
759 4063 903 4124 custodia
923 4062 1043 4124 detenti
1071 4062 1162 4123 nobis
1189 4062 1264 4122 fuit¹
1299 4062 1460 4122 humiliter
1488 4062 1642 4142 supplica-

409 4177 478 4231 tum
506 4170 599 4251 quod,
624 4189 697 4230 cum
732 4168 800 4247 ipse
830 4168 961 4228 minime
995 4167 1189 4229 commiserit
1221 4167 1353 4227 crimina
1387 4167 1574 4247 supradicte,
1603 4167 1643 4227 ad

409 4276 621 4336 inducendum
635 4273 737 4335 eidem
758 4278 887 4353 propter
900 4271 1083 4351 hujusmodi
1103 4272 1337 4333 conviccionem
1352 4271 1515 4332 diffamato
1531 4292 1642 4352 purga·

409 4382 532 4443 cionem
553 4379 746 4449 canonicam,
768 4397 864 4458 quam
884 4378 953 4456 ipse
974 4382 1114 4457 prestare
1135 4398 1228 4457 posse
1250 4377 1372 4450 asserit,
1393 4377 1425 4436 in
1446 4378 1547 4439 forma
1564 4378 1645 4457 juris

407 4488 575 4568 procedere
596 4504 785 4546 curaremus.
838 4484 907 4545 Nos
928 4483 1032 4563 igitur,
1053 4482 1132 4562 juris
1156 4482 1297 4544 ordinem
1318 4481 1373 4562 qui
1399 4481 1432 4541 in
1461 4482 1643 4559 hujusmodi

407 4594 597 4674 purgacione
637 4591 807 4671 requiritur
847 4589 1060 4659 observantes,
1103 4588 1141 4650 de
1182 4588 1267 4647 fama
1304 4587 1404 4666 ipsius
1441 4593 1474 4647 et
1511 4589 1644 4649 veritste

406 4700 632 4781 premissorum
667 4697 799 4759 fecimus
830 4696 996 4775 diligenter
1029 4695 1154 4775 inquiri,
1190 4714 1248 4755 nec
1279 4694 1397 4774 aliquid
1427 4699 1537 4755 contre
1571 4714 1643 4756 eum

407 4806 604 4885 propositum
624 4802 675 4865 vel
694 4802 862 4882 probatum
883 4801 1063 4862 invenimus
1084 4800 1167 4879 quod
1192 4798 1261 4876 ejus
1285 4798 1507 4879 purgacionem
1531 4800 1646 4861 debeat

407 4910 569 4991 impedire.
621 4909 775 4984 Quocirca
796 4914 904 4969 tenore
925 4906 1123 4987 presencium
1145 4905 1233 4966 vobis
1254 4905 1482 4967 committimus
1502 4911 1535 4967 et
1556 4926 1643 4967 man·

408 5018 521 5079 damus
541 5016 691 5097 quatinus
712 5013 967 5075 denunciacionis
984 5011 1282 5093 proclamationibus
1297 5011 1456 5072 consuetis
1477 5016 1509 5072 et
1530 5011 1647 5074 debitis

809 5149 940 5192 1-sxtieit
952 5150 1050 5193 written
1063 5148 1139 5192 above
1152 5148 1175 5189 in
1190 5149 1241 5191 MS.
