3850 5917
692 663 853 744 Episcopi
880 663 1124 744 Hatasordensis.
1472 668 1530 727 281

82 900 164 939 t-D-
183 902 250 939 ¹³²⁴·
295 887 427 950 ecclesie
448 888 486 948 de
509 888 700 968 Mcelbracy,
725 894 833 950 nostre
853 889 996 961 diocesis,
1011 890 1101 970 'quod
1127 889 1288 969 sanguinis
1309 889 1471 961 effusione,
1496 895 1532 950 ut

292 992 417 1065 dicitur,
445 999 495 1055 est
520 993 686 1073 pollutum,
712 1013 749 1054 eo
773 1014 839 1055 non
859 993 1006 1055 obstante
1030 994 1114 1075 quod
1138 994 1327 1055 cimiterium
1351 994 1538 1075 hujusmodi

291 1098 399 1161 existit
423 1098 455 1158 in
480 1104 588 1167 nostra
614 1100 731 1161 diocesi
756 1100 918 1172 situatum,
943 1100 1033 1161 vobis
1053 1100 1138 1161 vices
1160 1105 1284 1161 nostras
1304 1099 1534 1161 committimus

290 1224 349 1285 per
378 1210 551 1284 presentes.
606 1204 646 1264 In
678 1206 768 1284 cujus
799 1205 854 1277 rei,
886 1210 945 1266 etc.
1002 1206 1121 1265 Detum
1154 1205 1336 1277 Londoniis,
1365 1206 1453 1284 xxiij⁰
1482 1204 1533 1265 die

291 1310 415 1382 Marcii,
444 1330 527 1371 anno
557 1310 687 1373 Domini
713 1312 947 1391 M⁰occ⁰xxiij⁰,
972 1316 1032 1372 etc.

295 1577 358 1637 The
394 1576 524 1657 Bishop,
562 1578 649 1657 beicq
683 1599 750 1646 now
781 1573 915 1647 ussured'
941 1580 1009 1640 thet
1041 1580 1090 1641 the
1123 1580 1266 1661 ctopclry
1298 1582 1333 1660 of
1363 1580 1473 1657 Willey
1505 1579 1533 1640 is

416 1659 548 1719 without
570 1679 640 1720 cure
668 1661 703 1739 os
720 1660 812 1731 sortis,
834 1660 991 1721 institutes
1016 1660 1127 1741 Philip
1148 1661 1267 1740 Harley
1292 1682 1327 1721 as
1347 1660 1467 1721 Rector.

373 1838 489 1899 Fenus
510 1856 751 1900 msmrvmorus
779 1857 897 1899 Psrrri
928 1857 993 1899 ruri
1021 1857 1259 1899 rsnsnvraruu
1289 1857 1332 1899 so
1361 1856 1532 1900 earnanru

291 1963 336 2005 on
368 1946 689 2021 Wmnnnrn.-Quia
719 1945 841 2025 pridem
872 1951 905 2007 te
936 1946 1027 2007 nobis
1056 1946 1095 2005 ed
1123 1944 1275 2025 capellam
1303 1946 1342 2006 de
1371 1945 1532 2025 Wileleye,

290 2057 400 2119 nostre
431 2052 573 2123 diocesis,
603 2057 778 2123 vacantem,
811 2057 963 2132 tanquam
992 2052 1031 2112 ad
1058 2051 1188 2113 liberam
1217 2051 1393 2112 animarum
1425 2072 1532 2112 curam

290 2178 356 2219 non
393 2158 573 2229 habentem,
614 2164 805 2238 presentato,
842 2179 902 2220 nos
936 2179 976 2218 sn
1012 2159 1121 2219 eadem
1157 2158 1276 2238 capella
1312 2178 1368 2219 seu
1402 2158 1534 2219 ecclesia

290 2269 401 2325 curata
427 2265 523 2325 luerit
549 2285 590 2325 an
618 2285 683 2326 non
723 2265 907 2336 hesitantes,
936 2285 1032 2344 super
1069 2264 1130 2325 hiis
1158 2264 1274 2345 inquiri
1301 2264 1433 2325 fecimus
1464 2264 1532 2325 dili-

290 2375 410 2449 genter,
438 2390 475 2430 ac
506 2371 635 2431 tandem
666 2390 723 2449 per
744 2370 925 2448 hujusmodi
954 2370 1194 2450 inquisicionem
1221 2370 1342 2431 vocatis
1365 2370 1534 2431 evocandis

290 2475 507 2554 sollempniter
544 2476 584 2535 ad
616 2476 801 2535 mandatum
843 2481 989 2536 nostrum
1024 2475 1186 2535 habitam'
1207 2496 1244 2536 ac
1292 2476 1353 2536 ulia
1393 2476 1533 2555 legitima

289 2581 479 2642 documenta
500 2582 679 2642 invenimus
700 2582 802 2661 ipsam
824 2582 906 2642 infra
926 2582 1006 2643 fines
1028 2602 1084 2643 seu
1104 2582 1222 2643 limites
1243 2582 1373 2643 ecclesie
1389 2583 1530 2663 parochi·

291 2686 351 2748 elis
386 2688 424 2748 de
453 2687 607 2748 Wenloke
635 2687 851 2759 constitutam,
886 2688 1048 2768 ipsiusque
1085 2706 1191 2748 curam
1224 2688 1400 2748 animarum
1434 2708 1533 2767 penes

291 2793 425 2854 eandem
454 2798 490 2853 ut
521 2793 687 2855 ecclesiam
712 2794 876 2854 matricem
900 2798 932 2854 et
960 2792 1171 2873 parochialem
1200 2792 1342 2863 existere,
1367 2814 1404 2853 sc
1431 2794 1531 2853 eciam

289 2918 347 2977 per
370 2898 432 2959 alia
455 2898 571 2959 indicia
592 2898 792 2969 sufficientia,
814 2919 948 2978 quorum
969 2904 1116 2979 pretextu
1138 2898 1257 2978 capella
1277 2919 1341 2959 non
1364 2905 1472 2959 curata
1492 2900 1531 2960 de

287 3003 358 3083 jure
392 3004 505 3064 debeat
538 3004 687 3083 reputari.
744 3004 838 3066 Unde
873 3025 941 3075 nos,
977 3024 1014 3065 cx
1052 3004 1215 3083 premissis
1240 3010 1273 3065 et
1303 3004 1372 3065 aliis
1406 3004 1530 3084 plenius

288 3109 459 3179 informati,
488 3110 589 3189 ipsam
622 3109 775 3189 capellam
806 3109 936 3171 liberam
970 3109 1038 3170 sine
1067 3111 1243 3169 animarum
1271 3129 1346 3169 cura
1373 3108 1470 3170 fuisse
1498 3115 1531 3171 et

289 3234 360 3277 esse
381 3216 615 3277 sentencialiter
636 3216 832 3277 declaramus
852 3236 889 3276 ac
910 3216 1166 3295 pronunciamus,
1190 3236 1227 3275 ac
1252 3220 1283 3276 te
1306 3215 1346 3275 ed
1369 3222 1529 3295 presenta-

289 3321 413 3383 cionem
440 3322 656 3402 religiosorum
686 3321 834 3393 virorum,
863 3321 981 3383 Prioris
1019 3326 1051 3382 et
1089 3320 1272 3382 Conventus
1300 3320 1338 3381 de
1367 3320 1529 3394 Wenloke,

289 3426 449 3486 mediante
471 3426 709 3505 presentacione
732 3446 788 3487 seu
810 3426 1030 3488 nominaoione
1052 3427 1178 3487 domine
1201 3426 1306 3505 Burge
1328 3427 1366 3487 de
1382 3427 1528 3506 Harleye,

289 3548 363 3591 vere
389 3535 523 3608 patrone
547 3530 699 3609 ejusdem,
741 3536 902 3610 tanquam,
930 3535 967 3591 ut
997 3530 1199 3609 premittitur,
1229 3551 1293 3591 non
1322 3537 1472 3601 curatum,
1497 3538 1531 3593 te

289 3636 453 3696 caritative
481 3636 688 3708 admittimus,
717 3641 750 3697 et
777 3636 945 3699 Rectorem
966 3637 1116 3698 canonice
1137 3636 1332 3699 instituimus
1355 3637 1387 3696 in
1410 3639 1528 3699 eadem.

288 3740 330 3801 In
358 3740 458 3820 cujus,
480 3746 540 3801 etc.

288 3960 372 4055 nar.
394 3994 666 4073 rc-oemflcae
691 3994 726 4067 ot
750 3994 889 4054 virium
915 3994 953 4055 ue
976 3994 1147 4074 sauppe
1163 3994 1230 4054 uer
1256 3994 1291 4055 te
1316 3994 1370 4055 tas
1398 3995 1467 4055 tou
1488 4015 1531 4055 an

416 4075 544 4154 inquiry
571 4074 674 4135 which
687 4094 795 4154 proves
818 4075 885 4135 rtur
907 4075 957 4136 tte
977 4076 1121 4155 cbapelry
1146 4077 1180 4155 of
1201 4075 1311 4153 Wituy
1337 4076 1391 4135 hos
1413 4076 1528 4153 always

416 4156 487 4217 beart
509 4155 639 4216 without
659 4175 730 4216 cure
749 4156 785 4236 os
801 4156 893 4217 ceals.

371 4327 675 4389 Osarrrrosrosruu
710 4344 855 4386 uarnsrr
889 4345 1052 4388 corrsrrr
1088 4346 1122 4387 ur
1157 4345 1257 4387 Parus
1291 4345 1396 4387 ranrn
1434 4346 1527 4387 rrum

289 4450 427 4493 rnoxrur
447 4451 534 4493 ronrr
549 4450 654 4492 surnn
675 4451 859 4492 merismu
881 4438 1027 4493 cursitas
1049 4451 1092 4492 nn
1108 4432 1528 4495 wintarus-Reverendo

290 4539 324 4598 in
345 4538 473 4601 Christo
499 4539 592 4618 patri,
614 4559 651 4599 sc
678 4538 806 4600 domino
827 4560 894 4611 suo,
923 4540 1051 4601 domino
1071 4539 1147 4611 Ade,
1179 4544 1249 4611 etc,
1279 4540 1328 4599 W.
1354 4540 1392 4600 de
1420 4539 1526 4601 Fowe·

289 4644 382 4724 hope,
404 4643 479 4704 dicti
498 4644 598 4723 patris
618 4644 652 4703 in
675 4644 724 4705 eui
748 4644 898 4706 Officislis
918 4644 1065 4705 absencia
1093 4645 1335 4707 commissarius
1355 4644 1527 4716 Generalis,

289 4748 514 4820 obedienciam,
535 4750 747 4810 reverenciam
771 4755 803 4811 et
824 4750 985 4812 honorem.
1033 4750 1221 4811 Mandatum
1242 4755 1381 4811 vestrum
1406 4761 1458 4813 xv⁰
1478 4750 1530 4811 die

291 4854 410 4916 mensis
431 4854 543 4915 Marcii
564 4854 668 4934 recepi
690 4859 831 4917 tenorem
853 4855 1019 4917 continens
1040 4855 1273 4935 infrascriptum
1285 4857 1444 4928 z—Adcm,
1467 4862 1526 4917 etc.

292 4953 392 5042 Cuius
419 4960 606 5022 auctoritate
638 4962 778 5021 mandati
805 4962 845 5022 ad
873 4961 991 5023 dictam
1019 4961 1182 5023 ecclesiam
1221 4982 1277 5023 seu
1308 4961 1459 5041 capellam
1488 4963 1528 5023 de

293 5064 447 5147 Wileleye
466 5066 673 5146 personaliter
691 5067 852 5140 secedens,
875 5067 996 5129 vocatis
1018 5068 1154 5129 dominis
1176 5067 1284 5129 Priore
1305 5073 1338 5129 et
1363 5068 1529 5129 conventu
