3850 5917
694 679 844 759 Episcopi
872 680 1116 760 Heresordeesis.
1464 682 1523 741 327

76 911 162 951 A-D·
180 910 240 951 ¹³2⁵·
284 904 428 976 salutem,
444 910 502 965 ete.
545 904 635 965 Licet
656 904 805 965 dilectum
822 904 932 977 filium,
954 906 1140 985 magistrum
1155 907 1309 966 Thomam
1330 906 1368 965 de
1386 904 1523 983 Astleye,

285 1011 473 1072 canonicum
494 1011 577 1071 dicte
609 1016 715 1072 nostre
737 1011 868 1072 ecclesie
900 1011 1152 1083 Herefordensis,
1182 1013 1232 1071 cui
1261 1012 1452 1091 prebendam
1482 1011 1521 1071 de

166 1140 171 1147 ·
285 1116 523 1195 Ewythyntone
555 1117 587 1175 in
627 1117 736 1177 eadem
767 1122 878 1178 nostra
912 1117 1044 1178 ecclesia
1082 1124 1158 1177 tunc
1189 1124 1354 1178 vacantem
1389 1116 1521 1177 contuli-

285 1223 411 1283 masin
439 1242 574 1302 persone
603 1222 815 1302 procuratoris
843 1223 901 1293 sui,
931 1243 988 1302 per
1020 1243 1077 1283 vos
1101 1223 1135 1281 in
1165 1228 1306 1283 vestrum
1335 1222 1522 1283 concanoni-

285 1348 358 1388 cum
386 1333 419 1389 et
447 1328 479 1388 in
514 1328 643 1389 fratrem
679 1328 775 1407 recipi
810 1335 842 1389 et
874 1329 1008 1399 admitti,
1044 1335 1077 1390 et
1108 1329 1235 1389 stallum
1266 1328 1325 1389 sibi
1360 1329 1393 1387 in
1428 1329 1524 1389 choro

285 1439 318 1495 et
339 1435 440 1494 locum
464 1436 497 1493 in
512 1434 658 1514 Capitale
673 1435 756 1495 dicte
771 1440 877 1495 nostre
895 1434 1026 1495 ecclesie
1047 1435 1209 1514 assignari,
1225 1456 1261 1495 ac
1282 1434 1315 1494 in
1329 1434 1523 1514 corporalem

285 1540 519 1619 possessionem
540 1540 623 1600 dicte
644 1540 801 1619 prebende
822 1540 928 1599 induci
950 1540 1204 1600 mandaverimus
1224 1546 1257 1600 et
1288 1540 1463 1611 fecerimus,
1486 1545 1523 1601 ut

285 1652 335 1707 est
356 1646 461 1716 moris,
484 1646 578 1707 certis
603 1652 709 1706 tamen
732 1664 770 1706 ex
800 1646 903 1707 causis
932 1645 1021 1706 vobis
1052 1646 1247 1725 injungimus
1276 1651 1307 1706 et
1337 1646 1525 1706 mundamus

286 1752 445 1832 quatinus,
463 1773 535 1813 cum
552 1753 656 1813 dictus
673 1754 822 1832 magister
841 1753 979 1814 Thomas
995 1753 1202 1832 personaliter
1218 1753 1328 1814 advos
1348 1753 1524 1824 accesserit,

285 1859 466 1938 supradicta
487 1858 519 1916 in
541 1857 640 1937 ipsius
661 1878 837 1938 personam,
866 1859 1016 1939 quatinus
1047 1858 1107 1919 sibi
1138 1860 1272 1939 expedit,
1294 1860 1411 1939 absque
1436 1880 1524 1920 more

284 1963 449 2042 dispendio
481 1963 674 2041 compleatis,
707 1963 857 2027 iacientes
890 1964 949 2025 sibi
981 1965 1020 2024 de
1051 1964 1134 2025 dicte
1165 1964 1322 2043 prebende
1360 1963 1523 2036 fructibus,

228 2135 235 2147 ,
285 2068 498 2147 proventibus,
524 2068 779 2140 obveneionibus,
801 2090 837 2129 ac
859 2070 972 2131 ceteris
992 2070 1113 2149 juribus
1139 2072 1178 2130 ad
1200 2072 1356 2150 premissa
1377 2076 1520 2150 spectan-

286 2173 379 2244 tibus,
401 2174 551 2253 quatinus
573 2174 611 2234 ad
634 2194 690 2235 vos
718 2176 841 2246 attinet,
864 2176 985 2255 integre
1005 2176 1196 2257 responderi.
1238 2176 1358 2237 Valete.
1402 2176 1521 2235 Datum

285 2280 369 2358 apud
392 2279 595 2351 Middeltone,
618 2282 662 2359 vj⁰
682 2280 732 2341 die
754 2282 873 2342 mensis
895 2282 982 2352 Maii,
1005 2302 1088 2343 anno
1109 2283 1239 2342 Domini
1261 2282 1482 2343 M⁰OCO⁰xxv⁰.

285 2561 379 2642 April
405 2562 579 2640 4.—Ropal
609 2562 702 2641 Brief
728 2562 914 2643 instructinp
943 2564 992 2624 the
1021 2564 1141 2641 Slwriff
1163 2565 1199 2642 ef
1230 2564 1465 2644 Herejordsbire
1493 2572 1523 2625 ιο

408 2644 567 2704 command
590 2644 638 2703 ibe
659 2644 777 2722 Bisbop
799 2651 828 2704 ιο
849 2644 1001 2723 recopaise
1023 2645 1072 2704 the
1092 2645 1202 2723 Kieq's
1218 2645 1303 2723 replet
1317 2646 1352 2724 os
1365 2653 1522 2724 praecia

410 2724 475 2785 tiore
490 2732 518 2785 ιο
535 2724 583 2784 ibe
592 2724 726 2803 prebend
740 2726 775 2803 os
792 2726 939 2785 Moretorr.
982 2727 1018 2804 Is
1032 2726 1081 2785 the
1095 2725 1213 2805 Bisbop
1226 2727 1341 2805 refuses
1355 2725 1521 2796 obediencie,

410 2806 458 2865 the
477 2806 595 2884 Sbere'ff
612 2805 640 2865 e's
663 2812 692 2865 ιο
713 2826 851 2867 sanemoe
872 2806 937 2865 tem
958 2813 988 2866 ιο
1009 2827 1124 2885 appear
1145 2807 1242 2886 before
1264 2807 1312 2867 the
1334 2806 1468 2867 Jaste'ces
1488 2814 1524 2867 οι

413 2886 629 2947 Westrne'esler.

367 3042 484 3102 Bneve
516 3044 620 3103 Reers
653 3060 822 3102 marcarum
844 3042 1043 3103 Vrcecotarr
1065 3043 1327 3104 Hnansosnensr
1358 3060 1420 3103 reo
1441 3060 1518 3099 aaa·

284 3166 394 3207 sauna
429 3165 472 3207 nn
509 3148 932 3219 Monnrona.-Edwardus,
968 3153 1038 3220 etc,
1073 3149 1259 3209 Vicecomiti
1294 3147 1521 3209 Herefordensi

284 3253 428 3314 salutem.
484 3255 614 3333 Precipe
636 3254 710 3325 Ade,
733 3255 893 3334 Episcopo
921 3254 1156 3323 Herelordensi,
1188 3255 1272 3335 quod
1292 3256 1377 3333 juste
1397 3259 1429 3315 et
1451 3254 1520 3315 sine

284 3358 437 3419 dilacione
457 3360 621 3438 permittat
642 3379 700 3420 nos
715 3364 896 3438 presentare
915 3360 1061 3420 idoneam
1080 3379 1247 3438 personum
1268 3360 1307 3419 ad
1329 3358 1521 3438 prebendam

283 3465 323 3525 de
344 3465 490 3525 Mortone
511 3465 544 3523 in
569 3465 701 3525 eeclesia
721 3464 823 3525 saneti
845 3464 1032 3535 Ethelberti‚
1065 3464 1259 3535 Herefordie,
1281 3484 1343 3544 que
1363 3470 1463 3535 vacat,
1488 3469 1520 3524 et

283 3571 324 3630 ad
351 3575 492 3631 nostram
521 3575 644 3649 spectat
670 3572 876 3631 donacionem
897 3570 1023 3631 racione
1052 3570 1272 3650 temporalium
1308 3571 1521 3650 Episcopatus

285 3676 526 3738 Herelordensis
562 3677 594 3735 in
615 3695 711 3737 manu
735 3682 844 3737 nostra
872 3677 1089 3747 existencium,
1125 3677 1208 3737 unde
1238 3676 1322 3737 idem
1343 3677 1522 3756 Episcopus

283 3802 342 3843 nos
363 3782 481 3861 injuste
505 3782 645 3860 impedit,
667 3786 703 3841 ut
724 3781 847 3853 dicitur,
877 3786 910 3841 et
931 3782 992 3843 nisi
1014 3782 1131 3852 iecerit,
1157 3802 1323 3842 summane
1342 3802 1400 3862 per
1422 3782 1521 3843 bonos

283 3886 527 3947 summonitores
558 3886 733 3965 predictum
766 3887 960 3967 Episcopum
995 3888 1079 3968 quod
1118 3888 1160 3949 sit
1195 3908 1299 3948 eoram
1331 3888 1522 3949 Justicieriis

282 3994 401 4054 nostris
432 3993 515 4074 apud
547 3993 866 4054 westmonasterium
897 4014 916 4053 a
946 3994 997 4054 die
1028 3994 1151 4055 Pasche
1181 3993 1215 4053 in
1246 4013 1346 4053 unum
1376 4014 1519 4055 mensem

282 4105 468 4161 ostensurus
496 4118 592 4178 quare
623 4119 687 4159 non
719 4098 836 4159 fecerit.
896 4100 940 4159 Et
961 4099 1077 4160 habeas
1109 4098 1151 4159 ibi
1173 4099 1465 4170 summonicionem,
1487 4104 1520 4160 et

283 4206 343 4267 hoc
364 4205 466 4267 breve.
508 4206 600 4266 Teste
623 4225 673 4266 me
697 4206 766 4284 ipso
798 4206 881 4286 apud
903 4205 1090 4275 Merewelle‚
1122 4204 1180 4283 iiij⁰
1210 4204 1261 4265 die
1287 4204 1411 4283 Aprilis,
1433 4224 1518 4264 enno

283 4312 371 4391 regni
391 4312 492 4373 nostri
522 4311 644 4372 decima
665 4318 785 4373 octavo.

282 4566 358 4644 May
379 4564 600 4625 4.—Maedate
620 4565 656 4643 os
674 4564 723 4624 the
745 4564 839 4625 Oaarl
860 4564 895 4641 of
915 4563 1114 4641 Genterbary,
1146 4565 1288 4642 orderieq
1320 4564 1369 4625 che
1393 4564 1514 4655 Bishop

406 4654 435 4707 ιο
455 4646 598 4706 institute
620 4645 703 4706 John
723 4644 759 4705 de
779 4646 902 4705 Dereion
923 4652 951 4704 ιο
975 4644 1024 4704 tlte
1038 4645 1172 4723 prebend
1192 4646 1227 4723 os
1244 4646 1383 4706 Moretore
1402 4645 1517 4705 witlam

406 4734 515 4804 twenty
546 4726 633 4803 daps,
665 4746 700 4787 or
731 4733 760 4786 ιο
791 4746 906 4805 appear
937 4724 1064 4802 brocself
1092 4725 1189 4804 before
1221 4726 1270 4786 the
1303 4726 1406 4787 (laert.
1451 4726 1514 4786 The

403 4808 557 4878 mandate,
580 4806 721 4878 however,
743 4826 805 4867 was
827 4806 952 4867 reooked
973 4826 1013 4867 oe
1033 4807 1110 4883 May
1139 4810 1189 4867 18.

367 4974 558 5035 Massaron
595 4974 700 5035 Onam
735 4974 998 5034 (lustusamans
1043 4990 1213 5031 praecaute
1257 4972 1420 5033 Errscoro
1458 4991 1519 5033 rso

285 5096 399 5139 canna
430 5096 612 5152 aseneum,
644 5096 820 5139 aecurrunt
852 5078 1040 5150 Lousonna,
1072 5086 1118 5136 1x⁰
1142 5095 1199 5136 nne
1221 5076 1313 5149 Men,
1336 5094 1377 5136 er
1397 5094 1519 5137 roseae
