3850 5917
231 907 287 945 Μ),
305 907 359 946 1319.

403 677 461 736 114
778 681 958 759 chistrum
985 682 1051 742 Adc
1077 682 1114 743 dc
1143 683 1267 744 Orlcton

485 903 527 962 Et
556 922 621 981 ege,
644 905 681 962 R.
706 906 824 982 Hervy,
853 905 998 984 publicus
1021 907 1101 967 sccri
1133 907 1269 967 Romani
1298 907 1428 987 Imperii
1452 909 1643 970 auctoritate

401 1011 552 1078 noterius,
592 1011 754 1088 premissis
791 1011 937 1072 omnibus
976 1018 1008 1072 et
1039 1012 1171 1091 singulis
1207 1032 1337 1091 presens
1365 1013 1503 1085 interlui,
1542 1034 1643 1094 esque

401 1117 464 1176 vidi
487 1117 553 1176 tisri
575 1125 607 1177 et
626 1117 740 1186 audivi,
759 1117 879 1196 scripsi,
902 1123 934 1177 et
953 1117 1119 1196 publicavi,
1142 1137 1274 1196 meoque
1293 1118 1387 1178 solito
1408 1117 1499 1196 siguo
1520 1119 1643 1196 signavi

401 1223 461 1283 hoc
482 1244 612 1302 presens
633 1223 793 1303 publicum
816 1225 1063 1284 instrumentum
1086 1224 1159 1284 inde
1175 1224 1353 1284 confectum
1372 1224 1403 1282 in
1422 1223 1641 1284 testimonium

401 1330 625 1407 premissorum
644 1336 781 1409 rogetus.

400 1573 476 1650 Msp
500 1572 652 1632 e-Jotn
674 1573 711 1632 dc
731 1573 862 1632 Lndlow
876 1572 1059 1633 undertakes
1076 1580 1104 1634 to
1124 1592 1272 1633 renocnce
1294 1572 1343 1633 the
1360 1571 1491 1651 pensiore
1511 1574 1641 1650 created

522 1653 656 1812 Ziqqqficbp
683 1654 783 1731 Roqer
810 1654 846 1713 de
881 1654 1032 1714 Breinton
1057 1653 1145 1713 when
1173 1653 1210 1714 he
1235 1654 1318 1712 shall
1346 1653 1421 1713 lusce
1448 1652 1593 1713 obtained
1620 1675 1643 1713 o

482 1892 642 1950 anssro
685 1909 835 1951 escensu
878 1909 1050 1951 rsnsmnrs
1092 1911 1161 1951 ocu
1203 1909 1369 1950 rsov1ssu
1410 1908 1476 1950 sier
1517 1909 1640 1950 russis

401 2015 444 2055 nn
474 2015 649 2056 nsuemcro
682 1997 1150 2058 reomenses-Universa
1178 1997 1218 2057 sd
1243 2015 1322 2076 quos
1346 2002 1510 2074 presentes
1534 1996 1641 2057 littere

399 2101 599 2180 pervenerint
639 2101 668 2160 J.
701 2102 739 2162 de
779 2101 953 2171 Lodelowe,
990 2102 1093 2162 dictus
1132 2102 1171 2162 de
1212 2101 1432 2172 Leominstrin,
1474 2100 1642 2180 presbyter

400 2206 642 2267 Herelordensis
670 2207 813 2277 diocesis,
840 2206 975 2267 salutem
1015 2206 1047 2265 in
1083 2207 1222 2267 Domino
1254 2207 1489 2286 sempiternam.
1547 2207 1638 2269 Licet

399 2313 546 2373 dominus
574 2313 715 2391 Rogerus
752 2313 791 2372 de
828 2312 1020 2390 Breyntone,
1057 2313 1173 2372 Rector
1211 2312 1341 2373 ecclesie
1376 2312 1414 2372 de
1444 2313 1520 2381 Ake,
1553 2313 1637 2374 dicte

399 2419 541 2489 diocesis,
588 2439 643 2497 per
689 2419 846 2498 quoddam
887 2418 1049 2498 publicum
1091 2419 1337 2479 instrumentum
1380 2439 1476 2479 msnu
1511 2420 1639 2480 Ricardi

399 2524 508 2594 Hervi,
531 2523 644 2593 clerici,
666 2523 780 2584 notarii
808 2522 925 2602 publici
947 2523 1137 2602 infrascripti
1156 2523 1345 2594 confectum,
1371 2522 1481 2603 sigillis
1509 2545 1638 2584 venera·

398 2631 470 2692 bilis
493 2631 601 2710 petris,
627 2630 747 2690 domini
770 2631 815 2700 A,
840 2629 900 2690 Dei
924 2629 1029 2709 grecis
1055 2629 1296 2690 Herelordensis
1318 2629 1479 2709 Episcopi,
1504 2635 1537 2691 et
1561 2631 1638 2691 dicti

399 2737 513 2816 Rogeri
550 2736 731 2815 sigillatum,
775 2736 808 2794 in
843 2736 873 2794 xl
886 2756 910 2795 s.
953 2755 1058 2796 annue
1099 2735 1261 2814 pensionis
1295 2737 1336 2795 sd
1372 2735 1489 2796 festum
1534 2738 1638 2798 sencti

399 2843 565 2903 Michaelis
586 2848 618 2902 et
643 2841 809 2902 Dominice
835 2841 1101 2902 Annuncincionis
1122 2840 1280 2902 solvendis
1304 2846 1457 2920 perpetuo
1481 2846 1637 2914 teneatur,

397 2955 491 3028 prout
513 2948 545 3006 in
568 2948 636 3026 ipso
657 2947 869 3008 instrumento
890 2947 1007 3026 poterit
1028 2966 1187 3026 apparere,
1212 2965 1270 3026 ego
1298 2953 1405 3007 temen
1426 2947 1456 3007 J.
1475 2948 1638 3026 predictus

397 3052 468 3114 volo
499 3073 622 3113 exnunc
654 3058 686 3113 et
717 3053 854 3112 concedo
886 3053 970 3133 quod
997 3052 1157 3132 quamcito
1184 3073 1241 3132 per
1271 3053 1481 3114 venerabilem
1512 3061 1637 3133 petrem

395 3159 572 3239 predictum
590 3159 726 3219 aliumve
745 3178 964 3238 quemcunque
984 3159 1023 3218 de
1039 3158 1232 3237 competenti
1249 3157 1401 3220 beneficio
1422 3159 1637 3221 ecclesiastico

396 3265 493 3325 michi
514 3263 681 3344 contigerit
710 3264 865 3343 provideri
894 3263 1083 3324 auctoritate
1115 3262 1204 3324 Sedis
1226 3262 1415 3343 Apostolice,
1441 3284 1498 3325 seu
1522 3267 1636 3344 quovis

397 3371 458 3431 elio
493 3371 586 3430 modo
621 3369 781 3440 csnonico,
817 3368 867 3429 rel
902 3368 999 3429 michi
1033 3369 1128 3428 fuerit
1162 3368 1303 3429 oblatum
1338 3369 1401 3430 tels
1436 3368 1635 3440 beneficium,

396 3483 511 3537 extunc
547 3476 667 3535 dictum
702 3475 948 3535 instrumentum
983 3473 1145 3553 pensionis
1176 3473 1316 3553 predicte
1353 3475 1481 3552 penitus
1514 3475 1636 3537 viribus

396 3588 555 3654 vacuetur,
578 3587 609 3642 et
631 3581 670 3642 sd
692 3581 885 3642 solucionem
907 3581 1007 3660 ipsius
1027 3580 1189 3660 pensionis
1211 3580 1352 3659 prefatus
1373 3580 1520 3641 dominus
1542 3582 1580 3641 R.
1602 3589 1637 3643 et

395 3707 506 3748 omues
526 3707 653 3748 ceuscm
675 3684 828 3746 hebentes
854 3685 893 3745 sb
915 3705 951 3746 eo
976 3684 1107 3745 minime
1131 3690 1308 3756 teneantur,
1333 3685 1523 3746 renuncians
1544 3687 1633 3746 omni

394 3793 455 3873 juri
478 3799 510 3854 et
531 3790 689 3852 exsccioni
710 3791 851 3870 ejusdem
872 3790 1093 3869 inperpetuum
1125 3809 1182 3868 per
1208 3794 1380 3868 presentes.
1423 3789 1463 3848 In
1498 3809 1634 3870 quorum

396 3898 613 3960 testimonium
638 3915 768 3976 presens
793 3896 1041 3956 instrumentum
1064 3895 1168 3956 dictus
1189 3895 1331 3974 Rogerus
1355 3900 1388 3955 et
1408 3913 1466 3974 ego
1486 3915 1544 3974 per
1563 3916 1633 3977 pre-

396 4005 496 4064 fatum
522 4002 756 4082 infrascriptum
778 4001 936 4061 noterium
960 4001 1029 4061 fieri
1050 4001 1181 4062 fecimus
1202 4000 1375 4080 sigillorum
1400 4007 1634 4063 nostrorumst

395 4109 471 4170 dicti
506 4109 605 4188 petris
633 4107 825 4187 appensione
854 4107 1020 4166 munitum.
1078 4107 1157 4166 Acts
1188 4112 1265 4167 sunt
1305 4106 1364 4167 heo
1405 4107 1439 4166 in
1478 4108 1634 4171 Avinione

395 4215 428 4275 in
456 4214 597 4294 hospicio
628 4215 713 4294 quod
737 4219 813 4273 tuuc
843 4213 995 4291 temporis
1023 4211 1211 4272 inhabitavit
1231 4211 1418 4273 vensrsbilis
1449 4219 1541 4292 peter
1560 4234 1631 4294 pre·

394 4322 507 4392 dictus,
536 4341 619 4381 enno
647 4319 776 4381 Domini
802 4318 1013 4390 Mrccorxixr,
1042 4319 1217 4379 indiccione
1244 4319 1392 4389 secunde,
1421 4319 1633 4383 Pontilicstus

394 4428 513 4490 domini
534 4428 563 4486 J.
584 4427 670 4505 Pape
687 4425 791 4485 XXIJ
812 4444 896 4485 enno
917 4425 1024 4496 tercio,
1046 4425 1165 4486 mensis
1185 4425 1262 4485 Meli
1284 4425 1335 4486 die
1348 4426 1413 4504 vj‘0,
1429 4428 1631 4506 presentibus

394 4533 538 4595 discretis
562 4533 637 4592 viris
662 4530 820 4610 msgistris
845 4530 958 4608 Egidio
982 4531 1022 4590 de
1046 4529 1255 4609 Bsggeshore,
1278 4531 1413 4592 Rectore
1437 4531 1569 4594 ecclesie
1590 4535 1632 4596 de

394 4639 513 4701 Astone
539 4637 727 4707 Gentelowe,
753 4642 785 4697 et
809 4636 956 4697 ‚Iohanne
980 4635 1072 4707 Rees,
1097 4636 1232 4697 Rectore
1255 4635 1386 4698 ecclesie
1411 4637 1449 4698 de
1475 4638 1630 4711 Shsrleld,

394 4744 636 4807 Herelordensis
657 4750 690 4804 et
711 4741 939 4822 wigorniensis
960 4741 1141 4812 diocesium,
1162 4741 1204 4801 sd
1224 4741 1285 4801 hoc
1303 4741 1423 4804 vocetis
1442 4743 1578 4806 testibus
1596 4750 1631 4806 et

394 4852 520 4932 rogetis.

476 4980 519 5039 Et
541 4998 598 5058 ego
622 4976 775 5038 Ricardus
802 4975 920 5054 Hervy,
942 4975 1074 5036 clericus
1102 4975 1353 5045 Herelordensis,
1378 4976 1525 5056 puplicus
1546 4980 1627 5040 sscri

394 5085 529 5147 Romsni
552 5083 681 5163 Imperii
706 5081 893 5143 auctoritate
916 5081 1068 5153 noterius,
1093 5080 1256 5160 premissis
1274 5081 1421 5144 omnibus
1443 5087 1476 5144 et
1495 5084 1629 5164 singulis
