3850 5917
405 692 465 751 aas
662 660 673 685 ⁹
779 694 959 773 saraiam
985 696 1052 758 aaa
1078 697 1115 757 a
1145 698 1268 759 aaron

237 924 292 961 Α-θ·
310 924 363 963 ¹³²⁶*
410 916 558 989 videritis,
581 918 774 980 edictorum
802 920 947 981 ordinum
971 922 1157 984 execucione
1185 943 1348 1003 suspenso,
1370 924 1507 997 demum,
1528 925 1641 986 suffra·

407 1022 554 1101 gantibus
579 1024 637 1085 sibi
659 1024 789 1096 meritis,
811 1025 934 1107 alioque
962 1028 1113 1090 canonico
1134 1048 1198 1089 non
1219 1030 1374 1102 obstante,
1403 1051 1498 1110 super
1524 1030 1640 1111 irregu-

407 1127 531 1189 laritate
560 1134 592 1190 et
613 1129 809 1191 inhabilitate
830 1152 868 1192 ex
892 1133 1054 1212 premissis
1075 1134 1244 1195 contractis
1272 1141 1305 1195 et
1329 1135 1468 1215 ipsorum
1495 1136 1642 1196 ordinum

405 1254 443 1294 ex
478 1236 672 1307 execucione,
712 1237 896 1299 dumtame'n
931 1240 964 1298 in
1000 1259 1107 1301 eorum
1142 1239 1325 1320 recepciono
1359 1241 1428 1320 ejus
1461 1241 1642 1321 ignoraucia

406 1360 513 1401 crassa
534 1361 598 1401 non
619 1340 713 1403 fuerit
734 1342 783 1403 vel
805 1344 926 1423 supina,
949 1344 1138 1425 dispensetis
1160 1345 1402 1407 misericorditer
1422 1367 1493 1407 cum
1518 1347 1639 1407 eodem.

406 1445 526 1505 Datum
562 1446 725 1519 Avinione,
761 1448 827 1527 viij⁰
860 1449 958 1522 iunii,
988 1451 1196 1513 Pontificatus
1227 1452 1346 1514 domini
1370 1452 1526 1514 Johannis
1553 1454 1640 1533 Papo

404 1551 479 1631 xxij⁰
500 1572 583 1614 anno
604 1553 734 1615 decimo.

408 1836 485 1915 tuly
506 1828 662 1897 21.-Tte
690 1836 808 1916 Bisbop
836 1837 871 1915 os
895 1836 1035 1906 Lorrdorr,
1058 1836 1095 1914 by
1122 1836 1273 1899 directior
1300 1839 1335 1918 os
1363 1838 1411 1899 the
1439 1838 1637 1918 Archbisbop,

533 1918 680 1977 instratis
710 1917 759 1977 tha
789 1917 908 1997 Bishop
936 1919 972 1995 os
996 1918 1148 1997 Hereford
1176 1926 1205 1979 to
1235 1919 1295 1979 cite
1326 1919 1374 1980 tha
1398 1919 1505 1998 Olcrpy
1536 1921 1571 1999 of
1588 1920 1639 1981 tis

521 1998 653 2158 piocgat
667 1999 794 2138 tqgserul
814 1999 1063 2077 representation
1086 2007 1115 2059 to
1137 1999 1185 2059 the
1205 1999 1387 2061 Provinoinl
1412 2000 1540 2061 Couneil
1553 2000 1640 2078 fiand

540 2098 574 2138 or
623 2100 638 2139 c
657 2126 662 2137 .
728 2125 734 2138 .

487 2245 665 2307 Venerabili
696 2246 729 2305 in
761 2244 887 2306 Christo
917 2245 1010 2325 patri,
1032 2245 1160 2305 domino
1191 2246 1251 2307 Dei
1280 2246 1383 2325 gaola
1414 2246 1638 2307 Herafordensi

407 2351 574 2432 Episcopo,
598 2350 787 2430 Stephanus,
810 2350 949 2430 ejusdem
972 2350 1178 2430 permissione
1201 2350 1430 2413 Londonisnsis
1451 2352 1637 2431 Episcopus,

406 2458 550 2529 salutem,
586 2463 644 2518 etc.
702 2457 889 2517 Mandatum
918 2456 1080 2517 reverendi
1116 2456 1148 2516 in
1186 2456 1313 2518 Christo
1344 2458 1453 2538 patris,
1496 2457 1637 2529 Walteri,

408 2572 477 2636 eto,
507 2565 691 2645 recepimus,
720 2564 779 2625 sub
810 2565 869 2625 hac
901 2558 1232 2636 forma-walterus,
1261 2571 1330 2636 etc,
1353 2565 1522 2625 venerabili
1549 2565 1637 2625 fratri

404 2676 522 2743 nostro,
552 2670 678 2731 domino
701 2670 742 2741 S,
765 2670 825 2731 Dei
845 2670 949 2749 gracia
971 2670 1184 2731 Londoniensi
1215 2670 1383 2750 Episcop0,
1412 2671 1556 2741 salutem,
1577 2677 1636 2731 etc.

407 2777 562 2852 Quoniam
611 2776 744 2857 quedam
791 2775 983 2854 expedienda
1020 2776 1144 2836 noviter
1184 2782 1379 2836 emerserunt
1421 2775 1639 2836 universaliter

406 2883 580 2954 ecclesiam,
602 2902 669 2953 nos,
700 2887 732 2941 et
760 2886 881 2942 ceteros
902 2882 1049 2961 prelatos,
1071 2902 1107 2941 ac
1129 2880 1246 2941 clerum
1272 2886 1378 2942 nostre
1401 2881 1637 2943 Cantuariensis

403 2990 562 3070 provincie
597 2988 830 3058 concernanoia,
866 3008 926 3067 que
971 2988 1089 3067 absque
1126 2988 1289 3067 presencia
1330 2988 1453 3048 illorum
1495 2989 1637 3049 omnium

405 3096 581 3176 aliqualiter
594 3099 756 3174 nequeunt
774 3092 922 3172 expediri,
945 3093 983 3153 de
998 3092 1128 3153 consilio
1142 3092 1365 3154 venerabilium
1387 3098 1522 3172 patrum,
1537 3093 1634 3153 domi·

404 3221 525 3273 norum,
551 3200 720 3271 Guillelmi,
747 3199 806 3260 Dei
827 3198 930 3278 gracia
951 3198 1186 3278 Archiepiscopi
1207 3198 1404 3268 Viennensis,
1426 3202 1459 3259 et
1480 3198 1635 3278 Hugonis,

404 3307 554 3387 Episcopi
586 3306 792 3376 Aurasiensis,
825 3306 1005 3384 Apostolice
1037 3305 1127 3365 Sedis
1158 3305 1354 3377 nunciorum,
1385 3324 1509 3365 necnon
1536 3311 1569 3366 et
1596 3306 1636 3366 de

405 3413 535 3474 consilio
563 3412 758 3493 quorundam
781 3410 913 3470 fratrum
943 3414 1122 3470 nostrorum
1144 3429 1244 3488 nuper
1273 3409 1440 3470 Cantuarie
1469 3429 1634 3489 congrega·

404 3525 507 3579 torum
530 3517 790 3578 convooacionem
813 3516 993 3595 hujusmodi
1015 3515 1081 3576 fore
1102 3515 1296 3575 decrevimus
1318 3513 1502 3575 faciendam.
1537 3515 1636 3576 Vobis

403 3624 499 3703 igitur
512 3622 739 3683 committimus
754 3627 786 3682 et
807 3622 994 3681 mandamus
1009 3620 1158 3701 quatinus
1171 3620 1364 3682 venerabiles
1383 3620 1495 3681 fratres
1509 3628 1634 3683 nostros

402 3730 616 3809 suffraganeos
643 3734 806 3808 presentes
831 3728 863 3787 in
891 3747 996 3807 regno,
1018 3748 1055 3788 ac
1083 3727 1264 3788 absencium
1291 3728 1423 3787 fratrum
1446 3728 1479 3787 in
1507 3728 1632 3807 spiritu·

403 3836 503 3897 alibus
531 3841 563 3897 et
592 3833 817 3914 temporalibus
844 3833 977 3894 vicarios
1008 3833 1177 3912 generales,
1208 3852 1263 3893 seu
1295 3832 1372 3892 alios
1400 3852 1480 3911 quos
1500 3832 1539 3891 ad
1574 3833 1634 3893 hoo

402 3941 547 4002 duxerint
582 3940 795 4008 dimittendos,
831 3940 977 4000 Decanos
1010 3945 1042 4000 et
1076 3937 1222 4017 Capitula
1248 3937 1474 3997 cathedralium
1509 3936 1633 3998 ecolesi-

403 4067 502 4119 arum,
539 4066 662 4107 necnon
690 4046 789 4105 eciam
818 4044 964 4123 Capitula
998 4043 1231 4121 collegiatarum
1272 4040 1483 4112 ecclesiarum,
1525 4041 1633 4103 Archi-

402 4155 550 4214 diaconos
574 4152 745 4221 universos,
770 4149 914 4220 Abbatos,
938 4154 971 4209 et
992 4148 1116 4209 Priores
1140 4168 1235 4227 supra
1255 4168 1289 4208 se
1314 4146 1451 4209 Abusus
1471 4148 1503 4207 in
1525 4152 1636 4208 nostra

401 4258 562 4338 provincia
603 4278 667 4318 non
708 4256 870 4327 habentes,
913 4260 979 4315 tam
1020 4260 1183 4333 exemptos
1219 4272 1313 4333 quam
1355 4273 1418 4313 non
1460 4259 1634 4333 exemptos,

404 4364 628 4435 Cisterciensis,
672 4362 896 4432 Cluniacensis,
940 4361 1128 4421 Sanctorum
1169 4358 1334 4420 Benedicti
1375 4363 1407 4418 et
1455 4358 1634 4438 Augustini,

404 4468 623 4541 cartusiensis,
648 4466 952 4536 Grandimontensis,
975 4470 1008 4527 et
1028 4466 1160 4526 aliorum
1181 4464 1335 4534 ordinum,
1357 4484 1527 4543 eorumque
1551 4464 1631 4525 Con-

400 4582 523 4646 ventus,
559 4574 749 4655 Prepositos,
779 4572 1074 4652 Archipresbiteros,
1106 4573 1270 4632 domorum
1301 4569 1401 4631 eciam
1428 4570 1631 4649 hospitalium

402 4681 503 4741 sancti
538 4680 693 4741 iohannis
731 4678 987 4748 ierosolimitani,
1023 4683 1132 4737 sancte
1166 4676 1266 4736 Maris
1301 4675 1565 4737 Theutonicorum
1600 4682 1636 4737 et

403 4786 671 4849 calatravensium
705 4784 880 4863 magistros,
908 4784 1042 4852 Priores,
1071 4788 1103 4843 et
1131 4783 1344 4861 Preceptcres,
1372 4801 1542 4862 eorumque
1564 4781 1633 4843 loca

402 4896 555 4961 tenentes,
579 4891 758 4970 clerumque
780 4890 946 4970 cujuslibet
968 4889 1104 4950 civitatis
1125 4894 1157 4949 et
1186 4887 1318 4947 diocesis
1339 4892 1445 4948 nostre
1472 4886 1633 4967 provincie
1835 4965 1836 4976 ἵ

402 4998 589 5079 supradicte,
633 4997 737 5057 citetis
779 5016 835 5057 seu
877 4996 973 5056 citare
1007 4994 1129 5055 faciatis
1170 4991 1388 5073 peremptorie,
1430 4993 1513 5072 quod
1554 4992 1631 5053 dicti

402 5103 594 5166 venerabiles
622 5102 743 5175 fratres,
768 5108 838 5173 eta,
862 5101 1077 5182 personaliter,
1103 5099 1248 5179 Capitula
1272 5104 1377 5160 autem
1401 5117 1554 5178 persnas
1578 5099 1633 5161 de·
