3850 5917
688 664 838 744 Episcopi
865 664 1109 745 Horcsordcnsis.
1457 664 1517 725 319

81 896 160 937 ffl-
176 897 236 936 Μ·
278 889 432 970 capellam
446 891 598 952 accedens
612 890 827 970 personaliter,
842 896 875 951 et
889 891 1030 952 delectus
1049 890 1207 970 predictos
1221 890 1302 951 visui
1324 910 1515 971 supponem,

278 996 416 1065 eosdem,
439 996 557 1057 vocatis
579 996 618 1056 ad
639 995 698 1057 hec
728 996 876 1075 primitus
903 997 1080 1068 evocandis,
1109 1017 1166 1076 per
1186 996 1269 1058 viros
1290 996 1464 1077 fidedignos
1485 1001 1518 1057 et

278 1100 400 1179 juratos
421 1099 679 1180 inquirendorum
699 1100 849 1168 noticiam
877 1100 1089 1161 verisimiliter
1109 1100 1298 1172 obtinentes,
1320 1100 1417 1162 iacias
1441 1100 1515 1162 fide·

279 1207 352 1267 liter
388 1206 538 1277 estimari,
587 1206 670 1267 bona
709 1205 921 1267 ecclesiastica
962 1206 1078 1266 ibidem
1124 1206 1294 1267 existenoia
1336 1226 1435 1285 usque
1477 1206 1516 1265 ad

279 1312 517 1374 estimacionem
534 1311 715 1392 hujusmodi
737 1317 948 1392 sequestrans,
966 1316 999 1373 et
1016 1312 1075 1373 sub
1097 1316 1165 1373 arto
1186 1312 1368 1373 custodiens
1390 1331 1515 1391 seques-

280 1424 339 1489 tro,
383 1438 546 1499 quousque
587 1418 728 1479 delectus
773 1418 955 1498 hujusmodi
1006 1438 1143 1498 congrue
1185 1418 1301 1480 luerint
1344 1417 1514 1489 reformati,

280 1524 526 1585 contradictores
571 1529 603 1585 et
638 1524 793 1604 sequestri
835 1524 880 1584 tui
916 1524 1093 1595 violatores,
1136 1523 1163 1584 si
1204 1523 1258 1603 qui
1299 1522 1425 1594 luerint,
1461 1544 1518 1603 per

281 1649 483 1710 quascunque
505 1648 654 1690 censuras
674 1629 911 1700 ecclesiasticas,
933 1634 966 1689 et
986 1629 1234 1709 publicaoionem
1255 1648 1363 1689 earum
1382 1629 1516 1709 solemp-

281 1756 354 1797 nem
389 1734 539 1797 oanonice
570 1734 806 1814 compescendo.
863 1734 946 1808 Quid
980 1740 1085 1795 autem
1118 1733 1264 1805 feceritis,
1286 1739 1345 1795 etc.
1396 1733 1516 1795 Valete.

282 1842 401 1901 Datum
420 1841 504 1920 apud
528 1842 673 1911 Poterne,
696 1840 742 1919 iij⁰
762 1840 845 1900 Non.
867 1840 1018 1911 Januarii,
1040 1860 1124 1901 anno
1145 1839 1274 1899 Domini
1296 1837 1517 1910 M⁰OOO⁰xxv⁰‚

280 1951 341 2007 eto.

280 2198 353 2260 Dec.
379 2198 535 2260 irs-Tha
559 2198 677 2278 Bishop
700 2199 736 2277 of
758 2198 914 2277 llorrdoff
938 2198 994 2259 tos
1018 2197 1209 2277 comploirrcd
1238 2204 1266 2259 ιο
1292 2197 1341 2258 tlra
1367 2197 1462 2259 Gourt
1485 2200 1521 2277 os

407 2280 597 2357 Oootcrbary
619 2280 686 2340 thot
708 2278 757 2339 tho
778 2279 869 2339 titlrcs
891 2279 926 2357 os
946 2280 992 2339 oll
1013 2279 1062 2339 tbc
1084 2286 1200 2339 essoris
1223 2279 1258 2338 in
1282 2279 1331 2339 tho
1356 2278 1463 2339 Forcst
1485 2281 1520 2357 of

404 2361 494 2421 Deos
518 2361 622 2437 baana
647 2368 675 2421 ιο
702 2360 750 2421 the
776 2360 929 2421 Ohurchcs
953 2360 990 2436 os
1009 2360 1165 2438 Ltovrdoff
1185 2360 1248 2419 ond
1273 2358 1423 2420 Nowlond
1447 2360 1516 2439 (op-

400 2440 581 2521 propriotod
606 2448 636 2501 ιο
659 2441 844 2580 Llondopss
872 2447 922 2518 yet
946 2440 1054 2519 Rolplr
1077 2440 1113 2500 do
1137 2440 1297 2510 Abccholl,
1320 2439 1386 2500 who
1408 2438 1516 2500 cloims

405 2530 434 2582 ιο
463 2522 496 2582 bc
522 2522 634 2582 Rcctor
660 2522 695 2600 os
726 2522 784 2581 Bic
806 2542 870 2593 nor,
901 2521 956 2581 hos
984 2520 1083 2581 scizocl
1111 2521 1229 2582 certain
1256 2521 1291 2599 os
1324 2520 1372 2581 tho
1401 2517 1515 2590 rictas}

405 2603 469 2662 ond
484 2602 533 2663 tha
557 2602 676 2681 Bislrop
697 2603 732 2681 os
753 2602 913 2681 Herosord,
937 2601 1027 2662 when
1049 2602 1196 2680 oppeolai
1222 2607 1260 2672 ιο,
1287 2602 1342 2661 bos
1366 2601 1517 2679 noqlootcd

407 2690 436 2744 ιο
462 2684 501 2744 do
524 2682 639 2762 justice
666 2682 702 2742 in
729 2683 778 2743 tho
804 2689 923 2743 orottcr.
986 2682 1098 2760 Actioq
1126 2703 1166 2743 on
1192 2702 1213 2742 ο
1239 2682 1384 2743 modale
1408 2683 1443 2759 os
1468 2682 1517 2742 the

407 2764 510 2834 Oourt,
546 2764 595 2824 tho
630 2764 747 2843 Bislaop
772 2764 807 2842 os
838 2762 990 2842 Hereford
1018 2763 1148 2841 (theoph
1183 2762 1218 2823 lie
1249 2762 1357 2824 doubts
1385 2762 1518 2822 wlwtber

404 2845 480 2905 such
504 2866 524 2905 ο
547 2845 715 2923 covnploint
740 2844 794 2903 lios
819 2844 916 2921 really
940 2864 1020 2903 coma
1040 2844 1124 2922 from
1148 2844 1197 2903 ite
1221 2843 1340 2921 Bishop
1364 2843 1399 2921 os
1419 2843 1517 2903 Llon·

403 2926 712 3067 qpffpmopmmissions
737 2924 878 2984 Williom
897 2925 935 2984 dc
958 2924 1130 3004 Fownhopo
1152 2931 1181 2984 ιο
1202 2924 1286 2984 settle
1309 2923 1357 2984 tlra
1379 2924 1516 2985 business

362 3174 555 3233 Miunaruu
576 3192 637 3233 vso
665 3191 818 3243 ovasnni
842 3173 997 3234 Eiuscovr
1023 3174 1251 3233 Liunivnusm
1280 3192 1403 3233 couniri
1431 3174 1516 3234 Rac-

281 3296 393 3339 ronnir
414 3296 458 3337 na
480 3277 817 3347 Bianoris—Adam,
843 3284 912 3348 etc,
930 3278 1066 3337 discreto
1087 3278 1163 3348 viro,
1189 3278 1315 3358 filioque
1336 3278 1369 3337 in
1391 3277 1518 3339 Christo

281 3384 404 3455 dilecto,
434 3384 583 3463 magistro
604 3384 655 3443 W.
678 3383 716 3443 de
746 3382 932 3462 Fowehope‚
959 3382 1086 3443 Rectori
1108 3382 1238 3443 ecclesie
1270 3384 1308 3443 de
1337 3382 1517 3462 Westbury‚

280 3495 388 3552 nostre
418 3489 560 3560 diocesis,
593 3489 817 3550 Commissario
855 3494 964 3549 nostro
996 3488 1029 3548 in
1061 3488 1160 3549 nostri
1189 3488 1338 3549 Officialis
1373 3489 1519 3550 absencia

281 3596 428 3676 generali,
450 3594 594 3664 salutem,
616 3599 676 3655 etc.
719 3594 907 3654 Mandatum
928 3593 1115 3654 venerabilis
1136 3593 1203 3664 viri,
1226 3594 1345 3653 domini
1367 3594 1517 3654 Officialis

281 3700 375 3762 Ourie
396 3699 633 3761 cantuariensis
658 3699 713 3778 xij⁰
734 3700 785 3759 die
806 3699 924 3759 mensis
946 3698 1131 3759 Decembris
1152 3698 1327 3777 recepimus
1352 3698 1518 3759 continens

280 3806 367 3866 hunc
391 3811 533 3867 tenorem
549 3825 599 3864 :-
607 3804 786 3865 Venerabili
821 3803 853 3863 in
890 3804 1017 3865 Christo
1048 3805 1139 3883 patri,
1176 3804 1304 3865 domino
1339 3805 1414 3875 Ado,
1447 3811 1516 3876 etc„

281 3910 431 3971 Officialis
464 3910 556 3971 Curio
591 3909 827 3970 Cautuariensis
849 3910 992 3980 salutem,
1025 3914 1084 3969 etc.
1137 3909 1302 3983 Querulum
1331 3911 1517 3973 venerabilis

280 4016 389 4095 patris,
412 4015 531 4075 domini
553 4014 573 4075 J
576 4062 592 4085 .,
615 4014 675 4075 Dei
695 4014 799 4094 gracia
821 4014 1036 4079 Laudavensis
1059 4014 1218 4093 Episcopi,
1247 4034 1373 4094 gravem
1402 4018 1517 4096 recepi-

282 4144 354 4183 mus
374 4122 590 4183 continentem
613 4121 706 4201 quod,
726 4140 798 4180 oum
816 4140 926 4180 omues
947 4124 980 4180 et
1000 4120 1180 4179 omnimode
1201 4120 1321 4181 decime
1338 4121 1376 4181 de
1390 4122 1517 4201 quibus·

281 4247 406 4308 cunque
441 4227 570 4287 essartis
599 4226 806 4306 imposterum
840 4225 1033 4287 assartandis
1059 4225 1140 4284 infra
1176 4224 1325 4287 forestam
1354 4228 1392 4288 de
1427 4229 1518 4289 Daue

281 4338 432 4395 exeuntes
466 4332 724 4412 qualitercunque
760 4331 990 4411 provenientes,
1027 4330 1066 4389 ad
1103 4330 1268 4390 ecclesiam
1305 4332 1517 4393 cathedralem

282 4438 531 4508 landavensem,
552 4442 585 4497 et
616 4436 781 4497 ecclesiam
802 4436 840 4497 de
865 4436 957 4497 Nova
987 4435 1091 4505 Terra,
1113 4440 1217 4495 vestre
1251 4435 1393 4507 diocesis,
1415 4438 1516 4498 eidem

282 4543 413 4605 ecclesie
445 4542 643 4603 landavensi
675 4542 824 4602 canonice
856 4541 1088 4621 appropriatam
1111 4540 1338 4620 pertinuissent
1366 4547 1398 4603 ot
1423 4544 1518 4622 perti-

282 4668 357 4709 nere
392 4647 550 4717 deberent,
586 4647 713 4726 quidam
748 4646 934 4725 Radulphus
970 4646 1009 4706 de
1043 4645 1224 4707 Abbenhale
1259 4648 1448 4725 pretendens
1484 4670 1519 4710 se

282 4753 450 4814 Rectorem
482 4753 520 4812 de
551 4752 716 4821 Bikenoro‚
749 4752 890 4829 ejusdem
919 4757 1023 4813 vestre
1054 4752 1196 4821 diocesis.
1228 4772 1285 4831 per
1315 4772 1350 4813 se
1380 4757 1412 4814 et
1444 4774 1518 4817 suos

283 4858 437 4937 quasdam
457 4857 595 4918 decimae
622 4858 662 4919 de
682 4857 870 4937 quibusdam
895 4858 976 4918 infra
996 4857 1147 4918 forestam
1174 4858 1347 4937 predictam
1375 4861 1517 4937 proveni-

284 4969 376 5025 entes
405 4963 524 5041 injuste
558 4964 732 5043 occupavit,
763 4965 949 5043 occuparivo
983 4964 1153 5036 mandavit,
1185 4964 1347 5043 dictasque
1371 4963 1519 5027 ecclesias

285 5069 525 5130 landavensem
556 5075 589 5131 ot
620 5071 658 5131 de
689 5069 781 5130 Nova
811 5069 906 5130 Terra
937 5070 1124 5150 quibusdam
1156 5070 1286 5131 decimis
1318 5070 1356 5131 de
1388 5072 1518 5133 assertis
