3850 5917
375 687 434 749 ras
750 689 929 768 nactam
955 689 1021 751 aaa
1047 689 1085 752 a
1114 691 1237 752 oasa

200 917 259 959 M>-
273 918 329 958 ¹³²⁰·
373 913 593 995 Shenygfelde‚
614 925 667 974 xv⁰
696 915 747 976 die
778 915 898 978 mensis
926 913 1125 988 Novembris,
1157 937 1241 978 anno
1263 917 1392 978 Domini
1412 917 1612 991 meudun,

372 1025 433 1081 etc.

373 1275 451 1336 Noe.
477 1275 650 1353 4.—Roper
679 1274 727 1352 [dc
750 1274 968 1358 Mortivcllis],
993 1275 1112 1354 Bishop
1136 1276 1172 1354 of
1196 1275 1371 1354 Solirbury,
1396 1276 1536 1356 confirma
1562 1277 1612 1337 tha

753 1355 797 1517 v
886 1355 1306 1518 f„s
1326 1357 1479 1436 ἥῆἥ
1508 1365 1536 1418 ω

455 1604 695 1666 Arrsornmcro
726 1622 885 1664 accusem
921 1623 965 1665 ou
1003 1606 1466 1668 effervescens-Universa
1501 1612 1611 1668 sancte

373 1710 485 1771 matris
505 1710 637 1791 ecclesie
657 1709 731 1770 filiis
755 1710 951 1789 adquorum
977 1710 1127 1771 noticiam
1152 1711 1330 1790 pervenerit
1358 1713 1417 1773 hec
1445 1712 1610 1792 scriptura,

371 1807 532 1896 Rogerus,
545 1816 752 1896 permissione
780 1816 887 1876 divina
916 1816 1165 1878 Saresburiensis
1197 1817 1384 1898 Episcopus,
1415 1819 1548 1880 salutem
1577 1819 1611 1877 in

372 1943 411 1983 eo
442 1943 537 2002 quem
557 1922 680 2002 peperit
712 1927 822 1982 uterus
850 1921 1020 2000 virginalis.
1064 1921 1202 1983 Litteras
1230 1922 1419 2002 apostolicas
1450 1943 1522 1983 oum
1557 1923 1611 1984 filo

372 2029 473 2089 serico
504 2034 537 2088 et
564 2045 640 2088 vera
660 2027 746 2087 bulla
765 2027 914 2106 plumbea
936 2027 1080 2099 bullatas,
1105 2027 1139 2086 in
1160 2028 1247 2088 nulls
1270 2028 1318 2088 sui
1338 2034 1427 2108 parts
1447 2034 1611 2109 corruptas

372 2135 568 2214 inspeximus
585 2138 728 2194 tenorem
744 2133 798 2212 qui
820 2133 963 2212 sequitur
982 2133 1182 2194 continentes
1195 2133 1263 2193 :-J
1265 2133 1407 2194 ohannes
1422 2133 1610 2213 Episcopus,

372 2259 481 2300 servus
516 2258 677 2300 servorum
710 2238 780 2309 Dei,
812 2238 935 2300 dilectis
970 2239 1052 2310 filiis,
1082 2240 1211 2299 Decano
1245 2243 1277 2299 et
1306 2238 1452 2318 Capitulo
1480 2239 1611 2301 ecclesie

372 2344 624 2416 Herefordensis,
651 2344 786 2405 salutem
820 2349 853 2404 et
888 2344 1094 2425 apostolicam
1135 2344 1398 2405 benediccionem.
1454 2345 1611 2407 Personas

372 2456 496 2512 vestras
516 2450 696 2512 devocionis
724 2455 827 2512 vestre
856 2450 978 2511 moritis
1006 2451 1202 2530 exigentibus
1233 2457 1365 2530 paterna
1396 2451 1612 2514 benivolencia

371 2567 600 2635 prosequentes
615 2554 825 2634 peticionibus
839 2555 953 2617 vestris
970 2555 1104 2616 libenter
1122 2555 1301 2626 annuimus,
1316 2576 1440 2636 easque,
1456 2564 1611 2637 quantum

374 2681 447 2722 cum
475 2663 544 2722 Deo
568 2681 747 2741 possumus,
775 2660 988 2721 favorabiliter
1022 2661 1214 2721 exaudimus.
1272 2661 1422 2722 Exhibita
1454 2663 1611 2743 siquidem

372 2767 464 2829 nobis
492 2772 598 2828 vestra
627 2767 743 2846 peticio
778 2766 960 2828 continebat
988 2767 1072 2846 quod
1106 2787 1162 2827 vos
1190 2766 1266 2828 olim
1295 2767 1445 2829 fabricam
1480 2769 1611 2831 ecclesie

373 2873 617 2934 Herefordensis
654 2873 830 2933 instaurare
856 2871 1008 2944 volentes,
1045 2892 1140 2952 supra
1171 2873 1413 2934 fundamentum
1444 2875 1611 2954 antiquum

371 2979 457 3059 quod
486 2978 603 3057 judicio
630 2977 893 3038 cementariorum
927 2997 985 3038 seu
1019 2977 1271 3050 architectorum,
1301 2979 1354 3059 qui
1390 2981 1422 3039 in
1458 2987 1525 3042 arte
1553 3002 1611 3043 sua

372 3083 601 3164 reputabantur
614 3083 717 3163 periti,
738 3083 865 3143 firmum
884 3087 917 3144 ot
936 3083 1072 3144 solidum
1092 3084 1271 3164 putabatur,
1291 3085 1392 3146 multa
1412 3088 1452 3146 ad
1466 3088 1610 3150 decorem

372 3191 486 3250 domus
520 3190 581 3250 Dei
615 3189 848 3268 superedifioari
882 3187 1002 3250 fecistis
1037 3209 1130 3269 opere
1166 3196 1369 3271 sumptuoso;
1408 3193 1441 3252 in
1476 3213 1610 3273 quorum

373 3295 611 3356 construccione
635 3295 746 3374 viginti
770 3294 858 3354 milia
882 3314 1059 3355 marcarum
1081 3295 1302 3376 sterlingorum
1324 3298 1511 3378 etamplius
1536 3319 1609 3359 con·

374 3400 564 3479 sumpsistis,
589 3404 622 3460 et
649 3398 723 3478 quic
753 3405 882 3478 propter
912 3398 1107 3460 debilitatem
1132 3399 1329 3460 fundamenti
1358 3401 1490 3481 predicti
1525 3405 1609 3482 quod

374 3505 650 3585 superedificatum
683 3509 732 3566 est
763 3509 885 3564 tantam
913 3525 999 3564 nunc
1032 3505 1171 3565 minatur
1205 3505 1329 3566 ruinam
1368 3508 1452 3586 quod
1491 3508 1609 3587 judicio

375 3610 472 3674 simili
500 3610 583 3671 aliud
611 3611 785 3671 remedium
809 3610 950 3671 adhiberi
983 3630 1047 3671 non
1075 3613 1192 3692 poterit
1221 3612 1283 3672 nisi
1310 3613 1450 3691 predicte
1478 3614 1609 3677 ecclesie

375 3717 494 3779 fabrica
515 3737 533 3777 a
560 3716 766 3776 fundamento
795 3715 934 3776 totaliter
955 3716 1146 3788 innovetur;
1167 3723 1375 3797 propterque
1398 3723 1431 3778 ct
1455 3738 1610 3798 expensas

372 3823 473 3883 eciam
497 3821 598 3881 factas
616 3840 673 3900 per
693 3839 749 3880 vos
770 3819 803 3878 in
828 3819 1052 3899 prosecuoione
1076 3821 1328 3881 canonizacionis
1353 3821 1434 3882 bone
1459 3825 1609 3886 memorie

370 3928 492 3989 Thome
526 3927 565 3987 de
600 3925 778 4005 Cantilupo,
817 3926 968 4006 Episcopi
1007 3926 1257 3998 Herefordensis,
1294 3927 1388 3989 variis
1429 3931 1609 4008 premimini

371 4034 497 4104 debitis,
531 4053 591 4093 nos
624 4037 757 4112 paterno
790 4032 880 4092 vobis
916 4052 1011 4112 super
1044 4033 1106 4093 hiis
1145 4034 1376 4112 compacientes
1415 4035 1540 4108 affectu,
1576 4043 1609 4098 et

373 4140 516 4201 volentes
543 4144 710 4217 propterea
739 4138 828 4199 vobis
866 4138 905 4198 de
933 4137 1066 4217 alicujus
1094 4139 1314 4201 subvencionis
1342 4140 1482 4202 subsidio
1505 4143 1608 4221 provi-

373 4247 456 4317 dere,
481 4243 693 4324 parochialem
724 4243 889 4304 ecclesiam
914 4244 953 4322 de
979 4243 1168 4323 Shenigfold,
1198 4243 1230 4302 in
1262 4264 1324 4324 qua
1343 4245 1395 4325 jus
1421 4251 1609 4325 patronatus

371 4350 549 4432 proponitis
569 4369 626 4411 vos
650 4342 774 4419 habere,
796 4349 949 4429 cujusque
970 4349 1111 4411 redditus
1138 4369 1177 4410 xx
1209 4350 1359 4411 librarum
1386 4352 1609 4432 sterlingorum

371 4459 546 4520 secundum
566 4456 763 4516 taxacionem
785 4455 905 4515 decime
927 4455 1066 4516 valorem
1091 4475 1231 4516 annuum
1259 4476 1322 4516 non
1347 4457 1512 4530 excedunt,
1535 4479 1608 4521 cum

372 4564 493 4643 capella
533 4563 571 4623 de
601 4559 796 4622 Swalvvefeld
826 4560 1024 4639 dependente
1052 4560 1091 4620 ab
1116 4580 1161 4629 ea,
1193 4560 1433 4622 sarisburiensis
1465 4562 1607 4636 diocesis,

374 4670 506 4749 aliisque
527 4668 649 4748 juribus
668 4671 700 4727 et
722 4665 925 4745 pertinenciis
944 4666 1020 4736 suis,
1040 4665 1129 4726 vobis
1147 4670 1179 4725 et
1204 4664 1333 4726 ecclesie
1353 4672 1457 4728 vestre
1479 4668 1511 4728 in
1530 4689 1608 4731 usus

372 4774 489 4834 fabrice
517 4773 659 4852 ejusdem
680 4771 811 4833 ecclesie
838 4771 1090 4842 Herefordensis,
1122 4769 1239 4831 fabrica
1266 4771 1334 4850 ipsa
1354 4771 1496 4844 durante,
1521 4781 1607 4853 post-
1650 4821 1654 4832 .

373 4879 503 4940 modum
525 4897 599 4939 vero
620 4897 679 4956 pro
700 4877 771 4937 aliis
793 4876 936 4956 ejusdem
951 4876 1082 4938 ecclesie
1103 4876 1345 4938 Herelordensis
1366 4880 1609 4943 necessitatibus

373 4984 497 5045 facilius
518 4983 750 5062 supportandis,
765 4983 945 5054 dummodo,
966 4987 1001 5043 ut
1021 4975 1170 5054 asseritis,
1189 4983 1241 5062 jus
1260 4987 1445 5062 patronatus
1465 4985 1609 5048 habeatis

371 5091 474 5160 inea,
496 5088 529 5147 in
553 5107 632 5148 usus
647 5089 791 5167 proprios
812 5089 986 5167 apostolica
1008 5088 1195 5149 auctoritate
1217 5088 1427 5162 concedimus,
1450 5093 1609 5154 sueciam
