3850 5917
673 714 824 794 Episcopi
851 715 1094 794 Herescrdensis.

117 973 162 1011 tv*
176 971 222 1011 ¹³¹8·
265 963 396 1024 Generol
410 964 496 1044 form
516 965 552 1043 of
568 964 778 1044 appoiotmcot
798 965 847 1040 sor
867 965 996 1026 Pronior
1017 972 1046 1025 to
1068 965 1117 1025 the
1139 965 1234 1025 Goort
1255 966 1290 1044 of
1307 964 1411 1025 Rome.

133 1147 171 1186 Fal.
182 1149 210 1186 22

345 1135 433 1195 Irnn
458 1152 567 1194 nosne
601 1151 836 1195 Psooumrosn
861 1151 1024 1194 nmrnnor
1054 1152 1097 1194 ao
1132 1151 1256 1194 cuelin
1282 1132 1503 1196 Romanam.-

262 1241 301 1301 In
330 1241 477 1301 omnibns
516 1240 621 1302 causis
659 1249 691 1300 et
733 1239 870 1317 negociis
904 1259 985 1319 quas
1019 1247 1052 1300 et
1083 1259 1145 1320 que
1175 1241 1209 1299 in
1238 1239 1383 1299 Romana
1413 1237 1502 1298 curia

262 1345 409 1426 prosequi
437 1354 470 1406 et
497 1344 664 1406 defendere
688 1351 833 1405 tenemur
856 1351 985 1424 propter
1013 1345 1200 1405 citacionem
1224 1363 1280 1403 seu
1297 1342 1502 1421 prefixionem

262 1451 341 1529 juris
369 1451 419 1512 vel
448 1450 587 1510 bominis
611 1450 701 1510 nobie
732 1451 870 1528 legitime
895 1448 998 1510 iactas
1026 1449 1075 1510 vel
1102 1449 1309 1527 imposterum
1334 1447 1498 1508 iaciendas

263 1557 407 1628 iacimus,
439 1557 675 1627 constituimus,
706 1562 737 1615 et
771 1556 954 1617 ordinamus
982 1555 1113 1616 dilectos
1153 1555 1243 1615 nobis
1271 1555 1304 1613 in
1333 1553 1501 1614 Christo—

262 1671 294 1723 et
318 1681 427 1724 eorum
453 1662 625 1742 quemlibet
650 1661 682 1721 in
712 1661 858 1732 solidum,
884 1662 929 1721 ita
956 1661 1042 1740 quod
1062 1680 1126 1721 non
1154 1660 1196 1720 sit
1224 1659 1334 1719 melior
1358 1657 1501 1719 condicio

263 1767 459 1846 occupantis,
495 1775 621 1827 nostros
660 1785 750 1826 veros
781 1778 813 1826 et
841 1765 999 1845 legitimos
1036 1773 1257 1844 procuratores
1296 1783 1332 1825 ac
1367 1765 1501 1824 nuncios

263 1875 425 1952 speciales,
456 1873 570 1933 dantes
591 1873 637 1933 eis
665 1880 696 1932 et
725 1893 831 1933 eorum
861 1873 991 1934 cuilibet
1029 1873 1061 1932 in
1090 1873 1254 1952 premissis
1281 1876 1313 1931 et
1339 1891 1402 1931 non
1430 1870 1503 1932 aliis

262 1989 456 2059 potestatem
495 1979 623 2040 nomine
650 1979 780 2040 ecclesie
811 1984 918 2040 nostre
945 1989 979 2040 et
1007 1988 1116 2040 nostro
1144 1978 1269 2058 agendi,
1298 1975 1499 2046 defendendi,

263 2093 322 2146 etc.

265 2341 330 2401 Oct.
354 2338 512 2400 18—le
540 2337 658 2418 Bishop
682 2339 804 2401 collutos
831 2339 951 2400 Gilbort
975 2341 1012 2400 do
1036 2339 1210 2400 Middloton
1235 2346 1264 2400 to
1289 2338 1338 2398 the
1362 2337 1501 2397 Prcbcnd

386 2421 422 2499 os
447 2419 577 2488 Hinton,
602 2420 675 2488 ond,
694 2422 771 2500 soor
795 2421 872 2498 daps
899 2421 985 2492 lotor,
1009 2421 1084 2481 cites
1114 2421 1255 2481 william
1278 2420 1315 2480 do
1342 2420 1499 2498 Koapton,

388 2501 437 2560 the
460 2508 582 2580 present
611 2501 715 2560 bobior
735 2502 769 2581 os
795 2502 843 2561 tha
866 2501 956 2574 stall,
981 2509 1010 2562 to
1031 2501 1111 2562 show
1131 2521 1221 2562 consa
1241 2500 1310 2579 why
1333 2499 1368 2560 hc
1388 2498 1502 2560 alicuid

386 2589 439 2642 not
461 2581 494 2642 be
515 2581 650 2642 reoaovod
672 2603 706 2642 as
728 2603 748 2641 a
768 2582 929 2660 plrcrolist.

345 2756 528 2814 Porsenna
548 2772 591 2813 on
614 2754 1094 2816 Hrnrronn.-Memorandnm
1108 2755 1193 2836 quod
1211 2754 1301 2832 xviij·
1310 2753 1361 2814 die
1380 2754 1500 2814 mensis

264 2861 421 2932 Octobris,
459 2879 544 2921 anno
572 2859 701 2919 Domini
735 2859 961 2939 M⁰ooc⁰xviij⁰
1002 2860 1137 2920 contulit
1164 2861 1312 2921 dominus
1349 2858 1501 2938 magistro

265 2969 408 3030 Gilberto
430 2965 469 3026 de
489 2965 693 3036 Middletone‚
712 2965 836 3037 clerico,
851 2965 1043 3044 prebendam
1066 2967 1105 3026 de
1128 2965 1310 3044 Hynetone,
1335 2970 1503 3026 vacantem

265 3093 301 3134 ex
329 3072 518 3150 causisque
539 3077 699 3131 secuntur.

347 3217 481 3277 G1rac1o
503 3231 657 3274 naussum
678 3214 727 3274 W.
751 3233 795 3273 on
817 3213 1031 3285 Knaenronn,
1054 3232 1276 3275 rncuusanrrs
1297 3230 1502 3275 rossussmnr

264 3321 536 3393 unius-Adam,
562 3327 634 3390 etc,
663 3319 786 3381 dilectis
807 3321 838 3381 in
870 3321 998 3382 Christo
1025 3321 1108 3392 filiis,
1135 3320 1266 3381 Decano
1294 3324 1326 3380 et
1355 3319 1503 3398 Capitulo

265 3429 408 3490 Ecclesia
436 3435 544 3487 nostre
573 3425 824 3498 Herelordensis,
854 3426 1000 3499 salutem,
1023 3433 1084 3488 etc.
1128 3425 1257 3486 Dudum
1280 3423 1502 3486 sanctissimus

265 3545 356 3616 pater
395 3540 427 3595 et
460 3531 617 3603 dominus,
656 3531 802 3594 dominns
840 3533 987 3594 Clemens
1028 3533 1134 3592 divina
1170 3519 1371 3611 providencia
1408 3530 1499 3608 Papa

265 3643 406 3722 quintus,
440 3637 558 3706 volens,
590 3645 663 3716 post
691 3638 880 3698 eleccionem
908 3637 1026 3699 iactam
1060 3657 1117 3717 per
1150 3657 1223 3698 enm
1254 3636 1294 3698 de
1329 3634 1501 3696 venerabili

265 3753 354 3827 patre
375 3743 505 3805 domino
530 3741 681 3813 Waltero,
705 3743 764 3803 Dei
783 3743 889 3821 gracia
911 3743 1131 3804 Oantnariensi
1154 3741 1406 3820 Archiepisoopo,
1428 3746 1502 3812 ete,

266 3853 306 3914 ad
340 3851 481 3930 regimen
516 3847 647 3908 ecclesie
683 3847 921 3910 Cantuariensis
955 3848 1109 3928 ejusdem,
1145 3848 1299 3908 bonorare
1332 3865 1502 3926 personam

265 3969 298 4020 et
321 3979 379 4038 per
401 3956 552 4016 honorem
580 3953 639 4013 sibi
661 3953 835 4014 exhibitum
856 3955 995 4033 graciam
1017 3953 1089 4014 aliis
1110 3953 1273 4033 impertiri,
1294 3952 1396 4012 eidem
1416 3952 1502 4030 patri

265 4085 320 4144 per
348 4080 425 4124 suas
453 4059 576 4120 litteras
601 4059 791 4138 apostolicas
818 4060 954 4120 faciendi
980 4059 1075 4138 recipi
1104 4059 1294 4120 auctoritate
1329 4056 1503 4137 apostolica

266 4190 320 4249 per
348 4187 383 4228 se
405 4166 456 4227 vel
483 4165 580 4225 alium
616 4184 672 4225 sen
700 4165 787 4235 elios,
819 4171 884 4226 tem
919 4166 952 4225 iu
989 4164 1211 4227 Oentneriensi
1241 4183 1338 4244 qnam
1367 4164 1399 4222 in
1428 4163 1501 4223 aliis

265 4270 502 4340 cathedralibus
536 4277 568 4330 et
605 4270 779 4348 collegiatis
814 4271 953 4332 ecclesiis
989 4268 1266 4330 cantuariensium
1299 4268 1438 4329 civitatis
1467 4280 1499 4328 et

266 4379 425 4460 provincie
454 4377 594 4456 singulas
616 4395 769 4455 personas
794 4378 935 4455 ydoneas
959 4379 992 4437 in
1014 4378 1182 4437 canonicos
1203 4381 1235 4435 et
1256 4374 1289 4434 in
1313 4373 1436 4444 iratres,
1463 4393 1502 4434 ac

266 4483 451 4566 providendi
472 4483 603 4562 singulis
624 4483 794 4544 earundem
821 4503 1027 4562 personarum
1050 4483 1089 4542 de
1113 4482 1244 4559 singulis
1279 4479 1446 4559 prebendis
1468 4480 1502 4538 in

267 4593 361 4655 dictis
386 4591 538 4662 ecclesiis,
563 4590 664 4650 eciam
692 4590 719 4650 si
740 4591 878 4670 quelibet
906 4610 1015 4650 earum
1043 4589 1135 4666 plura
1159 4587 1311 4649 beneficia
1335 4585 1500 4646 ecclesias·

268 4699 330 4760 tica
352 4717 426 4757 cum
446 4714 521 4756 eura
543 4695 592 4756 vel
616 4696 684 4756 sine
707 4715 782 4755 cura
804 4695 880 4755 elias
900 4706 970 4755 tum
991 4695 1143 4755 canonice
1164 4693 1353 4772 optinerent‚
1375 4691 1504 4768 plenam

267 4813 299 4864 at
329 4791 463 4863 liberam
491 4799 551 4860 sub
588 4810 675 4860 certa
709 4799 810 4860 lorma
841 4806 1041 4860 concesserat
1075 4797 1270 4859 facultatem.
1327 4795 1505 4874 Dictusque

267 4908 415 4969 dominus
450 4905 722 4986 Archiepiscopue‚
762 4905 872 4967 rolens
913 4906 961 4966 uti
992 4925 1064 4965 cum
1100 4904 1214 4964 effectu
1252 4908 1409 4981 potestate
1444 4898 1504 4960 sibi

268 5031 419 5075 concesse
438 5011 472 5070 in
494 5011 554 5070 bac
572 5017 672 5089 parte,
688 5011 910 5072 canonicatum
928 5019 961 5071 ct
974 5009 1168 5090 prebendam
1186 5008 1219 5067 in
1240 5005 1374 5066 ecclesia
1393 5011 1502 5065 nostra

271 5115 495 5180 Herelordensi
523 5115 601 5175 nulii
620 5117 674 5176 alii
701 5115 740 5177 de
768 5117 836 5195 jure
858 5117 992 5190 debitos,
1021 5115 1102 5196 siqui
1134 5121 1212 5174 tunc
1231 5120 1392 5183 vacarent,
1421 5111 1497 5171 alio·
