<?xml version="1.0" encoding="UTF-8"?>
<!DOCTYPE html PUBLIC "-//W3C//DTD XHTML 1.0 Transitional//EN"
    "http://www.w3.org/TR/xhtml1/DTD/xhtml1-transitional.dtd">
<html xmlns="http://www.w3.org/1999/xhtml" xml:lang="en" lang="en">
 <head>
  <title>
</title>
<meta http-equiv="Content-Type" content="text/html;charset=utf-8" />
  <meta name='ocr-system' content='tesseract 3.04.00' />
  <meta name='ocr-capabilities' content='ocr_page ocr_carea ocr_par ocr_line ocrx_word'/>
</head>
<body>
  <div class='ocr_page' id='page_1' title='image "./registrumadedeo00banngoog_0234.png"; bbox 0 0 3850 5917; ppageno 0'>
   <div class='ocr_carea' id='block_1_1' title="bbox 679 703 1509 783">
    <p class='ocr_par' dir='ltr' id='par_1_1' title="bbox 679 703 1509 783">
     <span class='ocr_line' id='line_1_1' title="bbox 679 703 1509 783; baseline 0.005 -20"><span class='ocrx_word' id='word_1_1' title='bbox 679 703 830 783; x_wconf 78' lang='lat' dir='ltr'>Episcopi</span> <span class='ocrx_word' id='word_1_2' title='bbox 857 703 1101 782; x_wconf 80' lang='lat' dir='ltr'>Hercsordensis.</span> <span class='ocrx_word' id='word_1_3' title='bbox 1449 706 1509 768; x_wconf 92' lang='grc'>169</span> 
     </span>
    </p>
   </div>
   <div class='ocr_carea' id='block_1_2' title="bbox 120 949 1509 1031">
    <p class='ocr_par' dir='ltr' id='par_1_2' title="bbox 120 949 1509 1031">
     <span class='ocr_line' id='line_1_2' title="bbox 120 949 1509 1031; baseline 0.004 -24"><span class='ocrx_word' id='word_1_4' title='bbox 120 959 166 997; x_wconf 59' lang='lat' dir='ltr'>ab·</span> <span class='ocrx_word' id='word_1_5' title='bbox 180 959 229 997; x_wconf 63' lang='lat'>¹³¹&amp;</span> <span class='ocrx_word' id='word_1_6' title='bbox 267 949 340 1010; x_wconf 85' lang='lat' dir='ltr'>Dec.</span> <span class='ocrx_word' id='word_1_7' title='bbox 365 950 682 1029; x_wconf 73' lang='lat' dir='ltr'>25.-Dispernation</span> <span class='ocrx_word' id='word_1_8' title='bbox 702 951 757 1028; x_wconf 80' lang='lat' dir='ltr'>sor</span> <span class='ocrx_word' id='word_1_9' title='bbox 784 949 985 1028; x_wconf 73' lang='lat' dir='ltr'>illegitimacy</span> <span class='ocrx_word' id='word_1_10' title='bbox 1013 951 1141 1028; x_wconf 77' lang='lat' dir='ltr'>granted</span> <span class='ocrx_word' id='word_1_11' title='bbox 1167 959 1195 1010; x_wconf 99' lang='grc' dir='ltr'>ιο</span> <span class='ocrx_word' id='word_1_12' title='bbox 1222 951 1305 1010; x_wconf 79' lang='lat' dir='ltr'>John</span> <span class='ocrx_word' id='word_1_13' title='bbox 1328 951 1365 1011; x_wconf 84' lang='lat' dir='ltr'>de</span> <span class='ocrx_word' id='word_1_14' title='bbox 1392 953 1509 1031; x_wconf 77' lang='lat' dir='ltr'>Gowley</span> 
     </span>
    </p>
   </div>
   <div class='ocr_carea' id='block_1_3' title="bbox 137 1207 230 1248">
    <p class='ocr_par' dir='ltr' id='par_1_3' title="bbox 137 1207 230 1248">
     <span class='ocr_line' id='line_1_3' title="bbox 137 1207 230 1248; baseline 0.011 -3"><span class='ocrx_word' id='word_1_15' title='bbox 137 1207 176 1246; x_wconf 79' lang='lat' dir='ltr'>vol.</span> <span class='ocrx_word' id='word_1_16' title='bbox 186 1207 230 1248; x_wconf 68' lang='lat' dir='ltr'>ab.</span> 
     </span>
    </p>
   </div>
   <div class='ocr_carea' id='block_1_4' title="bbox 390 1030 1345 1112">
    <p class='ocr_par' dir='ltr' id='par_1_4' title="bbox 390 1030 1345 1112">
     <span class='ocr_line' id='line_1_4' title="bbox 390 1030 1345 1112; baseline 0.002 -22"><span class='ocrx_word' id='word_1_17' title='bbox 390 1031 482 1110; x_wconf 78' lang='lat' dir='ltr'>(who,</span> <span class='ocrx_word' id='word_1_18' title='bbox 507 1031 544 1090; x_wconf 81' lang='lat' dir='ltr'>in</span> <span class='ocrx_word' id='word_1_19' title='bbox 567 1031 649 1101; x_wconf 75' lang='lat' dir='ltr'>Dec,</span> <span class='ocrx_word' id='word_1_20' title='bbox 674 1035 765 1102; x_wconf 83' lang='lat'><strong><em>1320,</em></strong></span> <span class='ocrx_word' id='word_1_21' title='bbox 791 1030 820 1091; x_wconf 76' lang='lat' dir='ltr'>is</span> <span class='ocrx_word' id='word_1_22' title='bbox 844 1031 996 1092; x_wconf 75' lang='lat' dir='ltr'>admitted</span> <span class='ocrx_word' id='word_1_23' title='bbox 1022 1039 1052 1092; x_wconf 92' lang='grc' dir='ltr'>ιο</span> <span class='ocrx_word' id='word_1_24' title='bbox 1076 1031 1182 1096; x_wconf 82' lang='lat' dir='ltr'>Minor</span> <span class='ocrx_word' id='word_1_25' title='bbox 1209 1032 1345 1112; x_wconf 83' lang='lat' dir='ltr'>Ordcrs).</span> 
     </span>
    </p>
   </div>
   <div class='ocr_carea' id='block_1_5' title="bbox 266 1188 1511 1586">
    <p class='ocr_par' dir='ltr' id='par_1_5' title="bbox 266 1188 1511 1586">
     <span class='ocr_line' id='line_1_5' title="bbox 351 1188 1508 1268; baseline 0.001 -18"><span class='ocrx_word' id='word_1_26' title='bbox 351 1190 525 1250; x_wconf 79' lang='lat' dir='ltr'>Josxrvsne</span> <span class='ocrx_word' id='word_1_27' title='bbox 546 1207 590 1249; x_wconf 82' lang='lat' dir='ltr'>ns</span> <span class='ocrx_word' id='word_1_28' title='bbox 612 1188 1065 1250; x_wconf 75' lang='lat' dir='ltr'>Gonnum-Memorandum</span> <span class='ocrx_word' id='word_1_29' title='bbox 1094 1190 1178 1268; x_wconf 92' lang='lat' dir='ltr'>quod</span> <span class='ocrx_word' id='word_1_30' title='bbox 1205 1199 1278 1250; x_wconf 88' lang='lat' dir='ltr'>xxv⁰</span> <span class='ocrx_word' id='word_1_31' title='bbox 1298 1190 1348 1250; x_wconf 90' lang='lat' dir='ltr'>die</span> <span class='ocrx_word' id='word_1_32' title='bbox 1377 1191 1508 1251; x_wconf 90' lang='lat' dir='ltr'>Decem·</span> 
     </span>
     <span class='ocr_line' id='line_1_6' title="bbox 267 1293 1511 1374; baseline 0.002 -19"><span class='ocrx_word' id='word_1_33' title='bbox 267 1295 341 1366; x_wconf 88' lang='lat' dir='ltr'>bris,</span> <span class='ocrx_word' id='word_1_34' title='bbox 356 1315 441 1355; x_wconf 91' lang='lat' dir='ltr'>anno</span> <span class='ocrx_word' id='word_1_35' title='bbox 455 1294 586 1356; x_wconf 90' lang='lat' dir='ltr'><strong>Domini</strong></span> <span class='ocrx_word' id='word_1_36' title='bbox 601 1293 836 1374; x_wconf 57' lang='lat' dir='ltr'>usosnvnjx</span> <span class='ocrx_word' id='word_1_37' title='bbox 851 1295 935 1374; x_wconf 91' lang='lat' dir='ltr'>apud</span> <span class='ocrx_word' id='word_1_38' title='bbox 953 1295 1134 1356; x_wconf 82' lang='lat' dir='ltr'>Bromielde</span> <span class='ocrx_word' id='word_1_39' title='bbox 1153 1295 1348 1374; x_wconf 76' lang='lat' dir='ltr'><strong>dispensavit</strong></span> <span class='ocrx_word' id='word_1_40' title='bbox 1362 1296 1511 1357; x_wconf 87' lang='lat' dir='ltr'>dominus</span> 
     </span>
     <span class='ocr_line' id='line_1_7' title="bbox 267 1400 1509 1480; baseline 0 -18"><span class='ocrx_word' id='word_1_41' title='bbox 267 1422 338 1462; x_wconf 92' lang='lat' dir='ltr'>cum</span> <span class='ocrx_word' id='word_1_42' title='bbox 363 1401 511 1462; x_wconf 88' lang='lat' dir='ltr'>Johanne</span> <span class='ocrx_word' id='word_1_43' title='bbox 532 1401 571 1461; x_wconf 90' lang='lat' dir='ltr'>de</span> <span class='ocrx_word' id='word_1_44' title='bbox 592 1400 729 1479; x_wconf 82' lang='lat' dir='ltr'>Oculeye</span> <span class='ocrx_word' id='word_1_45' title='bbox 752 1420 847 1479; x_wconf 87' lang='lat' dir='ltr'>super</span> <span class='ocrx_word' id='word_1_46' title='bbox 875 1400 1002 1461; x_wconf 85' lang='lat' dir='ltr'>deiectu</span> <span class='ocrx_word' id='word_1_47' title='bbox 1022 1400 1176 1462; x_wconf 87' lang='lat' dir='ltr'>natalium</span> <span class='ocrx_word' id='word_1_48' title='bbox 1204 1421 1299 1480; x_wconf 92' lang='lat' dir='ltr'>quem</span> <span class='ocrx_word' id='word_1_49' title='bbox 1327 1402 1447 1480; x_wconf 87' lang='lat' dir='ltr'>patitur</span> <span class='ocrx_word' id='word_1_50' title='bbox 1470 1403 1509 1462; x_wconf 92' lang='lat' dir='ltr'>de</span> 
     </span>
     <span class='ocr_line' id='line_1_8' title="bbox 266 1506 1493 1586; baseline -0.002 -18"><span class='ocrx_word' id='word_1_51' title='bbox 266 1507 371 1568; x_wconf 92' lang='lat' dir='ltr'>soluto</span> <span class='ocrx_word' id='word_1_52' title='bbox 391 1509 517 1584; x_wconf 85' lang='lat' dir='ltr'>genitus</span> <span class='ocrx_word' id='word_1_53' title='bbox 538 1512 570 1567; x_wconf 91' lang='lat' dir='ltr'>et</span> <span class='ocrx_word' id='word_1_54' title='bbox 591 1506 703 1577; x_wconf 90' lang='lat' dir='ltr'>soluta,</span> <span class='ocrx_word' id='word_1_55' title='bbox 725 1507 754 1567; x_wconf 90' lang='lat' dir='ltr'>ei</span> <span class='ocrx_word' id='word_1_56' title='bbox 775 1506 909 1586; x_wconf 89' lang='lat' dir='ltr'>primam</span> <span class='ocrx_word' id='word_1_57' title='bbox 936 1512 1099 1567; x_wconf 75' lang='lat' dir='ltr'><strong>tonsuram</strong></span> <span class='ocrx_word' id='word_1_58' title='bbox 1123 1506 1287 1568; x_wconf 87' lang='lat' dir='ltr'>conferens</span> <span class='ocrx_word' id='word_1_59' title='bbox 1309 1507 1493 1568; x_wconf 87' lang='lat' dir='ltr'>clericalem.</span> 
     </span>
    </p>
   </div>
   <div class='ocr_carea' id='block_1_6' title="bbox 269 1649 1510 1836">
    <p class='ocr_par' dir='ltr' id='par_1_6' title="bbox 269 1649 1510 1836">
     <span class='ocr_line' id='line_1_9' title="bbox 349 1649 1510 1731; baseline 0.003 -23"><span class='ocrx_word' id='word_1_60' title='bbox 349 1649 434 1710; x_wconf 85' lang='lat' dir='ltr'>Item</span> <span class='ocrx_word' id='word_1_61' title='bbox 462 1650 513 1710; x_wconf 91' lang='lat' dir='ltr'>die</span> <span class='ocrx_word' id='word_1_62' title='bbox 545 1649 674 1710; x_wconf 86' lang='lat' dir='ltr'>Sabbati</span> <span class='ocrx_word' id='word_1_63' title='bbox 712 1655 847 1728; x_wconf 88' lang='lat' dir='ltr'>quatuor</span> <span class='ocrx_word' id='word_1_64' title='bbox 881 1655 1060 1729; x_wconf 90' lang='lat' dir='ltr'>temporum</span> <span class='ocrx_word' id='word_1_65' title='bbox 1091 1651 1209 1712; x_wconf 82' lang='lat' dir='ltr'>mensis</span> <span class='ocrx_word' id='word_1_66' title='bbox 1247 1651 1389 1731; x_wconf 75' lang='lat' dir='ltr'>predicti,</span> <span class='ocrx_word' id='word_1_67' title='bbox 1425 1672 1510 1712; x_wconf 89' lang='lat' dir='ltr'>anno</span> 
     </span>
     <span class='ocr_line' id='line_1_10' title="bbox 269 1753 1311 1836; baseline 0 -20"><span class='ocrx_word' id='word_1_68' title='bbox 269 1755 398 1816; x_wconf 88' lang='lat' dir='ltr'>Domini</span> <span class='ocrx_word' id='word_1_69' title='bbox 420 1753 622 1824; x_wconf 70' lang='lat' dir='ltr'>M⁰CGG⁰xr⁰t</span> <span class='ocrx_word' id='word_1_70' title='bbox 643 1755 748 1834; x_wconf 89' lang='lat' dir='ltr'>ipsum</span> <span class='ocrx_word' id='word_1_71' title='bbox 776 1756 816 1814; x_wconf 92' lang='lat' dir='ltr'>ad</span> <span class='ocrx_word' id='word_1_72' title='bbox 837 1755 964 1816; x_wconf 82' lang='lat' dir='ltr'>ordines</span> <span class='ocrx_word' id='word_1_73' title='bbox 985 1757 1124 1817; x_wconf 91' lang='lat' dir='ltr'>minores</span> <span class='ocrx_word' id='word_1_74' title='bbox 1144 1757 1311 1836; x_wconf 89' lang='lat' dir='ltr'>promovit.</span> 
     </span>
    </p>
   </div>
   <div class='ocr_carea' id='block_1_7' title="bbox 271 2013 1509 2175">
    <p class='ocr_par' dir='ltr' id='par_1_7' title="bbox 271 2013 1509 2175">
     <span class='ocr_line' id='line_1_11' title="bbox 271 2013 1509 2094; baseline 0.004 -20"><span class='ocrx_word' id='word_1_75' title='bbox 271 2015 342 2076; x_wconf 84' lang='lat' dir='ltr'>Dec.</span> <span class='ocrx_word' id='word_1_76' title='bbox 369 2013 685 2094; x_wconf 77' lang='lat' dir='ltr'>22.-Dispcasation</span> <span class='ocrx_word' id='word_1_77' title='bbox 711 2015 840 2092; x_wconf 77' lang='lat' dir='ltr'>granted</span> <span class='ocrx_word' id='word_1_78' title='bbox 869 2022 898 2074; x_wconf 93' lang='grc' dir='ltr'>ιο</span> <span class='ocrx_word' id='word_1_79' title='bbox 931 2015 1070 2094; x_wconf 78' lang='lat' dir='ltr'>Geoffrcy</span> <span class='ocrx_word' id='word_1_80' title='bbox 1102 2015 1138 2076; x_wconf 82' lang='lat' dir='ltr'>da</span> <span class='ocrx_word' id='word_1_81' title='bbox 1174 2016 1323 2087; x_wconf 77' lang='lat' dir='ltr'>chloclr,</span> <span class='ocrx_word' id='word_1_82' title='bbox 1354 2017 1420 2078; x_wconf 78' lang='lat' dir='ltr'>who</span> <span class='ocrx_word' id='word_1_83' title='bbox 1453 2018 1509 2079; x_wconf 80' lang='lat' dir='ltr'>bas</span> 
     </span>
     <span class='ocr_line' id='line_1_12' title="bbox 390 2095 961 2175; baseline 0.002 -20"><span class='ocrx_word' id='word_1_84' title='bbox 390 2096 461 2156; x_wconf 80' lang='lat' dir='ltr'>been</span> <span class='ocrx_word' id='word_1_85' title='bbox 488 2095 637 2156; x_wconf 80' lang='lat' dir='ltr'>ordnined</span> <span class='ocrx_word' id='word_1_86' title='bbox 664 2117 704 2156; x_wconf 85' lang='lat' dir='ltr'>on</span> <span class='ocrx_word' id='word_1_87' title='bbox 731 2116 752 2155; x_wconf 89' lang='lat' dir='ltr'>a</span> <span class='ocrx_word' id='word_1_88' title='bbox 773 2096 857 2175; x_wconf 83' lang='lat' dir='ltr'>salse</span> <span class='ocrx_word' id='word_1_89' title='bbox 886 2095 961 2156; x_wconf 81' lang='lat' dir='ltr'>title.</span> 
     </span>
    </p>
   </div>
   <div class='ocr_carea' id='block_1_8' title="bbox 264 2253 1511 4023">
    <p class='ocr_par' dir='ltr' id='par_1_8' title="bbox 264 2253 1511 4023">
     <span class='ocr_line' id='line_1_13' title="bbox 349 2253 1511 2314; baseline 0.001 -3"><span class='ocrx_word' id='word_1_90' title='bbox 349 2253 570 2312; x_wconf 78' lang='lat' dir='ltr'>Drsrsusxcro</span> <span class='ocrx_word' id='word_1_91' title='bbox 591 2269 652 2312; x_wconf 79' lang='lat' dir='ltr'>reo</span> <span class='ocrx_word' id='word_1_92' title='bbox 673 2269 876 2314; x_wconf 79' lang='lat' dir='ltr'>runssrrneo</span> <span class='ocrx_word' id='word_1_93' title='bbox 901 2269 943 2310; x_wconf 76' lang='grc' dir='ltr'>ΔΙ)</span> <span class='ocrx_word' id='word_1_94' title='bbox 966 2269 1095 2312; x_wconf 80' lang='lat' dir='ltr'>xxnsuu</span> <span class='ocrx_word' id='word_1_95' title='bbox 1116 2270 1265 2312; x_wconf 80' lang='lat' dir='ltr'>urrunnu</span> <span class='ocrx_word' id='word_1_96' title='bbox 1297 2270 1511 2312; x_wconf 72' lang='lat' dir='ltr'>oscinere.-</span> 
     </span>
     <span class='ocr_line' id='line_1_14' title="bbox 270 2356 1507 2437; baseline 0 -19"><span class='ocrx_word' id='word_1_97' title='bbox 270 2359 380 2428; x_wconf 88' lang='lat' dir='ltr'>Adam,</span> <span class='ocrx_word' id='word_1_98' title='bbox 402 2363 472 2429; x_wconf 80' lang='lat' dir='ltr'>etc,</span> <span class='ocrx_word' id='word_1_99' title='bbox 487 2357 630 2418; x_wconf 87' lang='lat' dir='ltr'>Galirido</span> <span class='ocrx_word' id='word_1_100' title='bbox 645 2358 683 2417; x_wconf 91' lang='lat' dir='ltr'>de</span> <span class='ocrx_word' id='word_1_101' title='bbox 698 2356 879 2427; x_wconf 88' lang='lat' dir='ltr'>Wenlocke,</span> <span class='ocrx_word' id='word_1_102' title='bbox 893 2356 1068 2437; x_wconf 73' lang='lat' dir='ltr'>presbitero</span> <span class='ocrx_word' id='word_1_103' title='bbox 1083 2364 1191 2418; x_wconf 90' lang='lat' dir='ltr'>nostre</span> <span class='ocrx_word' id='word_1_104' title='bbox 1205 2358 1347 2428; x_wconf 91' lang='lat' dir='ltr'>diocesis,</span> <span class='ocrx_word' id='word_1_105' title='bbox 1364 2360 1507 2432; x_wconf 88' lang='lat' dir='ltr'>salutem,</span> 
     </span>
     <span class='ocr_line' id='line_1_15' title="bbox 268 2461 1507 2545; baseline 0 -21"><span class='ocrx_word' id='word_1_106' title='bbox 268 2468 326 2524; x_wconf 88' lang='lat' dir='ltr'>stc.</span> <span class='ocrx_word' id='word_1_107' title='bbox 377 2463 518 2523; x_wconf 74' lang='lat' dir='ltr'>hitteras</span> <span class='ocrx_word' id='word_1_108' title='bbox 539 2461 726 2523; x_wconf 90' lang='lat' dir='ltr'>venerabilis</span> <span class='ocrx_word' id='word_1_109' title='bbox 746 2462 847 2541; x_wconf 89' lang='lat' dir='ltr'>patris</span> <span class='ocrx_word' id='word_1_110' title='bbox 868 2462 988 2522; x_wconf 91' lang='lat' dir='ltr'>domini</span> <span class='ocrx_word' id='word_1_111' title='bbox 1010 2463 1202 2542; x_wconf 90' lang='lat' dir='ltr'>Berengarii,</span> <span class='ocrx_word' id='word_1_112' title='bbox 1225 2463 1286 2524; x_wconf 89' lang='lat' dir='ltr'>Dei</span> <span class='ocrx_word' id='word_1_113' title='bbox 1306 2465 1410 2543; x_wconf 89' lang='lat' dir='ltr'>gracia</span> <span class='ocrx_word' id='word_1_114' title='bbox 1433 2466 1507 2545; x_wconf 86' lang='lat' dir='ltr'>Epi-</span> 
     </span>
     <span class='ocr_line' id='line_1_16' title="bbox 268 2568 1510 2648; baseline 0.003 -19"><span class='ocrx_word' id='word_1_115' title='bbox 268 2569 354 2648; x_wconf 90' lang='lat' dir='ltr'>scopi</span> <span class='ocrx_word' id='word_1_116' title='bbox 386 2568 565 2638; x_wconf 77' lang='lat' dir='ltr'>Tusculani,</span> <span class='ocrx_word' id='word_1_117' title='bbox 597 2568 774 2647; x_wconf 80' lang='lat' dir='ltr'>recepimus</span> <span class='ocrx_word' id='word_1_118' title='bbox 808 2573 950 2629; x_wconf 89' lang='lat' dir='ltr'>tenorem</span> <span class='ocrx_word' id='word_1_119' title='bbox 986 2568 1039 2648; x_wconf 91' lang='lat' dir='ltr'>qui</span> <span class='ocrx_word' id='word_1_120' title='bbox 1075 2569 1216 2648; x_wconf 90' lang='lat' dir='ltr'>sequitur</span> <span class='ocrx_word' id='word_1_121' title='bbox 1250 2570 1450 2632; x_wconf 88' lang='lat' dir='ltr'>continentes</span> <span class='ocrx_word' id='word_1_122' title='bbox 1460 2593 1510 2632; x_wconf 81' lang='lat'>:-</span> 
     </span>
     <span class='ocr_line' id='line_1_17' title="bbox 268 2673 1507 2754; baseline -0.001 -18"><span class='ocrx_word' id='word_1_123' title='bbox 268 2673 446 2736; x_wconf 89' lang='lat' dir='ltr'>Venerabili</span> <span class='ocrx_word' id='word_1_124' title='bbox 481 2674 514 2732; x_wconf 94' lang='lat' dir='ltr'>in</span> <span class='ocrx_word' id='word_1_125' title='bbox 551 2673 678 2734; x_wconf 80' lang='lat' dir='ltr'>Christo</span> <span class='ocrx_word' id='word_1_126' title='bbox 715 2674 807 2753; x_wconf 92' lang='lat' dir='ltr'>patri,</span> <span class='ocrx_word' id='word_1_127' title='bbox 843 2674 904 2734; x_wconf 92' lang='lat' dir='ltr'>Dei</span> <span class='ocrx_word' id='word_1_128' title='bbox 938 2675 1043 2752; x_wconf 88' lang='lat' dir='ltr'>gracia</span> <span class='ocrx_word' id='word_1_129' title='bbox 1080 2674 1240 2754; x_wconf 83' lang='lat' dir='ltr'>Episcopo</span> <span class='ocrx_word' id='word_1_130' title='bbox 1273 2675 1507 2749; x_wconf 74' lang='lat' dir='ltr'>HereIordensi,</span> 
     </span>
     <span class='ocr_line' id='line_1_18' title="bbox 268 2778 1510 2859; baseline 0.004 -20"><span class='ocrx_word' id='word_1_131' title='bbox 268 2779 316 2840; x_wconf 92' lang='lat' dir='ltr'>vel</span> <span class='ocrx_word' id='word_1_132' title='bbox 338 2779 408 2859; x_wconf 87' lang='lat' dir='ltr'>ejus</span> <span class='ocrx_word' id='word_1_133' title='bbox 436 2778 672 2858; x_wconf 87' lang='lat' dir='ltr'>penitenciarie,</span> <span class='ocrx_word' id='word_1_134' title='bbox 704 2779 924 2858; x_wconf 90' lang='lat' dir='ltr'>Berengarius,</span> <span class='ocrx_word' id='word_1_135' title='bbox 953 2780 1159 2841; x_wconf 78' lang='lat' dir='ltr'>miseracione</span> <span class='ocrx_word' id='word_1_136' title='bbox 1182 2781 1288 2841; x_wconf 89' lang='lat' dir='ltr'>divina</span> <span class='ocrx_word' id='word_1_137' title='bbox 1313 2781 1510 2844; x_wconf 83' lang='lat' dir='ltr'>Tusculanus</span> 
     </span>
     <span class='ocr_line' id='line_1_19' title="bbox 268 2884 1510 2966; baseline 0.003 -22"><span class='ocrx_word' id='word_1_138' title='bbox 268 2885 457 2966; x_wconf 82' lang='lat' dir='ltr'>Episcopus,</span> <span class='ocrx_word' id='word_1_139' title='bbox 472 2884 617 2955; x_wconf 88' lang='lat' dir='ltr'>salutem,</span> <span class='ocrx_word' id='word_1_140' title='bbox 635 2891 694 2945; x_wconf 88' lang='lat' dir='ltr'>etc.</span> <span class='ocrx_word' id='word_1_141' title='bbox 738 2885 819 2959; x_wconf 86' lang='lat' dir='ltr'>Quia</span> <span class='ocrx_word' id='word_1_142' title='bbox 839 2885 931 2946; x_wconf 90' lang='lat' dir='ltr'>nobis</span> <span class='ocrx_word' id='word_1_143' title='bbox 948 2885 1110 2947; x_wconf 87' lang='lat' dir='ltr'>Galfridus</span> <span class='ocrx_word' id='word_1_144' title='bbox 1125 2887 1163 2946; x_wconf 90' lang='lat' dir='ltr'>de</span> <span class='ocrx_word' id='word_1_145' title='bbox 1178 2886 1339 2957; x_wconf 78' lang='lat' dir='ltr'>Wenlolxe,</span> <span class='ocrx_word' id='word_1_146' title='bbox 1355 2887 1510 2966; x_wconf 78' lang='lat' dir='ltr'>presbiter</span> 
     </span>
     <span class='ocr_line' id='line_1_20' title="bbox 267 2988 1509 3072; baseline 0.002 -22"><span class='ocrx_word' id='word_1_147' title='bbox 267 2996 371 3052; x_wconf 86' lang='lat' dir='ltr'>vestre</span> <span class='ocrx_word' id='word_1_148' title='bbox 399 2989 543 3060; x_wconf 89' lang='lat' dir='ltr'>diocesis,</span> <span class='ocrx_word' id='word_1_149' title='bbox 565 2988 646 3050; x_wconf 85' lang='lat' dir='ltr'>lator</span> <span class='ocrx_word' id='word_1_150' title='bbox 673 2989 881 3069; x_wconf 89' lang='lat' dir='ltr'>presencium,</span> <span class='ocrx_word' id='word_1_151' title='bbox 907 2989 1013 3051; x_wconf 86' lang='lat' dir='ltr'>oblata</span> <span class='ocrx_word' id='word_1_152' title='bbox 1034 2991 1190 3070; x_wconf 82' lang='lat' dir='ltr'>peticione</span> <span class='ocrx_word' id='word_1_153' title='bbox 1212 2993 1400 3053; x_wconf 89' lang='lat' dir='ltr'>monstravit</span> <span class='ocrx_word' id='word_1_154' title='bbox 1424 2993 1509 3072; x_wconf 92' lang='lat' dir='ltr'>quod</span> 
     </span>
     <span class='ocr_line' id='line_1_21' title="bbox 266 3094 1508 3176; baseline 0.003 -22"><span class='ocrx_word' id='word_1_155' title='bbox 266 3096 333 3175; x_wconf 89' lang='lat' dir='ltr'>ipse</span> <span class='ocrx_word' id='word_1_156' title='bbox 354 3094 429 3156; x_wconf 90' lang='lat' dir='ltr'>olim</span> <span class='ocrx_word' id='word_1_157' title='bbox 452 3094 585 3155; x_wconf 75' lang='lat' dir='ltr'>acolitus</span> <span class='ocrx_word' id='word_1_158' title='bbox 610 3095 749 3155; x_wconf 85' lang='lat' dir='ltr'>existens</span> <span class='ocrx_word' id='word_1_159' title='bbox 770 3099 803 3156; x_wconf 91' lang='lat' dir='ltr'>et</span> <span class='ocrx_word' id='word_1_160' title='bbox 824 3095 863 3155; x_wconf 92' lang='lat' dir='ltr'>ad</span> <span class='ocrx_word' id='word_1_161' title='bbox 885 3115 991 3156; x_wconf 91' lang='lat' dir='ltr'>sacros</span> <span class='ocrx_word' id='word_1_162' title='bbox 1013 3096 1139 3156; x_wconf 90' lang='lat' dir='ltr'>ordines</span> <span class='ocrx_word' id='word_1_163' title='bbox 1160 3096 1314 3158; x_wconf 85' lang='lat' dir='ltr'>affectans</span> <span class='ocrx_word' id='word_1_164' title='bbox 1331 3099 1508 3176; x_wconf 89' lang='lat' dir='ltr'>promoveri</span> 
     </span>
     <span class='ocr_line' id='line_1_22' title="bbox 266 3200 1507 3282; baseline 0.002 -20"><span class='ocrx_word' id='word_1_165' title='bbox 266 3202 425 3282; x_wconf 89' lang='lat' dir='ltr'>quendam</span> <span class='ocrx_word' id='word_1_166' title='bbox 446 3200 561 3261; x_wconf 83' lang='lat' dir='ltr'>falsum</span> <span class='ocrx_word' id='word_1_167' title='bbox 583 3201 712 3260; x_wconf 90' lang='lat' dir='ltr'>titulum</span> <span class='ocrx_word' id='word_1_168' title='bbox 732 3201 860 3261; x_wconf 91' lang='lat' dir='ltr'>nomine</span> <span class='ocrx_word' id='word_1_169' title='bbox 881 3203 982 3280; x_wconf 90' lang='lat' dir='ltr'>patris</span> <span class='ocrx_word' id='word_1_170' title='bbox 1014 3201 1063 3262; x_wconf 90' lang='lat' dir='ltr'>sui</span> <span class='ocrx_word' id='word_1_171' title='bbox 1095 3201 1154 3262; x_wconf 92' lang='lat' dir='ltr'>sibi</span> <span class='ocrx_word' id='word_1_172' title='bbox 1186 3202 1359 3274; x_wconf 79' lang='lat' dir='ltr'>fabricavit,</span> <span class='ocrx_word' id='word_1_173' title='bbox 1381 3209 1507 3264; x_wconf 88' lang='lat' dir='ltr'>etcum</span> 
     </span>
     <span class='ocr_line' id='line_1_23' title="bbox 266 3305 1506 3386; baseline 0 -18"><span class='ocrx_word' id='word_1_174' title='bbox 266 3327 372 3368; x_wconf 86' lang='lat' dir='ltr'>coram</span> <span class='ocrx_word' id='word_1_175' title='bbox 410 3305 677 3367; x_wconf 78' lang='lat' dir='ltr'>examinatoribus</span> <span class='ocrx_word' id='word_1_176' title='bbox 719 3306 870 3367; x_wconf 86' lang='lat' dir='ltr'>existeret</span> <span class='ocrx_word' id='word_1_177' title='bbox 904 3312 937 3366; x_wconf 91' lang='lat' dir='ltr'>et</span> <span class='ocrx_word' id='word_1_178' title='bbox 972 3306 1101 3366; x_wconf 90' lang='lat' dir='ltr'>titulum</span> <span class='ocrx_word' id='word_1_179' title='bbox 1142 3307 1324 3386; x_wconf 84' lang='lat' dir='ltr'>hujusmodi</span> <span class='ocrx_word' id='word_1_180' title='bbox 1360 3307 1506 3380; x_wconf 82' lang='lat' dir='ltr'>exiberet,</span> 
     </span>
     <span class='ocr_line' id='line_1_24' title="bbox 266 3411 1509 3494; baseline 0.002 -22"><span class='ocrx_word' id='word_1_181' title='bbox 266 3413 407 3494; x_wconf 88' lang='lat' dir='ltr'>prestitit</span> <span class='ocrx_word' id='word_1_182' title='bbox 428 3412 544 3473; x_wconf 88' lang='lat' dir='ltr'>ibidem</span> <span class='ocrx_word' id='word_1_183' title='bbox 575 3412 799 3492; x_wconf 87' lang='lat' dir='ltr'>juramentum,</span> <span class='ocrx_word' id='word_1_184' title='bbox 821 3433 958 3472; x_wconf 90' lang='lat' dir='ltr'>unacum</span> <span class='ocrx_word' id='word_1_185' title='bbox 983 3411 1105 3473; x_wconf 91' lang='lat' dir='ltr'>duobus</span> <span class='ocrx_word' id='word_1_186' title='bbox 1127 3412 1248 3473; x_wconf 85' lang='lat' dir='ltr'>clericis</span> <span class='ocrx_word' id='word_1_187' title='bbox 1278 3412 1352 3472; x_wconf 93' lang='lat' dir='ltr'>illuc</span> <span class='ocrx_word' id='word_1_188' title='bbox 1380 3413 1509 3474; x_wconf 89' lang='lat' dir='ltr'>nomine</span> 
     </span>
     <span class='ocr_line' id='line_1_25' title="bbox 267 3517 1508 3598; baseline -0.002 -18"><span class='ocrx_word' id='word_1_189' title='bbox 267 3540 325 3581; x_wconf 88' lang='lat' dir='ltr'>suo</span> <span class='ocrx_word' id='word_1_190' title='bbox 346 3520 447 3581; x_wconf 90' lang='lat' dir='ltr'>eciam</span> <span class='ocrx_word' id='word_1_191' title='bbox 468 3519 508 3579; x_wconf 91' lang='lat' dir='ltr'>ad</span> <span class='ocrx_word' id='word_1_192' title='bbox 524 3518 693 3598; x_wconf 85' lang='lat' dir='ltr'>jurandum</span> <span class='ocrx_word' id='word_1_193' title='bbox 714 3517 885 3597; x_wconf 90' lang='lat' dir='ltr'>productis,</span> <span class='ocrx_word' id='word_1_194' title='bbox 907 3518 992 3597; x_wconf 91' lang='lat' dir='ltr'>quod</span> <span class='ocrx_word' id='word_1_195' title='bbox 1008 3537 1117 3579; x_wconf 90' lang='lat' dir='ltr'>verum</span> <span class='ocrx_word' id='word_1_196' title='bbox 1135 3522 1167 3578; x_wconf 89' lang='lat' dir='ltr'>et</span> <span class='ocrx_word' id='word_1_197' title='bbox 1188 3517 1363 3596; x_wconf 90' lang='lat' dir='ltr'>legitimum</span> <span class='ocrx_word' id='word_1_198' title='bbox 1379 3517 1508 3578; x_wconf 89' lang='lat' dir='ltr'>titulum</span> 
     </span>
     <span class='ocr_line' id='line_1_26' title="bbox 267 3623 1506 3705; baseline -0.001 -20"><span class='ocrx_word' id='word_1_199' title='bbox 267 3625 406 3696; x_wconf 89' lang='lat' dir='ltr'>haberet,</span> <span class='ocrx_word' id='word_1_200' title='bbox 429 3625 519 3705; x_wconf 86' lang='lat' dir='ltr'>cujus</span> <span class='ocrx_word' id='word_1_201' title='bbox 544 3624 629 3685; x_wconf 91' lang='lat' dir='ltr'>tituli</span> <span class='ocrx_word' id='word_1_202' title='bbox 650 3628 804 3704; x_wconf 89' lang='lat' dir='ltr'>pretextu,</span> <span class='ocrx_word' id='word_1_203' title='bbox 826 3643 890 3684; x_wconf 94' lang='lat' dir='ltr'>non</span> <span class='ocrx_word' id='word_1_204' title='bbox 912 3624 1043 3686; x_wconf 86' lang='lat' dir='ltr'>credens</span> <span class='ocrx_word' id='word_1_205' title='bbox 1065 3624 1200 3684; x_wconf 92' lang='lat' dir='ltr'>multum</span> <span class='ocrx_word' id='word_1_206' title='bbox 1222 3623 1411 3702; x_wconf 87' lang='lat' dir='ltr'>delinquere,</span> <span class='ocrx_word' id='word_1_207' title='bbox 1434 3644 1506 3684; x_wconf 92' lang='lat' dir='ltr'>cum</span> 
     </span>
     <span class='ocr_line' id='line_1_27' title="bbox 264 3713 1507 3812; baseline -0.002 -20"><span class='ocrx_word' id='word_1_208' title='bbox 264 3732 389 3812; x_wconf 85' lang='lat' dir='ltr'>juvenis</span> <span class='ocrx_word' id='word_1_209' title='bbox 424 3737 518 3802; x_wconf 89' lang='lat' dir='ltr'>esset,</span> <span class='ocrx_word' id='word_1_210' title='bbox 553 3749 664 3790; x_wconf 91' lang='lat' dir='ltr'>omnes</span> <span class='ocrx_word' id='word_1_211' title='bbox 703 3749 810 3790; x_wconf 87' lang='lat' dir='ltr'>sacros</span> <span class='ocrx_word' id='word_1_212' title='bbox 844 3713 971 3790; x_wconf 84' lang='lat' dir='ltr'>ordines</span> <span class='ocrx_word' id='word_1_213' title='bbox 1005 3735 1158 3808; x_wconf 91' lang='lat' dir='ltr'>tanquam</span> <span class='ocrx_word' id='word_1_214' title='bbox 1197 3727 1330 3808; x_wconf 86' lang='lat' dir='ltr'>simplex</span> <span class='ocrx_word' id='word_1_215' title='bbox 1360 3733 1392 3789; x_wconf 92' lang='lat' dir='ltr'>et</span> <span class='ocrx_word' id='word_1_216' title='bbox 1427 3728 1507 3808; x_wconf 82' lang='lat' dir='ltr'>juris</span> 
     </span>
     <span class='ocr_line' id='line_1_28' title="bbox 266 3835 1508 3918; baseline -0.002 -20"><span class='ocrx_word' id='word_1_217' title='bbox 266 3840 395 3918; x_wconf 90' lang='lat' dir='ltr'>ignarus</span> <span class='ocrx_word' id='word_1_218' title='bbox 422 3837 550 3917; x_wconf 89' lang='lat' dir='ltr'>recepit,</span> <span class='ocrx_word' id='word_1_219' title='bbox 571 3836 631 3897; x_wconf 91' lang='lat' dir='ltr'>rite</span> <span class='ocrx_word' id='word_1_220' title='bbox 652 3841 760 3896; x_wconf 90' lang='lat' dir='ltr'>tamen</span> <span class='ocrx_word' id='word_1_221' title='bbox 782 3836 860 3897; x_wconf 88' lang='lat' dir='ltr'>alias</span> <span class='ocrx_word' id='word_1_222' title='bbox 888 3836 1080 3896; x_wconf 88' lang='lat' dir='ltr'>ministravit</span> <span class='ocrx_word' id='word_1_223' title='bbox 1102 3836 1134 3895; x_wconf 93' lang='lat' dir='ltr'>in</span> <span class='ocrx_word' id='word_1_224' title='bbox 1156 3835 1210 3908; x_wconf 91' lang='lat' dir='ltr'>eis,</span> <span class='ocrx_word' id='word_1_225' title='bbox 1233 3840 1265 3896; x_wconf 91' lang='lat' dir='ltr'>et</span> <span class='ocrx_word' id='word_1_226' title='bbox 1293 3835 1369 3896; x_wconf 91' lang='lat' dir='ltr'>alias</span> <span class='ocrx_word' id='word_1_227' title='bbox 1391 3835 1508 3897; x_wconf 89' lang='lat' dir='ltr'>divinis</span> 
     </span>
     <span class='ocr_line' id='line_1_29' title="bbox 265 3940 1507 4023; baseline -0.004 -18"><span class='ocrx_word' id='word_1_228' title='bbox 265 3945 377 4005; x_wconf 86' lang='lat' dir='ltr'>officiis</span> <span class='ocrx_word' id='word_1_229' title='bbox 410 3964 445 4004; x_wconf 90' lang='lat' dir='ltr'>se</span> <span class='ocrx_word' id='word_1_230' title='bbox 465 3942 618 4022; x_wconf 85' lang='lat' dir='ltr'>ingessit:</span> <span class='ocrx_word' id='word_1_231' title='bbox 655 3962 750 4021; x_wconf 89' lang='lat' dir='ltr'>super</span> <span class='ocrx_word' id='word_1_232' title='bbox 781 3942 896 4023; x_wconf 89' lang='lat' dir='ltr'>quibus</span> <span class='ocrx_word' id='word_1_233' title='bbox 923 3941 1015 4003; x_wconf 89' lang='lat' dir='ltr'>nobis</span> <span class='ocrx_word' id='word_1_234' title='bbox 1043 3941 1205 4001; x_wconf 90' lang='lat' dir='ltr'>humiliter</span> <span class='ocrx_word' id='word_1_235' title='bbox 1232 3940 1421 4019; x_wconf 89' lang='lat' dir='ltr'>supplicavit</span> <span class='ocrx_word' id='word_1_236' title='bbox 1447 3940 1507 4001; x_wconf 88' lang='lat' dir='ltr'>sibi</span> 
     </span>
    </p>
   </div>
   <div class='ocr_carea' id='block_1_9' title="bbox 235 4044 1505 4130">
    <p class='ocr_par' dir='ltr' id='par_1_9' title="bbox 235 4044 1505 4130">
     <span class='ocr_line' id='line_1_30' title="bbox 235 4044 1505 4130; baseline -0.006 -19"><span class='ocrx_word' id='word_1_237' title='bbox 235 4069 237 4073; x_wconf 86' lang='lat'>·</span> <span class='ocrx_word' id='word_1_238' title='bbox 265 4070 322 4130; x_wconf 89' lang='lat' dir='ltr'>per</span> <span class='ocrx_word' id='word_1_239' title='bbox 344 4049 459 4111; x_wconf 86' lang='lat' dir='ltr'>Sedem</span> <span class='ocrx_word' id='word_1_240' title='bbox 487 4048 701 4128; x_wconf 88' lang='lat' dir='ltr'>Apostolicam</span> <span class='ocrx_word' id='word_1_241' title='bbox 726 4049 765 4109; x_wconf 92' lang='lat' dir='ltr'>de</span> <span class='ocrx_word' id='word_1_242' title='bbox 785 4053 942 4128; x_wconf 87' lang='lat' dir='ltr'>oportuno</span> <span class='ocrx_word' id='word_1_243' title='bbox 962 4047 1102 4108; x_wconf 91' lang='lat' dir='ltr'>remedio</span> <span class='ocrx_word' id='word_1_244' title='bbox 1133 4044 1377 4106; x_wconf 90' lang='lat' dir='ltr'>misericorditer</span> <span class='ocrx_word' id='word_1_245' title='bbox 1404 4047 1505 4125; x_wconf 93' lang='lat' dir='ltr'>provi-</span> 
     </span>
    </p>
   </div>
   <div class='ocr_carea' id='block_1_10' title="bbox 264 4153 1507 5190">
    <p class='ocr_par' dir='ltr' id='par_1_10' title="bbox 264 4153 1507 5190">
     <span class='ocr_line' id='line_1_31' title="bbox 264 4153 1505 4233; baseline 0 -19"><span class='ocrx_word' id='word_1_246' title='bbox 264 4156 354 4216; x_wconf 90' lang='lat' dir='ltr'>deri:</span> <span class='ocrx_word' id='word_1_247' title='bbox 387 4174 446 4215; x_wconf 86' lang='lat' dir='ltr'>nos</span> <span class='ocrx_word' id='word_1_248' title='bbox 467 4153 563 4233; x_wconf 88' lang='lat' dir='ltr'>igitur</span> <span class='ocrx_word' id='word_1_249' title='bbox 582 4153 791 4232; x_wconf 88' lang='lat' dir='ltr'>presbiterum</span> <span class='ocrx_word' id='word_1_250' title='bbox 825 4154 930 4233; x_wconf 92' lang='lat' dir='ltr'>ipsum</span> <span class='ocrx_word' id='word_1_251' title='bbox 959 4155 999 4213; x_wconf 91' lang='lat' dir='ltr'>ad</span> <span class='ocrx_word' id='word_1_252' title='bbox 1022 4173 1078 4214; x_wconf 91' lang='lat' dir='ltr'>vos</span> <span class='ocrx_word' id='word_1_253' title='bbox 1100 4153 1246 4213; x_wconf 88' lang='lat' dir='ltr'>duximus</span> <span class='ocrx_word' id='word_1_254' title='bbox 1270 4153 1505 4215; x_wconf 89' lang='lat' dir='ltr'>remittendum.</span> 
     </span>
     <span class='ocr_line' id='line_1_32' title="bbox 265 4257 1507 4339; baseline -0.002 -17"><span class='ocrx_word' id='word_1_255' title='bbox 265 4258 553 4339; x_wconf 81' lang='lat' dir='ltr'>Circumspeccioni</span> <span class='ocrx_word' id='word_1_256' title='bbox 576 4263 680 4319; x_wconf 88' lang='lat' dir='ltr'>vestre</span> <span class='ocrx_word' id='word_1_257' title='bbox 705 4259 893 4319; x_wconf 88' lang='lat' dir='ltr'>auctoritate</span> <span class='ocrx_word' id='word_1_258' title='bbox 914 4259 1035 4318; x_wconf 90' lang='lat' dir='ltr'>domini</span> <span class='ocrx_word' id='word_1_259' title='bbox 1056 4259 1150 4337; x_wconf 89' lang='lat' dir='ltr'>Pape,</span> <span class='ocrx_word' id='word_1_260' title='bbox 1173 4257 1263 4336; x_wconf 86' lang='lat' dir='ltr'>cujus</span> <span class='ocrx_word' id='word_1_261' title='bbox 1280 4257 1507 4336; x_wconf 90' lang='lat' dir='ltr'>penitenciarie</span> 
     </span>
     <span class='ocr_line' id='line_1_33' title="bbox 266 4363 1505 4446; baseline -0.005 -17"><span class='ocrx_word' id='word_1_262' title='bbox 266 4389 374 4430; x_wconf 90' lang='lat' dir='ltr'>curam</span> <span class='ocrx_word' id='word_1_263' title='bbox 402 4366 550 4446; x_wconf 85' lang='lat' dir='ltr'>gerimus,</span> <span class='ocrx_word' id='word_1_264' title='bbox 571 4365 800 4426; x_wconf 91' lang='lat' dir='ltr'>committimus</span> <span class='ocrx_word' id='word_1_265' title='bbox 828 4365 987 4445; x_wconf 86' lang='lat' dir='ltr'>quatinus,</span> <span class='ocrx_word' id='word_1_266' title='bbox 1009 4365 1036 4425; x_wconf 91' lang='lat' dir='ltr'>si</span> <span class='ocrx_word' id='word_1_267' title='bbox 1068 4370 1116 4425; x_wconf 91' lang='lat' dir='ltr'>est</span> <span class='ocrx_word' id='word_1_268' title='bbox 1146 4363 1199 4434; x_wconf 89' lang='lat' dir='ltr'>ita,</span> <span class='ocrx_word' id='word_1_269' title='bbox 1230 4369 1261 4424; x_wconf 93' lang='lat' dir='ltr'>et</span> <span class='ocrx_word' id='word_1_270' title='bbox 1286 4363 1319 4422; x_wconf 91' lang='lat' dir='ltr'>in</span> <span class='ocrx_word' id='word_1_271' title='bbox 1340 4363 1420 4424; x_wconf 88' lang='lat' dir='ltr'>tales</span> <span class='ocrx_word' id='word_1_272' title='bbox 1441 4385 1505 4424; x_wconf 92' lang='lat' dir='ltr'>non</span> 
     </span>
     <span class='ocr_line' id='line_1_34' title="bbox 266 4468 1507 4549; baseline -0.005 -15"><span class='ocrx_word' id='word_1_273' title='bbox 266 4474 326 4534; x_wconf 85' lang='lat' dir='ltr'>fuit</span> <span class='ocrx_word' id='word_1_274' title='bbox 347 4470 685 4534; x_wconf 83' lang='lat' dir='ltr'>excommunicacionis</span> <span class='ocrx_word' id='word_1_275' title='bbox 706 4471 868 4531; x_wconf 89' lang='lat' dir='ltr'>sentencia</span> <span class='ocrx_word' id='word_1_276' title='bbox 888 4469 1095 4549; x_wconf 88' lang='lat' dir='ltr'>promulgata,</span> <span class='ocrx_word' id='word_1_277' title='bbox 1124 4469 1267 4547; x_wconf 86' lang='lat' dir='ltr'>injuncta</span> <span class='ocrx_word' id='word_1_278' title='bbox 1286 4469 1361 4528; x_wconf 91' lang='lat' dir='ltr'>inde</span> <span class='ocrx_word' id='word_1_279' title='bbox 1385 4468 1444 4528; x_wconf 91' lang='lat' dir='ltr'>sibi</span> <span class='ocrx_word' id='word_1_280' title='bbox 1466 4469 1507 4528; x_wconf 94' lang='lat' dir='ltr'>ab</span> 
     </span>
     <span class='ocr_line' id='line_1_35' title="bbox 268 4574 1506 4656; baseline -0.006 -16"><span class='ocrx_word' id='word_1_281' title='bbox 268 4599 400 4640; x_wconf 85' lang='lat' dir='ltr'>excessu</span> <span class='ocrx_word' id='word_1_282' title='bbox 420 4576 602 4656; x_wconf 85' lang='lat' dir='ltr'>hujusmodi</span> <span class='ocrx_word' id='word_1_283' title='bbox 630 4581 662 4636; x_wconf 92' lang='lat' dir='ltr'>et</span> <span class='ocrx_word' id='word_1_284' title='bbox 689 4575 819 4655; x_wconf 89' lang='lat' dir='ltr'>perjurii</span> <span class='ocrx_word' id='word_1_285' title='bbox 846 4580 936 4636; x_wconf 90' lang='lat' dir='ltr'>reatu</span> <span class='ocrx_word' id='word_1_286' title='bbox 957 4575 1167 4645; x_wconf 90' lang='lat' dir='ltr'>absolucione,</span> <span class='ocrx_word' id='word_1_287' title='bbox 1195 4576 1303 4653; x_wconf 89' lang='lat' dir='ltr'>previa</span> <span class='ocrx_word' id='word_1_288' title='bbox 1330 4592 1387 4651; x_wconf 93' lang='lat' dir='ltr'>pro</span> <span class='ocrx_word' id='word_1_289' title='bbox 1413 4574 1506 4633; x_wconf 90' lang='lat' dir='ltr'>modo</span> 
     </span>
     <span class='ocr_line' id='line_1_36' title="bbox 267 4678 1505 4765; baseline -0.006 -19"><span class='ocrx_word' id='word_1_290' title='bbox 267 4685 359 4765; x_wconf 86' lang='lat' dir='ltr'>cnlpe</span> <span class='ocrx_word' id='word_1_291' title='bbox 378 4682 558 4763; x_wconf 89' lang='lat' dir='ltr'>penitencia</span> <span class='ocrx_word' id='word_1_292' title='bbox 578 4681 717 4752; x_wconf 87' lang='lat' dir='ltr'>salutari,</span> <span class='ocrx_word' id='word_1_293' title='bbox 737 4701 837 4760; x_wconf 88' lang='lat' dir='ltr'>eoque</span> <span class='ocrx_word' id='word_1_294' title='bbox 857 4681 897 4741; x_wconf 90' lang='lat' dir='ltr'>ad</span> <span class='ocrx_word' id='word_1_295' title='bbox 918 4685 1054 4759; x_wconf 89' lang='lat' dir='ltr'>tempus,</span> <span class='ocrx_word' id='word_1_296' title='bbox 1071 4684 1164 4758; x_wconf 92' lang='lat' dir='ltr'>prout</span> <span class='ocrx_word' id='word_1_297' title='bbox 1189 4679 1333 4758; x_wconf 89' lang='lat' dir='ltr'>expedire</span> <span class='ocrx_word' id='word_1_298' title='bbox 1354 4678 1505 4750; x_wconf 89' lang='lat' dir='ltr'>videritis,</span> 
     </span>
     <span class='ocr_line' id='line_1_37' title="bbox 267 4783 1506 4868; baseline -0.007 -15"><span class='ocrx_word' id='word_1_299' title='bbox 267 4813 287 4852; x_wconf 92' lang='lat' dir='ltr'>a</span> <span class='ocrx_word' id='word_1_300' title='bbox 305 4793 352 4853; x_wconf 88' lang='lat' dir='ltr'>sic</span> <span class='ocrx_word' id='word_1_301' title='bbox 377 4794 596 4868; x_wconf 89' lang='lat' dir='ltr'>susceptorum</span> <span class='ocrx_word' id='word_1_302' title='bbox 617 4788 764 4849; x_wconf 90' lang='lat' dir='ltr'>ordinum</span> <span class='ocrx_word' id='word_1_303' title='bbox 792 4787 979 4849; x_wconf 88' lang='lat' dir='ltr'>execucione</span> <span class='ocrx_word' id='word_1_304' title='bbox 1008 4806 1171 4865; x_wconf 86' lang='lat' dir='ltr'>suspenso,</span> <span class='ocrx_word' id='word_1_305' title='bbox 1205 4785 1332 4845; x_wconf 91' lang='lat' dir='ltr'>demum</span> <span class='ocrx_word' id='word_1_306' title='bbox 1356 4783 1506 4863; x_wconf 87' lang='lat' dir='ltr'>predictis</span> 
     </span>
     <span class='ocr_line' id='line_1_38' title="bbox 266 4889 1503 4973; baseline -0.008 -13"><span class='ocrx_word' id='word_1_307' title='bbox 266 4899 355 4960; x_wconf 77' lang='lat' dir='ltr'>falsis</span> <span class='ocrx_word' id='word_1_308' title='bbox 379 4895 503 4966; x_wconf 87' lang='lat' dir='ltr'>litteris,</span> <span class='ocrx_word' id='word_1_309' title='bbox 525 4893 552 4955; x_wconf 91' lang='lat' dir='ltr'>si</span> <span class='ocrx_word' id='word_1_310' title='bbox 573 4893 682 4955; x_wconf 88' lang='lat' dir='ltr'>haberi</span> <span class='ocrx_word' id='word_1_311' title='bbox 702 4899 846 4973; x_wconf 91' lang='lat' dir='ltr'>possunt,</span> <span class='ocrx_word' id='word_1_312' title='bbox 867 4892 1003 4964; x_wconf 88' lang='lat' dir='ltr'>laniatis,</span> <span class='ocrx_word' id='word_1_313' title='bbox 1026 4890 1271 4970; x_wconf 86' lang='lat' dir='ltr'>suffragantibus</span> <span class='ocrx_word' id='word_1_314' title='bbox 1293 4889 1352 4950; x_wconf 91' lang='lat' dir='ltr'>sibi</span> <span class='ocrx_word' id='word_1_315' title='bbox 1373 4889 1503 4961; x_wconf 90' lang='lat' dir='ltr'>meritis,</span> 
     </span>
     <span class='ocr_line' id='line_1_39' title="bbox 268 4995 1502 5084; baseline -0.009 -19"><span class='ocrx_word' id='word_1_316' title='bbox 268 5003 392 5084; x_wconf 87' lang='lat' dir='ltr'>alioque</span> <span class='ocrx_word' id='word_1_317' title='bbox 412 4998 565 5064; x_wconf 89' lang='lat' dir='ltr'>canonico</span> <span class='ocrx_word' id='word_1_318' title='bbox 585 5019 648 5060; x_wconf 91' lang='lat' dir='ltr'>non</span> <span class='ocrx_word' id='word_1_319' title='bbox 669 4999 824 5070; x_wconf 88' lang='lat' dir='ltr'>obstante,</span> <span class='ocrx_word' id='word_1_320' title='bbox 853 5017 948 5077; x_wconf 89' lang='lat' dir='ltr'>super</span> <span class='ocrx_word' id='word_1_321' title='bbox 977 4996 1204 5077; x_wconf 87' lang='lat' dir='ltr'>irregularitate</span> <span class='ocrx_word' id='word_1_322' title='bbox 1231 4995 1304 5056; x_wconf 89' lang='lat' dir='ltr'>inde</span> <span class='ocrx_word' id='word_1_323' title='bbox 1332 4998 1502 5066; x_wconf 86' lang='lat' dir='ltr'>contracta,</span> 
     </span>
     <span class='ocr_line' id='line_1_40' title="bbox 269 5098 1503 5190; baseline -0.011 -19"><span class='ocrx_word' id='word_1_324' title='bbox 269 5113 303 5171; x_wconf 85' lang='lat' dir='ltr'>et</span> <span class='ocrx_word' id='word_1_325' title='bbox 320 5109 460 5190; x_wconf 90' lang='lat' dir='ltr'>ipsorum</span> <span class='ocrx_word' id='word_1_326' title='bbox 476 5105 664 5169; x_wconf 86' lang='lat' dir='ltr'>execucione</span> <span class='ocrx_word' id='word_1_327' title='bbox 681 5105 827 5166; x_wconf 88' lang='lat' dir='ltr'>ordinum</span> <span class='ocrx_word' id='word_1_328' title='bbox 844 5124 915 5165; x_wconf 92' lang='lat' dir='ltr'>cum</span> <span class='ocrx_word' id='word_1_329' title='bbox 933 5104 1004 5183; x_wconf 91' lang='lat' dir='ltr'>ipso</span> <span class='ocrx_word' id='word_1_330' title='bbox 1020 5101 1208 5163; x_wconf 89' lang='lat' dir='ltr'>auctoritate</span> <span class='ocrx_word' id='word_1_331' title='bbox 1227 5100 1367 5180; x_wconf 89' lang='lat' dir='ltr'>predicta</span> <span class='ocrx_word' id='word_1_332' title='bbox 1381 5098 1503 5159; x_wconf 90' lang='lat' dir='ltr'>miseri·</span> 
     </span>
    </p>
   </div>
   <div class='ocr_carea' id='block_1_11' title="bbox 0 0 1930 5917">
    <p class='ocr_par' dir='ltr' id='par_1_11' title="bbox 0 0 1930 5917">
     <span class='ocr_line' id='line_1_41' title="bbox 0 0 1930 5917; baseline 0 1"><span class='ocrx_word' id='word_1_333' title='bbox 0 0 1930 5917; x_wconf 95' lang='lat' dir='ltr'> </span> 
     </span>
    </p>
   </div>
  </div>
 </body>
</html>
