<?xml version="1.0" encoding="UTF-8"?>
<!DOCTYPE html PUBLIC "-//W3C//DTD XHTML 1.0 Transitional//EN"
    "http://www.w3.org/TR/xhtml1/DTD/xhtml1-transitional.dtd">
<html xmlns="http://www.w3.org/1999/xhtml" xml:lang="en" lang="en">
 <head>
  <title>
</title>
<meta http-equiv="Content-Type" content="text/html;charset=utf-8" />
  <meta name='ocr-system' content='tesseract 3.04.00' />
  <meta name='ocr-capabilities' content='ocr_page ocr_carea ocr_par ocr_line ocrx_word'/>
</head>
<body>
  <div class='ocr_page' id='page_1' title='image "./registrumadedeo00banngoog_0333.png"; bbox 0 0 3850 5917; ppageno 0'>
   <div class='ocr_carea' id='block_1_1' title="bbox 401 676 1263 756">
    <p class='ocr_par' dir='ltr' id='par_1_1' title="bbox 401 676 1263 756">
     <span class='ocr_line' id='line_1_1' title="bbox 401 676 1263 756; baseline 0.003 -21"><span class='ocrx_word' id='word_1_1' title='bbox 401 676 460 737; x_wconf 80' lang='lat'>268</span> <span class='ocrx_word' id='word_1_2' title='bbox 774 677 953 756; x_wconf 71' lang='lat' dir='ltr'>Registrum</span> <span class='ocrx_word' id='word_1_3' title='bbox 981 676 1046 738; x_wconf 81' lang='lat' dir='ltr'>Ado</span> <span class='ocrx_word' id='word_1_4' title='bbox 1073 676 1110 737; x_wconf 80' lang='lat' dir='ltr'>de</span> <span class='ocrx_word' id='word_1_5' title='bbox 1139 676 1263 738; x_wconf 78' lang='lat' dir='ltr'>Orlstou</span> 
     </span>
    </p>
   </div>
   <div class='ocr_carea' id='block_1_2' title="bbox 229 902 1635 1306">
    <p class='ocr_par' dir='ltr' id='par_1_2' title="bbox 229 902 1635 1287">
     <span class='ocr_line' id='line_1_2' title="bbox 229 902 1635 983; baseline 0.003 -22"><span class='ocrx_word' id='word_1_6' title='bbox 229 906 287 945; x_wconf 49' lang='lat'>&amp;⁰-</span> <span class='ocrx_word' id='word_1_7' title='bbox 303 906 357 945; x_wconf 77' lang='lat'><strong>¹³²⁴·</strong></span> <span class='ocrx_word' id='word_1_8' title='bbox 401 902 474 962; x_wconf 80' lang='lat' dir='ltr'>Jan.</span> <span class='ocrx_word' id='word_1_9' title='bbox 498 902 634 962; x_wconf 71' lang='lat' dir='ltr'>2—le</span> <span class='ocrx_word' id='word_1_10' title='bbox 662 902 789 982; x_wconf 80' lang='lat' dir='ltr'>Bisbcp,</span> <span class='ocrx_word' id='word_1_11' title='bbox 818 903 854 962; x_wconf 80' lang='lat' dir='ltr'>iu</span> <span class='ocrx_word' id='word_1_12' title='bbox 876 903 1060 964; x_wconf 75' lang='lat' dir='ltr'>accordante</span> <span class='ocrx_word' id='word_1_13' title='bbox 1083 903 1161 962; x_wconf 81' lang='lat' dir='ltr'>with</span> <span class='ocrx_word' id='word_1_14' title='bbox 1184 924 1204 963; x_wconf 88' lang='grc' dir='ltr'><em>α</em></span> <span class='ocrx_word' id='word_1_15' title='bbox 1230 904 1315 964; x_wconf 74' lang='lat' dir='ltr'>letter</span> <span class='ocrx_word' id='word_1_16' title='bbox 1338 904 1373 983; x_wconf 86' lang='lat' dir='ltr'>os</span> <span class='ocrx_word' id='word_1_17' title='bbox 1399 903 1557 973; x_wconf 70' lang='lat' dir='ltr'>Gamelin,</span> <span class='ocrx_word' id='word_1_18' title='bbox 1585 904 1635 965; x_wconf 72' lang='lat' dir='ltr'>riu</span> 
     </span>
     <span class='ocr_line' id='line_1_3' title="bbox 521 983 1633 1075; baseline 0.003 -33"><span class='ocrx_word' id='word_1_19' title='bbox 521 983 628 1075; x_wconf 77' lang='lat' dir='ltr'>Popc&#39;s</span> <span class='ocrx_word' id='word_1_20' title='bbox 656 983 879 1062; x_wconf 79' lang='lat' dir='ltr'>Ponitentiary,</span> <span class='ocrx_word' id='word_1_21' title='bbox 907 991 1014 1062; x_wconf 75' lang='lat' dir='ltr'>gructa</span> <span class='ocrx_word' id='word_1_22' title='bbox 1042 984 1216 1045; x_wconf 73' lang='lat' dir='ltr'>absolutiore</span> <span class='ocrx_word' id='word_1_23' title='bbox 1244 990 1273 1044; x_wconf 85' lang='lat' dir='ltr'>to</span> <span class='ocrx_word' id='word_1_24' title='bbox 1304 983 1417 1045; x_wconf 81' lang='lat' dir='ltr'>Robcrt</span> <span class='ocrx_word' id='word_1_25' title='bbox 1448 984 1484 1043; x_wconf 86' lang='lat' dir='ltr'>dc</span> <span class='ocrx_word' id='word_1_26' title='bbox 1516 984 1633 1055; x_wconf 81' lang='lat' dir='ltr'>Wittre,</span> 
     </span>
     <span class='ocr_line' id='line_1_4' title="bbox 517 1064 1634 1144; baseline 0 -21"><span class='ocrx_word' id='word_1_27' title='bbox 517 1072 624 1143; x_wconf 77' lang='lat' dir='ltr'>praest,</span> <span class='ocrx_word' id='word_1_28' title='bbox 646 1064 713 1124; x_wconf 83' lang='lat' dir='ltr'>who</span> <span class='ocrx_word' id='word_1_29' title='bbox 739 1064 800 1124; x_wconf 81' lang='lat' dir='ltr'>bad</span> <span class='ocrx_word' id='word_1_30' title='bbox 823 1064 967 1125; x_wconf 79' lang='lat' dir='ltr'>obtained</span> <span class='ocrx_word' id='word_1_31' title='bbox 994 1064 1104 1125; x_wconf 83' lang='lat' dir='ltr'>Orders</span> <span class='ocrx_word' id='word_1_32' title='bbox 1122 1065 1208 1144; x_wconf 76' lang='lat' dir='ltr'>from</span> <span class='ocrx_word' id='word_1_33' title='bbox 1231 1064 1350 1144; x_wconf 80' lang='lat' dir='ltr'>Bisbop</span> <span class='ocrx_word' id='word_1_34' title='bbox 1372 1064 1529 1142; x_wconf 80' lang='lat' dir='ltr'>Swiufield</span> <span class='ocrx_word' id='word_1_35' title='bbox 1550 1084 1634 1144; x_wconf 75' lang='lat' dir='ltr'>upon</span> 
     </span>
     <span class='ocr_line' id='line_1_5' title="bbox 520 1145 1632 1287; baseline 0.001 -82"><span class='ocrx_word' id='word_1_36' title='bbox 520 1165 547 1286; x_wconf 56' lang='lat' dir='ltr'>cd</span> <span class='ocrx_word' id='word_1_37' title='bbox 562 1145 664 1286; x_wconf 49' lang='lat' dir='ltr'>{nispe</span> <span class='ocrx_word' id='word_1_38' title='bbox 673 1145 764 1285; x_wconf 43' lang='lat' dir='ltr'>optat</span> <span class='ocrx_word' id='word_1_39' title='bbox 807 1145 940 1287; x_wconf 57' lang='lat' dir='ltr'>Similutr</span> <span class='ocrx_word' id='word_1_40' title='bbox 965 1146 1064 1207; x_wconf 79' lang='lat' dir='ltr'>lettera</span> <span class='ocrx_word' id='word_1_41' title='bbox 1089 1147 1124 1224; x_wconf 84' lang='lat' dir='ltr'>of</span> <span class='ocrx_word' id='word_1_42' title='bbox 1148 1145 1322 1206; x_wconf 77' lang='lat' dir='ltr'>absolutiora</span> <span class='ocrx_word' id='word_1_43' title='bbox 1345 1166 1419 1207; x_wconf 80' lang='lat' dir='ltr'>were</span> <span class='ocrx_word' id='word_1_44' title='bbox 1446 1146 1575 1224; x_wconf 68' lang='lat' dir='ltr'>granted</span> <span class='ocrx_word' id='word_1_45' title='bbox 1602 1154 1632 1206; x_wconf 92' lang='lat' dir='ltr'>to</span> 
     </span>
    </p>

    <p class='ocr_par' dir='ltr' id='par_1_3' title="bbox 543 1246 943 1306">
     <span class='ocr_line' id='line_1_6' title="bbox 543 1246 943 1306; baseline 0.005 -21"><span class='ocrx_word' id='word_1_46' title='bbox 543 1246 604 1286; x_wconf 83' lang='lat' dir='ltr'>on</span> <span class='ocrx_word' id='word_1_47' title='bbox 717 1246 751 1287; x_wconf 88' lang='lat' dir='ltr'>or</span> <span class='ocrx_word' id='word_1_48' title='bbox 764 1246 812 1297; x_wconf 80' lang='lat' dir='ltr'>on,</span> <span class='ocrx_word' id='word_1_49' title='bbox 834 1246 943 1306; x_wconf 58' lang='lat' dir='ltr'>preca</span> 
     </span>
    </p>
   </div>
   <div class='ocr_carea' id='block_1_3' title="bbox 393 1384 1634 5051">
    <p class='ocr_par' dir='ltr' id='par_1_4' title="bbox 393 1384 1634 5051">
     <span class='ocr_line' id='line_1_7' title="bbox 480 1384 1634 1454; baseline 0.001 -12"><span class='ocrx_word' id='word_1_50' title='bbox 480 1384 627 1442; x_wconf 79' lang='lat' dir='ltr'>erraan</span> <span class='ocrx_word' id='word_1_51' title='bbox 649 1400 894 1443; x_wconf 67' lang='lat' dir='ltr'>saturaremur</span> <span class='ocrx_word' id='word_1_52' title='bbox 915 1384 1004 1443; x_wconf 78' lang='lat' dir='ltr'>Para</span> <span class='ocrx_word' id='word_1_53' title='bbox 1026 1401 1087 1443; x_wconf 80' lang='lat' dir='ltr'>rao</span> <span class='ocrx_word' id='word_1_54' title='bbox 1119 1384 1275 1443; x_wconf 61' lang='lat' dir='ltr'>Murano</span> <span class='ocrx_word' id='word_1_55' title='bbox 1304 1401 1348 1442; x_wconf 85' lang='lat' dir='ltr'>nn</span> <span class='ocrx_word' id='word_1_56' title='bbox 1370 1384 1519 1454; x_wconf 80' lang='lat' dir='ltr'>Wrrrnn,</span> <span class='ocrx_word' id='word_1_57' title='bbox 1542 1402 1634 1444; x_wconf 77' lang='lat' dir='ltr'>rass-</span> 
     </span>
     <span class='ocr_line' id='line_1_8' title="bbox 396 1488 1634 1569; baseline 0 -20"><span class='ocrx_word' id='word_1_58' title='bbox 396 1488 677 1560; x_wconf 80' lang='lat' dir='ltr'>mrauo.-Adam,</span> <span class='ocrx_word' id='word_1_59' title='bbox 701 1495 770 1559; x_wconf 75' lang='lat' dir='ltr'>ete,</span> <span class='ocrx_word' id='word_1_60' title='bbox 794 1488 908 1549; x_wconf 89' lang='lat' dir='ltr'>dilecto</span> <span class='ocrx_word' id='word_1_61' title='bbox 941 1490 975 1549; x_wconf 89' lang='lat' dir='ltr'>in</span> <span class='ocrx_word' id='word_1_62' title='bbox 1005 1489 1131 1550; x_wconf 86' lang='lat' dir='ltr'>Ohristo</span> <span class='ocrx_word' id='word_1_63' title='bbox 1162 1489 1236 1559; x_wconf 86' lang='lat' dir='ltr'>lilio,</span> <span class='ocrx_word' id='word_1_64' title='bbox 1270 1488 1408 1551; x_wconf 86' lang='lat' dir='ltr'>Roberto</span> <span class='ocrx_word' id='word_1_65' title='bbox 1440 1490 1479 1550; x_wconf 89' lang='lat' dir='ltr'>de</span> <span class='ocrx_word' id='word_1_66' title='bbox 1501 1490 1634 1569; x_wconf 86' lang='lat' dir='ltr'>Wyttre,</span> 
     </span>
     <span class='ocr_line' id='line_1_9' title="bbox 394 1595 1634 1676; baseline -0.002 -21"><span class='ocrx_word' id='word_1_67' title='bbox 394 1595 576 1676; x_wconf 75' lang='lat' dir='ltr'>presbitero,</span> <span class='ocrx_word' id='word_1_68' title='bbox 612 1602 719 1657; x_wconf 87' lang='lat' dir='ltr'>nostre</span> <span class='ocrx_word' id='word_1_69' title='bbox 751 1596 893 1668; x_wconf 90' lang='lat' dir='ltr'>diocesis,</span> <span class='ocrx_word' id='word_1_70' title='bbox 929 1596 1074 1666; x_wconf 87' lang='lat' dir='ltr'>salutem,</span> <span class='ocrx_word' id='word_1_71' title='bbox 1109 1600 1169 1656; x_wconf 88' lang='lat' dir='ltr'>eto.</span> <span class='ocrx_word' id='word_1_72' title='bbox 1224 1595 1361 1656; x_wconf 75' lang='lat' dir='ltr'><strong>Litteras</strong></span> <span class='ocrx_word' id='word_1_73' title='bbox 1390 1595 1575 1656; x_wconf 88' lang='lat' dir='ltr'>venerabilis</span> <span class='ocrx_word' id='word_1_74' title='bbox 1602 1596 1634 1655; x_wconf 90' lang='lat' dir='ltr'>in</span> 
     </span>
     <span class='ocr_line' id='line_1_10' title="bbox 394 1701 1631 1781; baseline -0.002 -18"><span class='ocrx_word' id='word_1_75' title='bbox 394 1702 521 1763; x_wconf 75' lang='lat' dir='ltr'>Christo</span> <span class='ocrx_word' id='word_1_76' title='bbox 544 1702 656 1772; x_wconf 90' lang='lat' dir='ltr'>Patris,</span> <span class='ocrx_word' id='word_1_77' title='bbox 682 1702 801 1763; x_wconf 92' lang='lat' dir='ltr'>domini</span> <span class='ocrx_word' id='word_1_78' title='bbox 823 1702 997 1773; x_wconf 88' lang='lat' dir='ltr'>Gancelini,</span> <span class='ocrx_word' id='word_1_79' title='bbox 1019 1702 1078 1763; x_wconf 93' lang='lat' dir='ltr'>Dei</span> <span class='ocrx_word' id='word_1_80' title='bbox 1103 1701 1207 1781; x_wconf 90' lang='lat' dir='ltr'>gracia</span> <span class='ocrx_word' id='word_1_81' title='bbox 1229 1701 1313 1761; x_wconf 92' lang='lat' dir='ltr'>tituli</span> <span class='ocrx_word' id='word_1_82' title='bbox 1343 1706 1523 1762; x_wconf 88' lang='lat' dir='ltr'>sanctornm</span> <span class='ocrx_word' id='word_1_83' title='bbox 1549 1701 1631 1761; x_wconf 88' lang='lat' dir='ltr'>Mar-</span> 
     </span>
     <span class='ocr_line' id='line_1_11' title="bbox 395 1806 1631 1887; baseline -0.003 -18"><span class='ocrx_word' id='word_1_84' title='bbox 395 1807 498 1869; x_wconf 92' lang='lat' dir='ltr'>cellini</span> <span class='ocrx_word' id='word_1_85' title='bbox 533 1812 566 1868; x_wconf 90' lang='lat' dir='ltr'>et</span> <span class='ocrx_word' id='word_1_86' title='bbox 597 1808 685 1869; x_wconf 88' lang='lat' dir='ltr'>Petri</span> <span class='ocrx_word' id='word_1_87' title='bbox 717 1807 882 1887; x_wconf 76' lang='lat' dir='ltr'>presbiteri</span> <span class='ocrx_word' id='word_1_88' title='bbox 909 1807 1094 1879; x_wconf 74' lang='lat' dir='ltr'>cardinalis,</span> <span class='ocrx_word' id='word_1_89' title='bbox 1131 1807 1249 1867; x_wconf 90' lang='lat' dir='ltr'>domini</span> <span class='ocrx_word' id='word_1_90' title='bbox 1287 1808 1373 1886; x_wconf 86' lang='lat' dir='ltr'>Papa</span> <span class='ocrx_word' id='word_1_91' title='bbox 1406 1806 1631 1885; x_wconf 88' lang='lat' dir='ltr'>penitenciarii,</span> 
     </span>
     <span class='ocr_line' id='line_1_12' title="bbox 393 1912 1631 1993; baseline -0.002 -19"><span class='ocrx_word' id='word_1_92' title='bbox 393 1913 569 1993; x_wconf 75' lang='lat' dir='ltr'>recepimus</span> <span class='ocrx_word' id='word_1_93' title='bbox 590 1913 623 1972; x_wconf 90' lang='lat' dir='ltr'>in</span> <span class='ocrx_word' id='word_1_94' title='bbox 644 1913 702 1975; x_wconf 90' lang='lat' dir='ltr'>hec</span> <span class='ocrx_word' id='word_1_95' title='bbox 730 1913 824 1973; x_wconf 91' lang='lat' dir='ltr'>verba</span> <span class='ocrx_word' id='word_1_96' title='bbox 835 1912 1062 1973; x_wconf 88' lang='lat' dir='ltr'>:—Vensrabili</span> <span class='ocrx_word' id='word_1_97' title='bbox 1093 1912 1127 1972; x_wconf 92' lang='lat' dir='ltr'>in</span> <span class='ocrx_word' id='word_1_98' title='bbox 1162 1912 1288 1973; x_wconf 82' lang='lat' dir='ltr'>Christo</span> <span class='ocrx_word' id='word_1_99' title='bbox 1317 1912 1408 1991; x_wconf 90' lang='lat' dir='ltr'>patri,</span> <span class='ocrx_word' id='word_1_100' title='bbox 1438 1912 1499 1971; x_wconf 91' lang='lat' dir='ltr'>Dei</span> <span class='ocrx_word' id='word_1_101' title='bbox 1528 1912 1631 1991; x_wconf 85' lang='lat' dir='ltr'>gracia</span> 
     </span>
     <span class='ocr_line' id='line_1_13' title="bbox 393 2016 1629 2098; baseline -0.002 -19"><span class='ocrx_word' id='word_1_102' title='bbox 393 2019 553 2098; x_wconf 79' lang='lat' dir='ltr'>Episcopo</span> <span class='ocrx_word' id='word_1_103' title='bbox 575 2018 808 2089; x_wconf 89' lang='lat' dir='ltr'>Hereiordensi,</span> <span class='ocrx_word' id='word_1_104' title='bbox 829 2017 879 2078; x_wconf 86' lang='lat' dir='ltr'>vel</span> <span class='ocrx_word' id='word_1_105' title='bbox 900 2018 969 2097; x_wconf 82' lang='lat' dir='ltr'>ejus</span> <span class='ocrx_word' id='word_1_106' title='bbox 990 2017 1106 2078; x_wconf 90' lang='lat' dir='ltr'>vicario</span> <span class='ocrx_word' id='word_1_107' title='bbox 1127 2017 1160 2076; x_wconf 94' lang='lat' dir='ltr'>in</span> <span class='ocrx_word' id='word_1_108' title='bbox 1182 2016 1405 2096; x_wconf 72' lang='lat' dir='ltr'>spiritualibus,</span> <span class='ocrx_word' id='word_1_109' title='bbox 1429 2017 1629 2085; x_wconf 88' lang='lat' dir='ltr'>Gaucelinus,</span> 
     </span>
     <span class='ocr_line' id='line_1_14' title="bbox 393 2123 1631 2203; baseline -0.002 -17"><span class='ocrx_word' id='word_1_110' title='bbox 393 2130 463 2197; x_wconf 69' lang='lat' dir='ltr'>etc,</span> <span class='ocrx_word' id='word_1_111' title='bbox 479 2124 622 2196; x_wconf 90' lang='lat' dir='ltr'>salutem,</span> <span class='ocrx_word' id='word_1_112' title='bbox 644 2130 703 2185; x_wconf 85' lang='lat' dir='ltr'>etc.</span> <span class='ocrx_word' id='word_1_113' title='bbox 746 2123 827 2199; x_wconf 87' lang='lat' dir='ltr'>Quia</span> <span class='ocrx_word' id='word_1_114' title='bbox 847 2124 937 2185; x_wconf 91' lang='lat' dir='ltr'>nobis</span> <span class='ocrx_word' id='word_1_115' title='bbox 959 2124 1116 2185; x_wconf 85' lang='lat' dir='ltr'>Robertus</span> <span class='ocrx_word' id='word_1_116' title='bbox 1138 2124 1177 2186; x_wconf 91' lang='lat' dir='ltr'>de</span> <span class='ocrx_word' id='word_1_117' title='bbox 1194 2124 1319 2195; x_wconf 90' lang='lat' dir='ltr'>Wittre,</span> <span class='ocrx_word' id='word_1_118' title='bbox 1341 2123 1504 2203; x_wconf 77' lang='lat' dir='ltr'>presbiter,</span> <span class='ocrx_word' id='word_1_119' title='bbox 1527 2129 1631 2185; x_wconf 86' lang='lat' dir='ltr'>vestre</span> 
     </span>
     <span class='ocr_line' id='line_1_15' title="bbox 395 2228 1631 2310; baseline -0.002 -20"><span class='ocrx_word' id='word_1_120' title='bbox 395 2230 537 2301; x_wconf 89' lang='lat' dir='ltr'>diocesis,</span> <span class='ocrx_word' id='word_1_121' title='bbox 572 2230 653 2291; x_wconf 89' lang='lat' dir='ltr'>lator</span> <span class='ocrx_word' id='word_1_122' title='bbox 686 2230 893 2310; x_wconf 87' lang='lat' dir='ltr'>presencium,</span> <span class='ocrx_word' id='word_1_123' title='bbox 923 2230 1079 2309; x_wconf 89' lang='lat' dir='ltr'>peticione</span> <span class='ocrx_word' id='word_1_124' title='bbox 1107 2230 1295 2290; x_wconf 89' lang='lat' dir='ltr'>monstravit</span> <span class='ocrx_word' id='word_1_125' title='bbox 1332 2229 1416 2309; x_wconf 90' lang='lat' dir='ltr'>quod</span> <span class='ocrx_word' id='word_1_126' title='bbox 1452 2230 1519 2308; x_wconf 91' lang='lat' dir='ltr'>ipse</span> <span class='ocrx_word' id='word_1_127' title='bbox 1547 2228 1631 2299; x_wconf 90' lang='lat' dir='ltr'>olim,</span> 
     </span>
     <span class='ocr_line' id='line_1_16' title="bbox 393 2335 1628 2417; baseline 0.001 -21"><span class='ocrx_word' id='word_1_128' title='bbox 393 2342 488 2417; x_wconf 90' lang='lat' dir='ltr'>prout</span> <span class='ocrx_word' id='word_1_129' title='bbox 518 2341 662 2415; x_wconf 81' lang='lat' dir='ltr'>exponet,</span> <span class='ocrx_word' id='word_1_130' title='bbox 697 2356 753 2416; x_wconf 90' lang='lat' dir='ltr'>per</span> <span class='ocrx_word' id='word_1_131' title='bbox 783 2336 893 2396; x_wconf 86' lang='lat' dir='ltr'>fictum</span> <span class='ocrx_word' id='word_1_132' title='bbox 927 2341 960 2397; x_wconf 90' lang='lat' dir='ltr'>et</span> <span class='ocrx_word' id='word_1_133' title='bbox 995 2336 1109 2397; x_wconf 81' lang='lat' dir='ltr'>falsum</span> <span class='ocrx_word' id='word_1_134' title='bbox 1137 2336 1265 2397; x_wconf 91' lang='lat' dir='ltr'>titulum</span> <span class='ocrx_word' id='word_1_135' title='bbox 1300 2336 1340 2395; x_wconf 88' lang='lat' dir='ltr'>ad</span> <span class='ocrx_word' id='word_1_136' title='bbox 1375 2335 1628 2407; x_wconf 73' lang='lat' dir='ltr'>subdiaconatus,</span> 
     </span>
     <span class='ocr_line' id='line_1_17' title="bbox 394 2441 1627 2523; baseline -0.001 -21"><span class='ocrx_word' id='word_1_137' title='bbox 394 2442 586 2513; x_wconf 71' lang='lat' dir='ltr'>diaconatus,</span> <span class='ocrx_word' id='word_1_138' title='bbox 608 2448 641 2503; x_wconf 90' lang='lat' dir='ltr'>et</span> <span class='ocrx_word' id='word_1_139' title='bbox 661 2441 887 2522; x_wconf 84' lang='lat' dir='ltr'>presbiteratus</span> <span class='ocrx_word' id='word_1_140' title='bbox 911 2442 1037 2504; x_wconf 88' lang='lat' dir='ltr'>ordines</span> <span class='ocrx_word' id='word_1_141' title='bbox 1065 2462 1121 2523; x_wconf 89' lang='lat' dir='ltr'>per</span> <span class='ocrx_word' id='word_1_142' title='bbox 1149 2442 1230 2503; x_wconf 91' lang='lat' dir='ltr'>bone</span> <span class='ocrx_word' id='word_1_143' title='bbox 1260 2442 1409 2503; x_wconf 90' lang='lat' dir='ltr'>memorie</span> <span class='ocrx_word' id='word_1_144' title='bbox 1435 2442 1627 2523; x_wconf 80' lang='lat' dir='ltr'>Episcopum</span> 
     </span>
     <span class='ocr_line' id='line_1_18' title="bbox 393 2548 1631 2629; baseline 0 -21"><span class='ocrx_word' id='word_1_145' title='bbox 393 2548 644 2629; x_wconf 87' lang='lat' dir='ltr'>predecessorem</span> <span class='ocrx_word' id='word_1_146' title='bbox 666 2554 806 2610; x_wconf 84' lang='lat' dir='ltr'>vestrum</span> <span class='ocrx_word' id='word_1_147' title='bbox 827 2549 904 2609; x_wconf 90' lang='lat' dir='ltr'>alias</span> <span class='ocrx_word' id='word_1_148' title='bbox 925 2549 986 2611; x_wconf 88' lang='lat' dir='ltr'>rito</span> <span class='ocrx_word' id='word_1_149' title='bbox 1020 2554 1127 2609; x_wconf 91' lang='lat' dir='ltr'>tamen</span> <span class='ocrx_word' id='word_1_150' title='bbox 1159 2568 1193 2610; x_wconf 92' lang='lat' dir='ltr'>se</span> <span class='ocrx_word' id='word_1_151' title='bbox 1217 2548 1291 2609; x_wconf 88' lang='lat' dir='ltr'>fecit</span> <span class='ocrx_word' id='word_1_152' title='bbox 1320 2549 1507 2629; x_wconf 88' lang='lat' dir='ltr'>promoveri,</span> <span class='ocrx_word' id='word_1_153' title='bbox 1537 2555 1569 2611; x_wconf 90' lang='lat' dir='ltr'>et</span> <span class='ocrx_word' id='word_1_154' title='bbox 1599 2550 1631 2609; x_wconf 92' lang='lat' dir='ltr'>in</span> 
     </span>
     <span class='ocr_line' id='line_1_19' title="bbox 394 2654 1627 2734; baseline 0.001 -20"><span class='ocrx_word' id='word_1_155' title='bbox 394 2654 472 2734; x_wconf 91' lang='lat' dir='ltr'>ipsis</span> <span class='ocrx_word' id='word_1_156' title='bbox 498 2654 659 2716; x_wconf 90' lang='lat' dir='ltr'>ordinibus</span> <span class='ocrx_word' id='word_1_157' title='bbox 680 2654 725 2715; x_wconf 90' lang='lat' dir='ltr'>sic</span> <span class='ocrx_word' id='word_1_158' title='bbox 756 2655 911 2734; x_wconf 88' lang='lat' dir='ltr'>susceptis</span> <span class='ocrx_word' id='word_1_159' title='bbox 946 2674 1010 2715; x_wconf 92' lang='lat' dir='ltr'>non</span> <span class='ocrx_word' id='word_1_160' title='bbox 1038 2660 1145 2715; x_wconf 90' lang='lat' dir='ltr'>tamen</span> <span class='ocrx_word' id='word_1_161' title='bbox 1175 2654 1209 2713; x_wconf 92' lang='lat' dir='ltr'>in</span> <span class='ocrx_word' id='word_1_162' title='bbox 1241 2659 1459 2734; x_wconf 91' lang='lat' dir='ltr'>contemptum</span> <span class='ocrx_word' id='word_1_163' title='bbox 1483 2656 1627 2726; x_wconf 86' lang='lat' dir='ltr'>clavium,</span> 
     </span>
     <span class='ocr_line' id='line_1_20' title="bbox 394 2759 1631 2840; baseline -0.001 -18"><span class='ocrx_word' id='word_1_164' title='bbox 394 2765 443 2822; x_wconf 90' lang='lat' dir='ltr'>set</span> <span class='ocrx_word' id='word_1_165' title='bbox 463 2780 519 2840; x_wconf 90' lang='lat' dir='ltr'>per</span> <span class='ocrx_word' id='word_1_166' title='bbox 539 2760 774 2840; x_wconf 88' lang='lat' dir='ltr'>simplicitatem</span> <span class='ocrx_word' id='word_1_167' title='bbox 796 2766 829 2820; x_wconf 91' lang='lat' dir='ltr'>et</span> <span class='ocrx_word' id='word_1_168' title='bbox 848 2760 927 2840; x_wconf 86' lang='lat' dir='ltr'>juris</span> <span class='ocrx_word' id='word_1_169' title='bbox 948 2759 1161 2839; x_wconf 87' lang='lat' dir='ltr'>ignoranciam</span> <span class='ocrx_word' id='word_1_170' title='bbox 1203 2760 1401 2831; x_wconf 89' lang='lat' dir='ltr'>ministravit,</span> <span class='ocrx_word' id='word_1_171' title='bbox 1423 2768 1455 2821; x_wconf 91' lang='lat' dir='ltr'>et</span> <span class='ocrx_word' id='word_1_172' title='bbox 1477 2761 1554 2822; x_wconf 89' lang='lat' dir='ltr'>alias</span> <span class='ocrx_word' id='word_1_173' title='bbox 1575 2762 1631 2821; x_wconf 94' lang='lat' dir='ltr'>im·</span> 
     </span>
     <span class='ocr_line' id='line_1_21' title="bbox 395 2865 1628 2946; baseline 0.001 -21"><span class='ocrx_word' id='word_1_174' title='bbox 395 2866 521 2927; x_wconf 86' lang='lat' dir='ltr'>miscuit</span> <span class='ocrx_word' id='word_1_175' title='bbox 549 2885 583 2926; x_wconf 90' lang='lat' dir='ltr'>se</span> <span class='ocrx_word' id='word_1_176' title='bbox 610 2865 734 2937; x_wconf 88' lang='lat' dir='ltr'>divinis,</span> <span class='ocrx_word' id='word_1_177' title='bbox 759 2866 885 2945; x_wconf 92' lang='lat' dir='ltr'>cognita</span> <span class='ocrx_word' id='word_1_178' title='bbox 915 2865 1044 2925; x_wconf 90' lang='lat' dir='ltr'>tandem</span> <span class='ocrx_word' id='word_1_179' title='bbox 1068 2866 1168 2945; x_wconf 89' lang='lat' dir='ltr'>ipsius</span> <span class='ocrx_word' id='word_1_180' title='bbox 1193 2865 1285 2946; x_wconf 90' lang='lat' dir='ltr'>culpa</span> <span class='ocrx_word' id='word_1_181' title='bbox 1312 2886 1368 2946; x_wconf 91' lang='lat' dir='ltr'>per</span> <span class='ocrx_word' id='word_1_182' title='bbox 1403 2866 1531 2927; x_wconf 88' lang='lat' dir='ltr'>alterius</span> <span class='ocrx_word' id='word_1_183' title='bbox 1569 2867 1628 2928; x_wconf 88' lang='lat' dir='ltr'>sibi</span> 
     </span>
     <span class='ocr_line' id='line_1_22' title="bbox 395 2970 1633 3051; baseline 0.001 -19"><span class='ocrx_word' id='word_1_184' title='bbox 395 2972 597 3051; x_wconf 87' lang='lat' dir='ltr'>prudenciam</span> <span class='ocrx_word' id='word_1_185' title='bbox 612 2971 757 3043; x_wconf 84' lang='lat' dir='ltr'>revelata,</span> <span class='ocrx_word' id='word_1_186' title='bbox 781 2971 895 3032; x_wconf 85' lang='lat' dir='ltr'>Sedem</span> <span class='ocrx_word' id='word_1_187' title='bbox 909 2970 1122 3051; x_wconf 87' lang='lat' dir='ltr'>Apostolicam</span> <span class='ocrx_word' id='word_1_188' title='bbox 1137 2971 1245 3032; x_wconf 88' lang='lat' dir='ltr'>adiens</span> <span class='ocrx_word' id='word_1_189' title='bbox 1267 2971 1454 3051; x_wconf 88' lang='lat' dir='ltr'>supplicavit</span> <span class='ocrx_word' id='word_1_190' title='bbox 1472 2972 1633 3034; x_wconf 89' lang='lat' dir='ltr'>humiliter</span> 
     </span>
     <span class='ocr_line' id='line_1_23' title="bbox 395 3076 1631 3158; baseline 0 -19"><span class='ocrx_word' id='word_1_191' title='bbox 395 3077 455 3139; x_wconf 92' lang='lat' dir='ltr'>sibi</span> <span class='ocrx_word' id='word_1_192' title='bbox 486 3097 542 3158; x_wconf 91' lang='lat' dir='ltr'>per</span> <span class='ocrx_word' id='word_1_193' title='bbox 582 3076 695 3138; x_wconf 84' lang='lat' dir='ltr'>Sedem</span> <span class='ocrx_word' id='word_1_194' title='bbox 729 3077 861 3138; x_wconf 90' lang='lat' dir='ltr'>eandem</span> <span class='ocrx_word' id='word_1_195' title='bbox 892 3076 1135 3137; x_wconf 89' lang='lat' dir='ltr'>misericorditer</span> <span class='ocrx_word' id='word_1_196' title='bbox 1168 3076 1332 3156; x_wconf 88' lang='lat' dir='ltr'>provideri,</span> <span class='ocrx_word' id='word_1_197' title='bbox 1365 3077 1469 3157; x_wconf 89' lang='lat' dir='ltr'>ipsum</span> <span class='ocrx_word' id='word_1_198' title='bbox 1501 3078 1541 3137; x_wconf 90' lang='lat' dir='ltr'>ad</span> <span class='ocrx_word' id='word_1_199' title='bbox 1575 3098 1631 3139; x_wconf 87' lang='lat' dir='ltr'>vos</span> 
     </span>
     <span class='ocr_line' id='line_1_24' title="bbox 393 3181 1629 3262; baseline 0.001 -19"><span class='ocrx_word' id='word_1_200' title='bbox 393 3183 540 3244; x_wconf 78' lang='lat' dir='ltr'>duximus</span> <span class='ocrx_word' id='word_1_201' title='bbox 567 3182 791 3243; x_wconf 89' lang='lat' dir='ltr'>remittendum</span> <span class='ocrx_word' id='word_1_202' title='bbox 813 3182 1000 3244; x_wconf 90' lang='lat' dir='ltr'>auctoritate</span> <span class='ocrx_word' id='word_1_203' title='bbox 1028 3181 1148 3242; x_wconf 92' lang='lat' dir='ltr'>domini</span> <span class='ocrx_word' id='word_1_204' title='bbox 1166 3182 1261 3262; x_wconf 86' lang='lat' dir='ltr'>Papo,</span> <span class='ocrx_word' id='word_1_205' title='bbox 1290 3181 1380 3261; x_wconf 86' lang='lat' dir='ltr'>cujus</span> <span class='ocrx_word' id='word_1_206' title='bbox 1404 3182 1629 3261; x_wconf 86' lang='lat' dir='ltr'>penitenciarie</span> 
     </span>
     <span class='ocr_line' id='line_1_25' title="bbox 395 3287 1629 3368; baseline 0.001 -19"><span class='ocrx_word' id='word_1_207' title='bbox 395 3308 503 3349; x_wconf 92' lang='lat' dir='ltr'>curam</span> <span class='ocrx_word' id='word_1_208' title='bbox 537 3287 682 3367; x_wconf 86' lang='lat' dir='ltr'>gerimus,</span> <span class='ocrx_word' id='word_1_209' title='bbox 714 3288 992 3367; x_wconf 89' lang='lat' dir='ltr'>circumspeccioni</span> <span class='ocrx_word' id='word_1_210' title='bbox 1019 3294 1122 3349; x_wconf 89' lang='lat' dir='ltr'>vestre</span> <span class='ocrx_word' id='word_1_211' title='bbox 1160 3287 1394 3348; x_wconf 88' lang='lat' dir='ltr'>committentes</span> <span class='ocrx_word' id='word_1_212' title='bbox 1422 3288 1629 3368; x_wconf 90' lang='lat' dir='ltr'>quatinus,si</span> 
     </span>
     <span class='ocr_line' id='line_1_26' title="bbox 396 3392 1631 3473; baseline -0.002 -17"><span class='ocrx_word' id='word_1_213' title='bbox 396 3400 445 3456; x_wconf 88' lang='lat' dir='ltr'>est</span> <span class='ocrx_word' id='word_1_214' title='bbox 466 3394 519 3465; x_wconf 91' lang='lat' dir='ltr'>ita,</span> <span class='ocrx_word' id='word_1_215' title='bbox 541 3393 684 3472; x_wconf 82' lang='lat' dir='ltr'>injuncta</span> <span class='ocrx_word' id='word_1_216' title='bbox 704 3394 777 3454; x_wconf 90' lang='lat' dir='ltr'>inde</span> <span class='ocrx_word' id='word_1_217' title='bbox 798 3393 857 3454; x_wconf 90' lang='lat' dir='ltr'>sibi</span> <span class='ocrx_word' id='word_1_218' title='bbox 878 3393 1078 3455; x_wconf 89' lang='lat' dir='ltr'>absolucione</span> <span class='ocrx_word' id='word_1_219' title='bbox 1098 3392 1207 3473; x_wconf 88' lang='lat' dir='ltr'>previa</span> <span class='ocrx_word' id='word_1_220' title='bbox 1227 3392 1266 3453; x_wconf 90' lang='lat' dir='ltr'>ab</span> <span class='ocrx_word' id='word_1_221' title='bbox 1297 3412 1425 3454; x_wconf 86' lang='lat' dir='ltr'>excessu</span> <span class='ocrx_word' id='word_1_222' title='bbox 1451 3394 1631 3473; x_wconf 87' lang='lat' dir='ltr'>hujusmodi</span> 
     </span>
     <span class='ocr_line' id='line_1_27' title="bbox 397 3498 1632 3580; baseline -0.002 -19"><span class='ocrx_word' id='word_1_223' title='bbox 397 3499 575 3580; x_wconf 89' lang='lat' dir='ltr'>penitencia</span> <span class='ocrx_word' id='word_1_224' title='bbox 606 3498 744 3570; x_wconf 88' lang='lat' dir='ltr'>salutari,</span> <span class='ocrx_word' id='word_1_225' title='bbox 776 3519 875 3579; x_wconf 91' lang='lat' dir='ltr'>eoque</span> <span class='ocrx_word' id='word_1_226' title='bbox 906 3500 946 3560; x_wconf 91' lang='lat' dir='ltr'>ad</span> <span class='ocrx_word' id='word_1_227' title='bbox 977 3503 1103 3579; x_wconf 89' lang='lat' dir='ltr'>tempus</span> <span class='ocrx_word' id='word_1_228' title='bbox 1137 3503 1231 3579; x_wconf 90' lang='lat' dir='ltr'>prout</span> <span class='ocrx_word' id='word_1_229' title='bbox 1262 3498 1407 3577; x_wconf 83' lang='lat' dir='ltr'>expedire</span> <span class='ocrx_word' id='word_1_230' title='bbox 1437 3499 1578 3561; x_wconf 86' lang='lat' dir='ltr'>videritis</span> <span class='ocrx_word' id='word_1_231' title='bbox 1613 3520 1632 3559; x_wconf 85' lang='lat' dir='ltr'>a</span> 
     </span>
     <span class='ocr_line' id='line_1_28' title="bbox 397 3604 1630 3684; baseline -0.002 -17"><span class='ocrx_word' id='word_1_232' title='bbox 397 3625 525 3667; x_wconf 91' lang='lat' dir='ltr'>suorum</span> <span class='ocrx_word' id='word_1_233' title='bbox 560 3604 704 3666; x_wconf 89' lang='lat' dir='ltr'>ordinum</span> <span class='ocrx_word' id='word_1_234' title='bbox 740 3606 785 3665; x_wconf 91' lang='lat' dir='ltr'>sic</span> <span class='ocrx_word' id='word_1_235' title='bbox 816 3609 1035 3683; x_wconf 88' lang='lat' dir='ltr'>susceptorum</span> <span class='ocrx_word' id='word_1_236' title='bbox 1077 3604 1262 3665; x_wconf 90' lang='lat' dir='ltr'>execucione</span> <span class='ocrx_word' id='word_1_237' title='bbox 1304 3623 1467 3684; x_wconf 85' lang='lat' dir='ltr'>suspense,</span> <span class='ocrx_word' id='word_1_238' title='bbox 1502 3606 1630 3667; x_wconf 85' lang='lat' dir='ltr'>tandem</span> 
     </span>
     <span class='ocr_line' id='line_1_29' title="bbox 397 3709 1632 3791; baseline -0.001 -19"><span class='ocrx_word' id='word_1_239' title='bbox 397 3709 642 3791; x_wconf 86' lang='lat' dir='ltr'>suffragantibus</span> <span class='ocrx_word' id='word_1_240' title='bbox 673 3709 732 3769; x_wconf 90' lang='lat' dir='ltr'>sibi</span> <span class='ocrx_word' id='word_1_241' title='bbox 761 3710 890 3780; x_wconf 90' lang='lat' dir='ltr'>meritis,</span> <span class='ocrx_word' id='word_1_242' title='bbox 922 3709 1045 3789; x_wconf 90' lang='lat' dir='ltr'>alioque</span> <span class='ocrx_word' id='word_1_243' title='bbox 1076 3730 1140 3771; x_wconf 90' lang='lat' dir='ltr'>non</span> <span class='ocrx_word' id='word_1_244' title='bbox 1171 3710 1317 3771; x_wconf 90' lang='lat' dir='ltr'>obstante</span> <span class='ocrx_word' id='word_1_245' title='bbox 1345 3710 1505 3781; x_wconf 86' lang='lat' dir='ltr'>canonice,</span> <span class='ocrx_word' id='word_1_246' title='bbox 1537 3730 1632 3791; x_wconf 86' lang='lat' dir='ltr'>super</span> 
     </span>
     <span class='ocr_line' id='line_1_30' title="bbox 395 3814 1629 3895; baseline 0.002 -20"><span class='ocrx_word' id='word_1_247' title='bbox 395 3815 623 3895; x_wconf 87' lang='lat' dir='ltr'>irregularitate</span> <span class='ocrx_word' id='word_1_248' title='bbox 654 3814 747 3876; x_wconf 90' lang='lat' dir='ltr'>modo</span> <span class='ocrx_word' id='word_1_249' title='bbox 777 3816 930 3895; x_wconf 90' lang='lat' dir='ltr'>premisso</span> <span class='ocrx_word' id='word_1_250' title='bbox 962 3818 1144 3886; x_wconf 86' lang='lat' dir='ltr'>contracta,¹</span> <span class='ocrx_word' id='word_1_251' title='bbox 1175 3819 1208 3876; x_wconf 91' lang='lat' dir='ltr'>et</span> <span class='ocrx_word' id='word_1_252' title='bbox 1239 3816 1379 3895; x_wconf 91' lang='lat' dir='ltr'>ipsorum</span> <span class='ocrx_word' id='word_1_253' title='bbox 1407 3816 1552 3876; x_wconf 91' lang='lat' dir='ltr'>ordinum</span> <span class='ocrx_word' id='word_1_254' title='bbox 1585 3816 1629 3877; x_wconf 89' lang='lat' dir='ltr'>sic</span> 
     </span>
     <span class='ocr_line' id='line_1_31' title="bbox 396 3921 1629 4001; baseline -0.002 -18"><span class='ocrx_word' id='word_1_255' title='bbox 396 3927 614 4001; x_wconf 88' lang='lat' dir='ltr'>susceptorum</span> <span class='ocrx_word' id='word_1_256' title='bbox 656 3922 845 3982; x_wconf 81' lang='lat' dir='ltr'>execucione</span> <span class='ocrx_word' id='word_1_257' title='bbox 879 3921 1068 4001; x_wconf 87' lang='lat' dir='ltr'>dispensetis</span> <span class='ocrx_word' id='word_1_258' title='bbox 1102 3921 1290 3982; x_wconf 87' lang='lat' dir='ltr'>auctoritate</span> <span class='ocrx_word' id='word_1_259' title='bbox 1331 3922 1471 4000; x_wconf 87' lang='lat' dir='ltr'>predicta</span> <span class='ocrx_word' id='word_1_260' title='bbox 1512 3922 1629 3983; x_wconf 89' lang='lat' dir='ltr'>miseri-</span> 
     </span>
     <span class='ocr_line' id='line_1_32' title="bbox 397 4026 1631 4100; baseline 0.001 -12"><span class='ocrx_word' id='word_1_261' title='bbox 397 4028 531 4089; x_wconf 83' lang='lat' dir='ltr'>corditer</span> <span class='ocrx_word' id='word_1_262' title='bbox 549 4048 622 4087; x_wconf 89' lang='lat' dir='ltr'>cum</span> <span class='ocrx_word' id='word_1_263' title='bbox 635 4028 755 4088; x_wconf 90' lang='lat' dir='ltr'>eodem.</span> <span class='ocrx_word' id='word_1_264' title='bbox 798 4028 917 4088; x_wconf 90' lang='lat' dir='ltr'>Datum</span> <span class='ocrx_word' id='word_1_265' title='bbox 932 4026 1094 4099; x_wconf 87' lang='lat' dir='ltr'>Avinione,</span> <span class='ocrx_word' id='word_1_266' title='bbox 1113 4028 1196 4088; x_wconf 91' lang='lat' dir='ltr'>Non.</span> <span class='ocrx_word' id='word_1_267' title='bbox 1212 4027 1408 4100; x_wconf 87' lang='lat' dir='ltr'>Novembris,</span> <span class='ocrx_word' id='word_1_268' title='bbox 1423 4028 1631 4089; x_wconf 87' lang='lat' dir='ltr'>Pontificatus</span> 
     </span>
     <span class='ocr_line' id='line_1_33' title="bbox 396 4132 1627 4213; baseline 0.003 -21"><span class='ocrx_word' id='word_1_269' title='bbox 396 4132 515 4193; x_wconf 91' lang='lat' dir='ltr'>dmoini</span> <span class='ocrx_word' id='word_1_270' title='bbox 543 4132 698 4192; x_wconf 90' lang='lat' dir='ltr'>Johannis</span> <span class='ocrx_word' id='word_1_271' title='bbox 726 4132 811 4211; x_wconf 90' lang='lat' dir='ltr'>Pape</span> <span class='ocrx_word' id='word_1_272' title='bbox 840 4132 939 4191; x_wconf 83' lang='lat' dir='ltr'>XXII</span> <span class='ocrx_word' id='word_1_273' title='bbox 961 4152 1046 4193; x_wconf 87' lang='lat' dir='ltr'>anno</span> <span class='ocrx_word' id='word_1_274' title='bbox 1069 4132 1144 4192; x_wconf 63' lang='lat' dir='ltr'>viiia</span> <span class='ocrx_word' id='word_1_275' title='bbox 1201 4133 1281 4194; x_wconf 85' lang='lat' dir='ltr'>Oum</span> <span class='ocrx_word' id='word_1_276' title='bbox 1308 4133 1404 4213; x_wconf 90' lang='lat' dir='ltr'>igitur</span> <span class='ocrx_word' id='word_1_277' title='bbox 1431 4154 1487 4213; x_wconf 88' lang='lat' dir='ltr'>por</span> <span class='ocrx_word' id='word_1_278' title='bbox 1507 4133 1627 4196; x_wconf 81' lang='lat' dir='ltr'>conlea-</span> 
     </span>
     <span class='ocr_line' id='line_1_34' title="bbox 396 4238 1630 4318; baseline 0 -18"><span class='ocrx_word' id='word_1_279' title='bbox 396 4239 518 4300; x_wconf 89' lang='lat' dir='ltr'>sionem</span> <span class='ocrx_word' id='word_1_280' title='bbox 546 4244 634 4299; x_wconf 90' lang='lat' dir='ltr'>tuam</span> <span class='ocrx_word' id='word_1_281' title='bbox 654 4238 746 4299; x_wconf 91' lang='lat' dir='ltr'>nobis</span> <span class='ocrx_word' id='word_1_282' title='bbox 766 4238 940 4318; x_wconf 84' lang='lat' dir='ltr'>expositam</span> <span class='ocrx_word' id='word_1_283' title='bbox 970 4242 1002 4300; x_wconf 84' lang='lat' dir='ltr'>te</span> <span class='ocrx_word' id='word_1_284' title='bbox 1023 4257 1186 4299; x_wconf 86' lang='lat' dir='ltr'>excessum</span> <span class='ocrx_word' id='word_1_285' title='bbox 1217 4238 1398 4318; x_wconf 85' lang='lat' dir='ltr'>hujusmodi</span> <span class='ocrx_word' id='word_1_286' title='bbox 1418 4238 1630 4301; x_wconf 90' lang='lat' dir='ltr'>invenerimus</span> 
     </span>
     <span class='ocr_line' id='line_1_35' title="bbox 397 4344 1630 4425; baseline -0.002 -18"><span class='ocrx_word' id='word_1_287' title='bbox 397 4345 601 4414; x_wconf 88' lang='lat' dir='ltr'>commisisse,</span> <span class='ocrx_word' id='word_1_288' title='bbox 622 4350 655 4405; x_wconf 90' lang='lat' dir='ltr'>et</span> <span class='ocrx_word' id='word_1_289' title='bbox 675 4344 707 4403; x_wconf 95' lang='lat' dir='ltr'>in</span> <span class='ocrx_word' id='word_1_290' title='bbox 729 4344 775 4405; x_wconf 90' lang='lat' dir='ltr'>sic</span> <span class='ocrx_word' id='word_1_291' title='bbox 795 4344 951 4423; x_wconf 88' lang='lat' dir='ltr'>susceptis</span> <span class='ocrx_word' id='word_1_292' title='bbox 972 4344 1132 4405; x_wconf 90' lang='lat' dir='ltr'>ordinibus</span> <span class='ocrx_word' id='word_1_293' title='bbox 1153 4349 1337 4405; x_wconf 89' lang='lat' dir='ltr'>nontamen</span> <span class='ocrx_word' id='word_1_294' title='bbox 1359 4344 1392 4403; x_wconf 91' lang='lat' dir='ltr'>in</span> <span class='ocrx_word' id='word_1_295' title='bbox 1413 4350 1630 4425; x_wconf 84' lang='lat' dir='ltr'>contemptum</span> 
     </span>
     <span class='ocr_line' id='line_1_36' title="bbox 395 4449 1630 4531; baseline 0 -20"><span class='ocrx_word' id='word_1_296' title='bbox 395 4451 530 4512; x_wconf 90' lang='lat' dir='ltr'>clavium</span> <span class='ocrx_word' id='word_1_297' title='bbox 552 4449 666 4511; x_wconf 88' lang='lat' dir='ltr'>divinis</span> <span class='ocrx_word' id='word_1_298' title='bbox 690 4449 907 4522; x_wconf 87' lang='lat' dir='ltr'>immiscuisse,</span> <span class='ocrx_word' id='word_1_299' title='bbox 939 4450 1082 4529; x_wconf 83' lang='lat' dir='ltr'>injuncta</span> <span class='ocrx_word' id='word_1_300' title='bbox 1113 4450 1169 4511; x_wconf 91' lang='lat' dir='ltr'>tibi</span> <span class='ocrx_word' id='word_1_301' title='bbox 1200 4470 1258 4531; x_wconf 91' lang='lat' dir='ltr'>pro</span> <span class='ocrx_word' id='word_1_302' title='bbox 1288 4470 1419 4511; x_wconf 84' lang='lat' dir='ltr'>excessu</span> <span class='ocrx_word' id='word_1_303' title='bbox 1449 4450 1630 4529; x_wconf 85' lang='lat' dir='ltr'>hujusmodi</span> 
     </span>
     <span class='ocr_line' id='line_1_37' title="bbox 394 4556 1629 4637; baseline 0 -19"><span class='ocrx_word' id='word_1_304' title='bbox 394 4556 573 4637; x_wconf 87' lang='lat' dir='ltr'>penitencia</span> <span class='ocrx_word' id='word_1_305' title='bbox 607 4556 745 4627; x_wconf 88' lang='lat' dir='ltr'>salutari,</span> <span class='ocrx_word' id='word_1_306' title='bbox 781 4561 812 4617; x_wconf 92' lang='lat' dir='ltr'>te</span> <span class='ocrx_word' id='word_1_307' title='bbox 843 4556 1031 4617; x_wconf 89' lang='lat' dir='ltr'>auctoritate</span> <span class='ocrx_word' id='word_1_308' title='bbox 1065 4556 1206 4636; x_wconf 89' lang='lat' dir='ltr'>predicta</span> <span class='ocrx_word' id='word_1_309' title='bbox 1238 4556 1277 4616; x_wconf 89' lang='lat' dir='ltr'>ab</span> <span class='ocrx_word' id='word_1_310' title='bbox 1308 4556 1427 4628; x_wconf 90' lang='lat' dir='ltr'>eodem,</span> <span class='ocrx_word' id='word_1_311' title='bbox 1460 4560 1554 4636; x_wconf 88' lang='lat' dir='ltr'>teque</span> <span class='ocrx_word' id='word_1_312' title='bbox 1589 4558 1629 4617; x_wconf 89' lang='lat' dir='ltr'>ad</span> 
     </span>
     <span class='ocr_line' id='line_1_38' title="bbox 395 4662 1630 4743; baseline 0.002 -20"><span class='ocrx_word' id='word_1_313' title='bbox 395 4669 521 4743; x_wconf 89' lang='lat' dir='ltr'>tempus</span> <span class='ocrx_word' id='word_1_314' title='bbox 542 4662 581 4723; x_wconf 87' lang='lat' dir='ltr'>ab</span> <span class='ocrx_word' id='word_1_315' title='bbox 602 4662 746 4723; x_wconf 91' lang='lat' dir='ltr'>ordinum</span> <span class='ocrx_word' id='word_1_316' title='bbox 768 4667 894 4723; x_wconf 90' lang='lat' dir='ltr'>tuorum</span> <span class='ocrx_word' id='word_1_317' title='bbox 925 4662 971 4723; x_wconf 90' lang='lat' dir='ltr'>sic</span> <span class='ocrx_word' id='word_1_318' title='bbox 1002 4667 1220 4742; x_wconf 86' lang='lat' dir='ltr'>susceptorum</span> <span class='ocrx_word' id='word_1_319' title='bbox 1248 4662 1434 4723; x_wconf 87' lang='lat' dir='ltr'>execucione</span> <span class='ocrx_word' id='word_1_320' title='bbox 1466 4682 1630 4743; x_wconf 87' lang='lat' dir='ltr'>suspenso,</span> 
     </span>
     <span class='ocr_line' id='line_1_39' title="bbox 394 4768 1631 4849; baseline 0 -19"><span class='ocrx_word' id='word_1_321' title='bbox 394 4768 640 4849; x_wconf 85' lang='lat' dir='ltr'>suffragantibus</span> <span class='ocrx_word' id='word_1_322' title='bbox 659 4769 861 4848; x_wconf 90' lang='lat' dir='ltr'>postmodum</span> <span class='ocrx_word' id='word_1_323' title='bbox 878 4768 935 4829; x_wconf 91' lang='lat' dir='ltr'>tibi</span> <span class='ocrx_word' id='word_1_324' title='bbox 952 4769 1082 4841; x_wconf 86' lang='lat' dir='ltr'>meritis,</span> <span class='ocrx_word' id='word_1_325' title='bbox 1104 4769 1227 4849; x_wconf 85' lang='lat' dir='ltr'>alioque</span> <span class='ocrx_word' id='word_1_326' title='bbox 1241 4768 1273 4827; x_wconf 92' lang='lat' dir='ltr'>in</span> <span class='ocrx_word' id='word_1_327' title='bbox 1292 4769 1351 4830; x_wconf 87' lang='lat' dir='ltr'>hac</span> <span class='ocrx_word' id='word_1_328' title='bbox 1373 4774 1463 4848; x_wconf 91' lang='lat' dir='ltr'>parte</span> <span class='ocrx_word' id='word_1_329' title='bbox 1479 4770 1631 4831; x_wconf 89' lang='lat' dir='ltr'>canonico</span> 
     </span>
     <span class='ocr_line' id='line_1_40' title="bbox 395 4872 1631 4953; baseline 0.002 -19"><span class='ocrx_word' id='word_1_330' title='bbox 395 4894 459 4935; x_wconf 91' lang='lat' dir='ltr'>non</span> <span class='ocrx_word' id='word_1_331' title='bbox 485 4874 640 4945; x_wconf 90' lang='lat' dir='ltr'>obstante,</span> <span class='ocrx_word' id='word_1_332' title='bbox 670 4878 774 4935; x_wconf 89' lang='lat' dir='ltr'>tecum</span> <span class='ocrx_word' id='word_1_333' title='bbox 804 4893 898 4953; x_wconf 89' lang='lat' dir='ltr'>snper</span> <span class='ocrx_word' id='word_1_334' title='bbox 929 4873 1155 4953; x_wconf 84' lang='lat' dir='ltr'>irregularitate</span> <span class='ocrx_word' id='word_1_335' title='bbox 1185 4872 1366 4953; x_wconf 84' lang='lat' dir='ltr'>hujusmodi</span> <span class='ocrx_word' id='word_1_336' title='bbox 1399 4894 1436 4935; x_wconf 87' lang='lat' dir='ltr'>ea</span> <span class='ocrx_word' id='word_1_337' title='bbox 1466 4874 1631 4936; x_wconf 73' lang='lat' dir='ltr'>occasmne</span> 
     </span>
     <span class='ocr_line' id='line_1_41' title="bbox 394 4979 1629 5051; baseline 0.002 -11"><span class='ocrx_word' id='word_1_338' title='bbox 394 4984 565 5051; x_wconf 88' lang='lat' dir='ltr'>contracta,</span> <span class='ocrx_word' id='word_1_339' title='bbox 600 4984 633 5040; x_wconf 92' lang='lat' dir='ltr'>et</span> <span class='ocrx_word' id='word_1_340' title='bbox 663 4979 850 5041; x_wconf 85' lang='lat' dir='ltr'>execucione</span> <span class='ocrx_word' id='word_1_341' title='bbox 876 4979 1021 5041; x_wconf 90' lang='lat' dir='ltr'>ordinum</span> <span class='ocrx_word' id='word_1_342' title='bbox 1050 4984 1176 5040; x_wconf 90' lang='lat' dir='ltr'>tuorum</span> <span class='ocrx_word' id='word_1_343' title='bbox 1209 4979 1241 5038; x_wconf 93' lang='lat' dir='ltr'>in</span> <span class='ocrx_word' id='word_1_344' title='bbox 1280 4998 1317 5040; x_wconf 89' lang='lat' dir='ltr'>ea</span> <span class='ocrx_word' id='word_1_345' title='bbox 1347 4979 1407 5040; x_wconf 89' lang='lat' dir='ltr'>rite</span> <span class='ocrx_word' id='word_1_346' title='bbox 1441 4980 1629 5042; x_wconf 87' lang='lat' dir='ltr'>auctoritate</span> 
     </span>
    </p>
   </div>
   <div class='ocr_carea' id='block_1_4' title="bbox 869 5114 1156 5157">
    <p class='ocr_par' dir='ltr' id='par_1_5' title="bbox 869 5114 1156 5157">
     <span class='ocr_line' id='line_1_42' title="bbox 869 5114 1156 5157; baseline 0.01 -3"><span class='ocrx_word' id='word_1_347' title='bbox 869 5114 933 5155; x_wconf 87' lang='lat' dir='ltr'>1-ln</span> <span class='ocrx_word' id='word_1_348' title='bbox 950 5114 1003 5157; x_wconf 75' lang='lat' dir='ltr'>MS.</span> <span class='ocrx_word' id='word_1_349' title='bbox 1019 5114 1156 5157; x_wconf 60' lang='lat' dir='ltr'>comante.</span> 
     </span>
    </p>
   </div>
   <div class='ocr_carea' id='block_1_5' title="bbox 0 0 1932 5917">
    <p class='ocr_par' dir='ltr' id='par_1_6' title="bbox 0 0 1932 5917">
     <span class='ocr_line' id='line_1_43' title="bbox 0 0 1932 5917; baseline 0 0"><span class='ocrx_word' id='word_1_350' title='bbox 0 0 1932 5917; x_wconf 95' lang='lat' dir='ltr'> </span> 
     </span>
    </p>
   </div>
  </div>
 </body>
</html>
