3850 5917
708 700 859 781 Episcopi
885 700 1150 781 Horasordcasic.'
1477 702 1536 762 301

78 932 103 967 Α
122 930 159 966 ⁰-
185 932 252 967 ¹³²⁴·
296 942 416 985 unusrs
431 924 523 985 Jurru
538 944 625 985 arun
638 926 1120 988 Ecetranorum-Reverendo
1129 932 1161 988 et
1172 926 1307 987 discreto
1319 926 1393 997 viro,
1406 926 1534 988 domino
1576 952 1589 961 ··
1625 954 1628 959 ¹

296 1028 439 1100 Officiali,
461 1034 520 1089 etc.
562 1030 672 1100 Adam,
688 1035 748 1091 etc.
790 1031 978 1092 Mandatum
1007 1038 1146 1093 vestrum
1172 1032 1208 1109 ἰ]ο
1231 1031 1281 1091 die
1303 1031 1421 1091 mensis
1446 1030 1533 1091 Junii

296 1136 472 1215 recepimus
493 1134 526 1193 in
547 1136 606 1197 hec
628 1136 961 1198 verbex-Venerabili
988 1136 1020 1196 in
1046 1137 1172 1198 Christo
1193 1136 1285 1216 patri,
1307 1136 1434 1197 domino
1458 1135 1534 1205 Ade,

296 1244 358 1301 etc.
400 1239 550 1302 Officialis
571 1241 664 1302 Ourie
686 1241 921 1303 cantuariensis
943 1242 1087 1313 salutem,
1109 1247 1169 1303 etc.
1212 1242 1371 1320 Experto
1392 1241 1534 1320 magistri

293 1346 447 1407 Willelmi
475 1348 513 1408 de
539 1347 713 1419 Lodelowa,
743 1348 856 1419 clerici,
889 1346 980 1408 nobis
1004 1348 1111 1408 extitit
1132 1347 1322 1407 intimatum*
1343 1346 1427 1425 quod
1463 1364 1534 1406 cum

296 1452 379 1513 idem
402 1452 551 1531 magister
570 1453 749 1514 Willelmus
770 1454 810 1512 ad
830 1453 996 1513 ecclesiam
1023 1452 1234 1532 parochialem
1263 1452 1301 1511 de
1331 1451 1533 1519 Monselowe‚

296 1561 400 1619 vestre
421 1557 562 1628 diocesis,
585 1563 759 1628 vacantem,
781 1578 838 1637 per
865 1557 1002 1617 nobilem
1024 1558 1136 1629 virum,
1165 1557 1327 1617 dominum
1353 1556 1532 1616 Johannem

295 1663 334 1724 de
369 1663 564 1742 Hastyngge,
601 1662 743 1733 militem,
782 1683 890 1723 verum
929 1663 1029 1742 ipsius
1060 1662 1190 1724 ecclesie
1218 1667 1396 1741 patronum,
1432 1666 1464 1722 et
1500 1662 1533 1719 in

294 1767 494 1847 possessione
528 1767 730 1847 presentandi
758 1768 797 1827 ad
835 1768 969 1829 eandem
1009 1768 1092 1828 bona
1123 1768 1184 1829 fide
1212 1768 1408 1837 existentem,
1444 1766 1534 1827 vobls

296 1872 357 1933 loci
392 1872 559 1933 diocesano
592 1872 704 1933 fuisset
739 1877 771 1933 et
803 1873 845 1933 sit
879 1874 1029 1934 canonice
1064 1878 1272 1952 presentatus,
1304 1872 1532 1952 inquisicioque

296 1998 391 2056 super
415 1980 582 2039 vaoaoione
603 1979 686 2039 dicte
707 1978 838 2039 ecclesie
859 1984 891 2039 et
916 1979 986 2040 aliis
1014 1978 1154 2039 articulis
1176 1978 1290 2040 debitis
1310 1984 1346 2039 et
1371 1978 1532 2039 consuetis

295 2084 337 2143 ad
357 2084 541 2144 mandatum
563 2089 713 2154 vestrum,
742 2090 836 2163 prout
864 2084 961 2145 moris
986 2086 1044 2155 est,
1067 2084 1126 2145 rite
1147 2090 1179 2146 et
1200 2084 1339 2163 legitime
1363 2084 1447 2144 facta
1475 2104 1533 2163 pro

295 2189 406 2250 eodem
435 2190 626 2251 sufficienter
660 2189 787 2250 lecisset
812 2196 844 2250 et
872 2190 968 2250 faciat
992 2195 1183 2270 presentato,
1208 2190 1349 2269 nihilque
1384 2190 1443 2250 sibi
1479 2188 1531 2249 ob-

296 2296 396 2357 viaret
430 2302 486 2355 aut
520 2296 625 2357 obviet
660 2298 699 2357 de
734 2298 893 2357 canonicis
941 2298 1097 2358 institutis
1131 2298 1301 2376 quominus
1343 2297 1383 2356 ad
1417 2296 1533 2356 dictam

296 2401 461 2461 ecclesiam
476 2401 600 2461 admitti
622 2402 757 2474 deberet,
782 2409 814 2462 et
836 2402 951 2463 Rector
969 2403 1093 2463 institui
1115 2404 1147 2462 in
1167 2403 1286 2475 eadem,
1301 2422 1357 2463 vos
1376 2401 1533 2481 prefatum

296 2506 482 2585 magistrum
497 2507 547 2566 W.
568 2508 608 2567 ad
629 2507 746 2567 dictam
765 2508 929 2569 ecclesiam
948 2509 1124 2579 admittere,
1139 2514 1172 2569 et
1189 2509 1355 2569 Rectorem
1377 2508 1410 2567 in
1425 2509 1533 2569 eadem

294 2612 446 2673 canonice
467 2612 641 2681 instituere,
664 2634 700 2673 ao
722 2619 826 2675 cetera
850 2634 911 2693 que
933 2620 1039 2675 vestro
1061 2614 1094 2673 in
1115 2615 1175 2674 hac
1195 2620 1285 2693 parte
1310 2614 1534 2674 incumbebant

296 2716 399 2777 officio
423 2736 570 2796 peragere
592 2739 656 2779 non
678 2720 821 2789 curastis,
843 2720 919 2799 quin
941 2720 1048 2799 potius
1069 2720 1247 2789 recusastis,
1268 2738 1323 2780 seu
1344 2719 1415 2798 plus
1430 2718 1534 2779 debito

297 2822 465 2883 distulistis
486 2824 591 2885 minus
613 2824 707 2903 juste,
732 2825 850 2904 pluries
879 2832 912 2886 et
936 2846 1008 2885 cum
1037 2826 1194 2887 instancia
1221 2826 1333 2886 debita·
1354 2844 1449 2904 super
1473 2824 1533 2886 hoo

293 2928 448 3006 requisiti,
471 2928 504 2987 in
535 2929 636 3008 ipsius
669 2931 810 3009 magistri
840 2930 990 2991 Willelmi
1015 2931 1235 3011 prejudicium,
1271 2932 1444 3010 dampnum
1469 2951 1532 2991 non

297 3033 465 3103 modicum,
487 3038 519 3094 et
540 3052 717 3113 gravamen.
775 3036 883 3097 Unde.
897 3056 935 3096 ex
962 3043 1053 3117 parte
1075 3038 1226 3115 ejusdem,
1249 3038 1418 3098 sencientis
1440 3056 1474 3097 se
1495 3057 1533 3097 ex

297 3138 358 3199 hoc
377 3138 515 3199 indebite
536 3141 721 3219 pregravari‚
736 3142 776 3201 ad
798 3127 926 3202 (iuriam
948 3140 1209 3203 cantuariensem
1231 3138 1344 3213 extitit,
1366 3148 1401 3202 ut
1422 3143 1532 3203 assari-

297 3248 358 3315 tur,
379 3244 518 3324 legitime
543 3245 744 3325 appellatum.
788 3246 891 3321 Quare
908 3248 997 3309 vobis
1015 3246 1090 3308 cum
1104 3268 1143 3309 ea·
1162 3269 1224 3327 qua
1245 3249 1334 3309 decet
1353 3250 1532 3310 reverencia

297 3348 485 3421 inhibemus,
522 3356 554 3411 et
590 3369 647 3430 per
684 3372 740 3413 vos
773 3353 920 3413 omnibus
964 3359 996 3415 et
1038 3355 1169 3433 singulis
1206 3355 1319 3435 quibus
1352 3360 1402 3433 jus
1438 3352 1534 3435 exigit

297 3453 430 3515 inhiberi
451 3455 597 3517 volumus
621 3462 653 3517 et
678 3458 875 3529 mandamus,
897 3479 946 3529 ne,
968 3462 1126 3538 pendente
1147 3461 1179 3519 in
1201 3461 1295 3522 Curia
1314 3458 1533 3522 Cantuar'iensi

296 3559 478 3641 hujusmodi
506 3562 729 3641 appellacionis
753 3584 857 3635 causa,
892 3565 1061 3646 quicquam
1097 3567 1156 3627 hac
1187 3568 1351 3629 occasione
1379 3568 1411 3627 in
1450 3570 1532 3629 dicte

294 3666 395 3746 partis
422 3668 611 3747 appellantis
638 3670 855 3748 prejudicium,
877 3673 1076 3751 attemptatis
1100 3673 1150 3733 vel
1181 3679 1381 3753 attemptent,
1410 3674 1533 3735 faciatis

295 3776 351 3831 aut
371 3770 489 3832 iaciant
516 3772 693 3852 aliqualiter
720 3776 912 3855 attemptari,
934 3778 1104 3856 quominus
1125 3779 1227 3839 eidem
1248 3781 1331 3858 parti
1359 3779 1530 3859 appellanti

294 3875 393 3937 libera
412 3882 520 3956 pateat
548 3898 639 3939 suam
670 3879 916 3959 appellacionem
944 3882 1126 3961 hujusmodi
1154 3885 1364 3964 prosequendi
1388 3884 1530 3955 facultas.

292 3980 415 4042 Terrore
436 3981 536 4041 eciam
557 3984 756 4061 presencium
779 3982 990 4064 peremptorie
1018 4006 1074 4048 vos
1102 3987 1237 4047 citamus
1265 3987 1349 4068 quod
1370 4006 1528 4066 compare·

294 4084 357 4146 atis
377 4106 483 4147 coram
504 4085 595 4148 nobis
613 4088 663 4148 vel
684 4091 793 4148 nostro
807 4088 1032 4150 Commissario
1050 4090 1082 4149 in
1104 4090 1236 4152 ecclesia
1256 4091 1347 4153 beate
1368 4092 1469 4153 Maria
1492 4092 1530 4153 de

295 4191 606 4265 Aldermarichirche,
643 4194 833 4256 Londoniis„
854 4195 899 4273 vj⁰
930 4196 981 4256 die
1014 4196 1148 4273 juridico
1178 4202 1250 4277 post
1278 4197 1394 4259 testum
1422 4204 1532 4259 sancte

293 4276 457 4357 Trinitatis
495 4296 528 4355 in
556 4298 642 4358 dicta
669 4298 907 4378 appellacionis,
927 4319 1024 4362 causa
1058 4321 1272 4381 processurus,
1305 4302 1455 4375 facturus,
1500 4309 1533 4364 et

293 4407 477 4488 recepturus
508 4403 592 4484 quod
618 4403 747 4482 justicia
774 4405 927 4467 suadebit.
981 4407 1030 4468 De
1058 4406 1109 4468 die
1129 4428 1203 4468 vero
1237 4408 1438 4487 recepcionis,
1471 4414 1530 4469 etc.

296 4507 415 4567 Datum
436 4507 619 4582 Londoniis,
646 4509 704 4587 vij⁰
731 4509 801 4570 Kal.
823 4510 920 4582 Junii,
942 4532 1027 4572 anno
1053 4512 1182 4573 Domini
1204 4512 1450 4593 maccusius
