3850 5917
400 674 458 732 146
774 673 954 752 Ropistrum
983 672 1047 734 Ade
1073 671 1111 734 de
1141 671 1265 733 Orlotcc

226 904 283 945 M>-
299 901 357 944 1311-
399 897 566 976 disponere
587 897 683 959 libero
704 898 906 977 permittatis.
959 899 1079 959 Datum
1105 897 1288 968 Londoniie,
1317 896 1385 975 611]ο
1408 895 1459 956 116
1484 895 1641 967 Octobris,
1672 975 1690 988 ..

399 1022 484 1063 6666
504 1002 634 1063 Domini
660 1003 863 1074 Modoura
885 1009 945 1064 etc.
1674 997 1678 1010 ’

401 1295 465 1355 Oct.
487 1294 644 1354 16.-The
665 1294 792 1374 Bishop,
817 1294 950 1372 wishing
976 1301 1005 1355 to
1027 1295 1135 1355 obtain
1155 1295 1204 1355 the
1225 1293 1328 1371 Rcycl
1348 1293 1639 1371 ockoowledqemcnt

520 1376 556 1454 of
577 1375 626 1454 tlre
648 1379 739 1437 ,8300
762 1377 823 1436 lent
846 1384 875 1436 to
899 1376 948 1436 tlre
970 1376 1054 1453 Kinq
1072 1377 1158 1455 from
1181 1375 1230 1435 the
1255 1375 1340 1436 tenth
1364 1374 1504 1434 collected
1529 1375 1565 1434 in
1588 1374 1638 1435 the

520 1456 655 1527 Dioccse,
691 1457 763 1516 aclas
798 1457 848 1517 tha
881 1457 972 1516 Decri
998 1456 1063 1517 arrd
1092 1456 1226 1536 Chapter
1255 1463 1284 1516 tc
1318 1455 1392 1516 send
1428 1461 1457 1517 to
1493 1455 1566 1526 him,
1603 1455 1641 1514 io

520 1537 660 1608 London,
683 1537 732 1598 the
752 1538 874 1617 reccipt¹
897 1537 1000 1597 which
1022 1537 1090 1615 they
1113 1537 1184 1598 hold
1198 1537 1254 1615 for
1275 1536 1324 1596 tha
1344 1555 1449 1614 money
1468 1535 1548 1616 pald
1569 1555 1640 1596 over

522 1625 551 1678 to
579 1619 802 1678 Bartholomew
829 1617 866 1679 de
894 1619 1097 1678 Badlesmere.

482 1800 629 1856 hirrsiis
662 1813 805 1856 creuere
840 1796 1007 1857 Osrrrouo
1043 1796 1314 1857 Hennrosnsusr·
1337 1815 1398 1857 rso
1433 1796 1567 1857 Ansere
1599 1813 1643 1856 66

399 1903 582 1964 06666666
611 1921 655 1962 66
691 1903 904 1963 Wioosuous
940 1919 1207 1963 coonroromeus
1242 1901 1533 1975 neemia-Adam,
1569 1907 1640 1974 616,

397 2007 628 2069 venerabilibus
653 2007 738 2079 viris,
764 2007 837 2068 filiis
862 2008 895 2066 in
920 2007 1048 2069 Christo
1073 2008 1205 2080 dilectis,
1231 2007 1378 2087 Capitulo
1402 2013 1510 2069 nostre
1539 2008 1640 2070 Here·

397 2113 958 2185 16616661666616616,6616166616.
1001 2115 1082 2176 0616
1103 2115 1286 2176 collectores
1307 2115 1427 2176 decime
1449 2115 1638 2188 sexannslis,

397 2220 473 2281 olim
493 2240 551 2301 per
571 2220 671 2280 felicis
695 2219 924 2281 recordacionis
949 2219 1146 2281 Clementem
1170 2221 1291 2300 Papam
1314 2221 1343 2282 V
1365 2219 1522 2301 imposito,
1547 2221 1638 2299 juxte

397 2327 517 2387 domini
538 2346 623 2386 nunc
644 2326 808 2388 Pontificis
831 2326 954 2386 Summi
976 2326 1161 2386 mandatum
1187 2333 1330 2387 artentur
1354 2327 1492 2407 recipere
1515 2327 1639 2389 litteras

398 2431 598 2512 obligatorias
625 2431 746 2492 domini
770 2432 865 2512 Regis
887 2432 926 2492 de
950 2431 1085 2511 pecunia
1109 2431 1254 2492 decimali
1281 2431 1374 2512 primi
1396 2433 1471 2492 anni
1494 2432 1639 2511 ejusdem

397 2538 518 2599 decime
546 2538 647 2598 eidem
676 2558 714 2598 ex
742 2558 838 2599 cause
865 2543 897 2598 et
925 2537 1054 2598 nomine
1083 2537 1186 2596 mutui
1213 2537 1353 2609 liberata,
1379 2557 1415 2597 66
1440 2538 1546 2598 dilecti
1571 2537 1639 2610 filii,

398 2643 503 2705 Abbae
524 2650 557 2705 et
578 2645 761 2705 Conventus
789 2645 828 2704 de
855 2644 1064 2723 Wiggemore,
1086 2643 1270 2705 collectores
1294 2643 1435 2722 ejusdem
1464 2644 1585 2704 decime
1603 2643 1639 2704 16

397 2751 662 2812 Archidiaoonatu
689 2749 847 2831 Salopsire
871 2750 1024 2830 deputati,
1050 2749 1216 2830 pecuniam
1240 2769 1296 2829 per
1320 2749 1406 2829 ipsos
1431 2750 1504 2810 inde
1528 2749 1639 2811 collec-

397 2861 463 2916 tam
488 2856 551 2916 hiis
575 2856 792 2935 persolverint,
822 2855 936 2936 quibus
960 2856 1063 2936 ipsam
1088 2855 1236 2916 dominus
1261 2855 1328 2916 Rex
1350 2875 1520 2935 persuum
1546 2856 1640 2918 breve

397 2963 578 3042 assignavit,
615 2982 673 3023 nec
704 2963 808 3023 adhuc
842 2963 1026 3040 hujusmodi
1060 2961 1183 3022 litteras
1218 2961 1418 3040 obligatorias
1453 2961 1638 3042 receperint,

396 3074 491 3149 prout
512 3089 569 3149 per
582 3068 732 3129 dilectum
746 3068 856 3140 filium,
871 3069 1048 3129 Walterum
1063 3069 1102 3128 de
1116 3068 1303 3138 Psncombe‚
1319 3067 1486 3129 Rectorem
1506 3069 1639 3130 ecclesie

397 3175 436 3234 de
470 3173 590 3245 Biford,
630 3178 865 3252 procuratorem
899 3193 1018 3244 sorum,
1053 3174 1164 3234 datum
1198 3177 1248 3234 est
1282 3172 1373 3234 nobis
1414 3173 1555 3252 intelligi,
1598 3175 1640 3235 ad

396 3300 530 3360 quarum
552 3278 810 3358 impetracionem
838 3279 1015 3340 necessarie
1042 3277 1146 3340 forent
1168 3279 1273 3339 littere
1295 3279 1380 3358 regie
1407 3299 1486 3358 quas
1514 3279 1639 3342 hebetis

397 3387 435 3447 de
459 3385 583 3448 00011.
605 3405 663 3464 per
683 3384 847 3445 dominum
866 3384 1128 3444 Bartholomeum
1157 3385 1197 3444 de
1221 3383 1424 3445 Badlesmere
1451 3385 1490 3446 de
1515 3385 1638 3448 decime

397 3493 538 3573 predicta
558 3491 703 3572 receptis,
728 3496 761 3552 et
785 3490 1000 3570 acquietancie
1028 3491 1147 3552 domini
1172 3491 1210 3550 R.
1233 3490 1441 3550 Mortuomari
1466 3491 1504 3552 de
1529 3491 1638 3572 hujus·

396 3599 482 3659 modi
502 3599 637 3679 pecunie
655 3597 810 3667 decimali,
831 3617 888 3658 vos
908 3616 1057 3676 rogamus
1077 3603 1113 3657 ut
1135 3597 1220 3677 ipsas
1241 3595 1372 3669 litteras,
1394 3598 1637 3677 acquietanoiss‚

395 3710 428 3766 ct
457 3704 577 3765 dictum
607 3703 701 3764 breve
731 3703 861 3783 regium,
893 3708 927 3764 et
957 3703 1036 3764 alies
1067 3702 1245 3764 evidencias
1276 3702 1359 3762 dicte
1390 3703 1522 3782 pecunie
1554 3703 1637 3765 solu·

395 3811 517 3870 cionem
554 3809 763 3870 testificantes
791 3809 927 3870 mittatis
958 3808 1102 3870 celeriter
1136 3807 1227 3868 nobis
1255 3807 1437 3869 Londonias
1466 3809 1498 3868 in
1533 3809 1639 3889 pixide

395 3915 454 3977 sub
476 3915 577 3996 sigillo
597 3935 654 3995 per
674 3915 807 3976 latorem
828 3915 1037 3995 presencium,
1059 3915 1097 3976 (16
1118 3934 1181 3994 quo
1202 3913 1280 3975 setis
1302 3913 1459 3975 confidere
1482 3915 1637 3995 poteritis,

395 4023 445 4083 vel
466 4043 522 4102 per
542 4022 680 4102 aliquem
705 4022 744 4083 de
768 4022 892 4092 vestris,
917 4021 951 4079 in
975 4021 1095 4082 domini
1116 4020 1211 4100 Regis
1237 4020 1394 4082 scaccario
1416 4023 1637 4095 ostendendas,

394 4134 427 4189 et
448 4128 537 4189 vobis
558 4128 740 4208 peripsum
768 4147 825 4208 per
845 4127 966 4187 curiam
989 4146 1098 4187 secure
1122 4131 1155 4187 et
1178 4125 1313 4187 fideliter
1334 4126 1384 4188 vel
1413 4147 1470 4207 per
1499 4128 1637 4208 aliquem

395 4234 434 4295 ds
462 4233 579 4294 nostris
603 4233 816 4294 retradendas.
866 4233 933 4294 Vos
955 4232 1055 4293 eciam
1078 4231 1237 4292 tenemeni
1261 4251 1319 4311 pro
1340 4231 1430 4293 vobis
1454 4233 1638 4312 hujusmodi

395 4339 518 4400 litteras
539 4341 641 4420 regias
661 4340 831 4419 impetrare
847 4339 888 4398 ad
910 4337 1124 4419 Apostolicam
1145 4339 1259 4400 Sedem
1279 4339 1453 4400 mittendas
1470 4339 1531 4400 nisi
1548 4338 1638 4419 prius

396 4465 450 4507 666
480 4445 570 4506 vobis
600 4444 668 4506 fieri
698 4445 901 4525 procurastis.
958 4445 1090 4524 Semper
1119 4443 1153 4503 in
1184 4443 1312 4504 Christo
1332 4442 1465 4505 feliciter
1494 4445 1637 4507 valeatis.

396 4551 516 4612 Datum
545 4549 729 4621 Londoniis,
750 4549 816 4630 xvj⁰
835 4549 886 4610 dis
908 4549 1064 4620 Octobris,
1086 4567 1170 4610 anno
1191 4547 1342 4628 predicto.

457 5007 551 5050 l-Tbts
564 5007 660 5055 rectior.
677 5007 826 5055 ammeio.
843 5007 866 5048 16
882 5008 924 5049 ibe
940 5018 986 5048 one
1003 5007 1027 5047 16
1044 5007 1087 5048 tte
1104 5007 1192 5048 Patent
1211 5005 1283 5052 Rolls.
1302 5005 1377 5048 under
1393 5005 1450 5048 date
1468 5007 1523 5049 Feb
1540 5009 1561 5052 ³.
1582 5011 1640 5054 lm.

376 5058 851 5152 'wafffiessoeagtffgawe
864 5057 919 5099 loan
932 5058 956 5097 16
970 5056 1016 5099 five
1028 5067 1107 5104 years.
1140 5058 1177 5098 06
1191 5058 1247 5103 May
1260 5057 1279 5103 4,
1293 5055 1319 5098 61
1331 5057 1373 5097 tbe
1381 5067 1449 5098 same
1458 5068 1523 5104 year.
1534 5059 1640 5102 Edward
