3850 5917
687 689 839 770 Episcopi
866 691 1110 769 Hcrefordcnsic.
1477 696 1518 757 93

129 912 174 950 Ᾱ-ὓ-
188 913 238 956 ¹³¹⁹·
276 928 376 988 nuper
397 929 436 970 ex
457 909 550 971 officii
578 913 679 972 nostri
711 912 817 974 debito
846 916 1074 976 monasterium
1103 916 1142 977 (16
1173 918 1381 997 Wyggemors
1411 925 1520 980 nostre

275 1013 410 1076 diocesis
425 1015 658 1078 visitaverimus
675 1017 708 1076 iu
723 1018 826 1098 capite
840 1024 872 1079 et
887 1020 919 1078 in
935 1020 1094 1092 membris,
1110 1021 1385 1103 invenerimusque
1400 1024 1517 1084 ibidem

276 1119 406 1181 fratrem
435 1120 589 1181 Thomam
618 1122 763 1194 Piobard,
802 1125 990 1185 canonicum
1015 1126 1199 1204 regularem,
1234 1127 1453 1206 presbyterum
1485 1135 1518 1190 et

277 1227 455 1304 professum
483 1227 559 1287 dicti
587 1229 780 1300 monasterii,
802 1231 1001 1308 presencium
1024 1231 1165 1303 latorem,
1192 1233 1292 1292 multa
1317 1239 1427 1294 contra
1447 1254 1519 1313 pro-

277 1332 424 1393 fessionis
463 1353 519 1393 sue
557 1333 697 1394 debitum
740 1339 772 1394 et
810 1335 970 1414 religionis
1008 1336 1218 1408 honestatem,
1255 1338 1338 1417 quod
1376 1338 1520 1400 dolenter

276 1437 450 1509 referimus,
477 1439 682 1509 commisisse,
710 1461 776 1510 nos,
804 1442 909 1502 anime
934 1462 991 1502 sue
1022 1442 1117 1502 saluti
1142 1442 1321 1522 prospicere
1342 1444 1516 1522 cupientes,

275 1545 395 1605 dictum
425 1546 554 1606 fratrem
579 1545 733 1606 Thomam
756 1547 796 1606 ad
821 1548 1049 1609 monasterium
1077 1553 1217 1609 vestrum
1239 1547 1304 1608 iore
1327 1548 1518 1608 mittendum

275 1653 481 1722 decrevimus,
505 1653 544 1712 ad
563 1653 776 1731 penitenciam
798 1653 970 1715 salutarem
993 1654 1070 1714 inibi
1092 1655 1311 1733 peragendam,
1338 1655 1515 1715 amiciciam

273 1763 413 1818 vestram
441 1756 613 1817 affectuose
644 1762 791 1836 rogantes
819 1757 969 1837 quatinus
1002 1758 1106 1836 ipsum
1135 1757 1262 1818 fratrem
1297 1758 1452 1818 Thomam
1477 1759 1517 1818 ad

276 1863 334 1923 hoc
363 1863 469 1923 velitis
489 1863 665 1933 admittere,
691 1863 791 1924 donec
822 1865 961 1924 eundum
993 1865 1175 1924 duxerimus
1210 1865 1430 1924 revocandum.
1474 1865 1519 1925 Et

275 1970 310 2038 si,
333 1969 417 2048 quod
453 1967 545 2039 absit,
574 1989 630 2029 vos
658 1968 800 2030 difficiles
828 1968 1032 2030 exhibueritis
1066 1970 1099 2028 in
1128 1970 1187 2029 hac
1222 1975 1321 2048 parte,
1353 1970 1518 2029 dominum

275 2075 527 2136 Bathoniensem
564 2081 596 2135 et
638 2074 830 2136 Wellensem
866 2076 1061 2155 Episcopum
1092 2077 1124 2135 in
1159 2076 1239 2156 juris
1266 2076 1443 2136 subsidium
1467 2096 1515 2137 re·

274 2182 437 2260 quiremus
461 2185 494 2240 et
516 2179 694 2259 rogabimus
717 2186 827 2240 mutue
849 2180 1076 2241 vicissitudinis
1100 2185 1235 2260 optentu
1254 2187 1290 2240 ut
1311 2181 1351 2240 ad
1373 2181 1406 2239 id
1426 2181 1516 2258 juxta

273 2287 352 2366 juris
384 2287 577 2364 exigenciam
609 2307 665 2346 vos
694 2287 870 2365 compellat.
927 2287 972 2346 Et
1006 2307 1047 2347 ne
1078 2288 1191 2348 domus
1219 2293 1324 2348 vestra
1352 2287 1517 2347 occasione

275 2413 360 2454 more
386 2413 443 2454 sue
475 2392 548 2471 plus
579 2391 685 2452 debito
719 2397 931 2471 pregravatur,
960 2393 1098 2472 aliquem
1135 2392 1175 2453 (16
1213 2392 1361 2452 iratribus
1402 2393 1517 2454 vestris

275 2499 343 2560 loco
372 2499 422 2560 sui
451 2518 545 2578 quem
573 2498 724 2558 duxeritis
752 2498 931 2578 eligendum
958 2499 998 2558 ad
1031 2499 1189 2578 prelatum
1220 2479 1446 2559 monasterium
1476 2498 1515 2559 (16

276 2605 486 2684 Wyggemors
519 2604 646 2664 interim
679 2608 874 2664 moraturum
911 2603 1038 2664 mittore
1065 2603 1219 2683 poteritis,
1253 2604 1279 2665 si
1309 2604 1422 2674 velitis,
1463 2604 1514 2664 oui

276 2711 391 2772 ibidem
411 2711 442 2769 in
464 2710 648 2770 necessariis
669 2709 884 2789 providebitur
905 2709 988 2769 sicut
1007 2710 1106 2770 decet.
1150 2710 1197 2769 Ad
1222 2715 1331 2770 sancte
1356 2709 1516 2789 religionis

275 2818 425 2897 regimen,
454 2823 514 2876 etc.
558 2816 677 2875 Datum
706 2815 789 2893 apud
815 2815 1028 2899 Wyggemors¹
1055 2814 1102 2895 11]ο
1126 2815 1176 2875 (116
1205 2814 1322 2875 mensis
1360 2814 1513 2884 Januarii,

275 2943 369 2994 anno,
395 2928 455 2982 etc.

357 3052 441 3112 Item
467 3051 525 3112 sub
560 3051 622 3112 ista
642 3050 743 3111 forma
764 3050 891 3129 scripsit
919 3050 1048 3111 domino
1076 3050 1190 3111 Abbati
1219 3051 1320 3111 sancti
1346 3051 1515 3130 Augustini

275 3161 314 3221 (16
342 3158 516 3238 Brystollio
544 3177 601 3238 pro
630 3157 726 3217 fratre
754 3157 783 3216 J.
812 3158 884 3240 Ace.

276 3455 349 3515 Joa.
372 3453 490 3532 5.-Os
515 3452 596 3512 three
626 3451 747 3511 Corcoras
768 3451 804 3529 of
828 3451 877 3511 tlte
906 3451 997 3510 lwrarc
1021 3450 1198 3511 cominctcd
1222 3450 1260 3528 by
1299 3450 1348 3511 the
1378 3452 1513 3512 Conveni

399 3534 448 3594 tlte
462 3533 581 3612 Bicbop
601 3533 704 3592 selecta
727 3531 810 3592 John
830 3531 867 3591 dc
889 3531 1047 3609 Kyrrosord
1069 3539 1098 3591 to
1120 3532 1154 3591 be
1174 3531 1268 3592 Prior
1281 3532 1316 3610 of
1337 3532 1513 3610 Wormstep.

356 3717 502 3778 Gaascro
522 3716 656 3775 Psrosrs
678 3733 721 3774 nu
744 3715 1158 3776 Wosususuu-Vacants
1181 3735 1281 3794 nuper
1305 3717 1450 3776 Prioratu
1478 3719 1519 3779 (16

275 3821 484 3900 Wormsleye,
520 3841 577 3900 per
614 3819 826 3900 provisionem
862 3819 980 3880 iactam
1023 3841 1080 3901 per
1117 3821 1280 3882 dominum
1321 3823 1516 3902 Episcopum

274 3927 542 3989 Hereiordensem
581 3925 779 3999 monasterio
809 3927 911 3986 sancti
938 3927 1049 3987 Jacobi
1077 3928 1116 3988 (16
1144 3926 1363 4006 Wyggemors,
1390 3931 1517 3989 vacanti

274 4053 330 4111 per
365 4032 542 4092 cessionem
566 4050 622 4091 seu
651 4030 897 4110 resignacionem
935 4030 1041 4091 fratris
1070 4030 1209 4110 Philippi
1248 4051 1349 4110 nuper
1385 4032 1517 4096 Abbatis

274 4140 426 4217 ejusdem,
468 4137 620 4216 Supprior
655 4144 687 4197 et
721 4136 904 4197 Conventus
933 4137 1010 4197 dicti
1048 4137 1206 4215 prioratus
1245 4138 1347 4198 eidem
1387 4138 1516 4200 domino

275 4245 435 4324 Episcopo
472 4244 600 4323 plenam
632 4250 664 4304 et
692 4243 821 4303 liberam
850 4242 1052 4303 contulerunt
1083 4242 1275 4303 unanimiter
1311 4249 1513 4322 potestat0m,

274 4351 416 4429 predicto
439 4349 591 4428 prioratui
614 4349 652 4410 (16
677 4369 740 4409 uno
762 4349 801 4409 de
827 4348 936 4418 tribus,
958 4348 1104 4409 videlicet
1128 4348 1167 4408 de
1191 4349 1287 4409 fratre
1309 4350 1455 4411 Johanns
1476 4351 1517 4412 (16

276 4455 448 4534 Kyneford,
481 4455 520 4515 (16
547 4455 643 4515 fratre
672 4453 830 4514 Willelmo
868 4455 907 4514 (16
932 4453 1120 4524 Berdetone,
1156 4460 1189 4514 et
1215 4454 1310 4514 fratre
1340 4454 1516 4517 Alexandro

275 4561 313 4622 de
335 4561 551 4640 Kyngestone,
574 4560 743 4630 canonicis,
765 4559 968 4639 presbyteris,
992 4565 1024 4620 et
1045 4559 1195 4638 professis
1232 4561 1345 4620 domus
1366 4561 1516 4639 predicte,

274 4667 303 4728 ei
328 4674 405 4728 tuuc
429 4686 486 4746 per
509 4666 636 4727 eosdem
663 4666 866 4745 Suppriorem
890 4671 922 4726 et
948 4665 1148 4726 Conveniam
1180 4666 1360 4736 nominatis,
1386 4687 1423 4726 ea
1447 4669 1517 4729 vico

275 4791 411 4852 congrus
439 4771 633 4852 providendi.
682 4772 726 4832 Et
746 4771 893 4832 dominus
917 4771 1094 4850 Episcopus
1109 4772 1308 4851 supradictus
1333 4772 1515 4851 hujusmodi

275 4882 467 4956 potestatem
495 4877 524 4937 ei
552 4897 735 4938 concessam
774 4881 951 4954 acceptans,
984 4875 1070 4937 dicto
1097 4876 1250 4955 prioratui
1287 4877 1326 4937 de
1360 4876 1456 4938 fratre
1484 4879 1516 4938 J.

276 4982 314 5042 (16
338 4980 521 5061 Kyneiordc
553 4981 703 5060 predicto,
740 4983 773 5040 in
807 4981 1023 5060 spiritualibus
1052 4987 1084 5042 61
1119 4981 1346 5060 temporalibus
1382 4983 1515 5042 circum·

276 5093 384 5167 specto
401 5087 546 5167 providit,
562 5092 594 5148 et
608 5107 680 5148 eum
694 5088 796 5167 elegit,
812 5093 844 5148 et
864 5086 996 5166 prefecit
1011 5086 1150 5166 legitime
1165 5087 1198 5145 in
1213 5087 1368 5158 Priorem,
1384 5088 1513 5148 stallum
