3850 5917
691 710 842 791 Episcopi
868 710 1112 791 Herefordensis.
1500 714 1522 775 5

99 942 158 983 Α-ῠ-
174 942 233 982 ¹³¹⁷·
278 933 356 1014 duty
376 934 654 997 11.-Iaste'tution
687 943 716 996 to
739 934 787 997 the
814 935 937 997 Charete
968 937 1003 1016 os
1030 936 1234 1015 ltmsqkadd
1266 938 1302 1009 of
1332 937 1448 999 Walter
1479 939 1517 1000 de

400 1015 545 1095 Brudley‚
563 1016 723 1095 presented
744 1016 782 1094 by
804 1017 859 1077 Sir
879 1017 980 1095 Roper
999 1017 1036 1077 de
1056 1018 1202 1096 Bradley.
1244 1018 1394 1080 Mandata
1414 1026 1444 1080 to
1465 1019 1514 1080 ia·

400 1096 482 1168 deret,
493 1097 557 1157 aad
570 1097 782 1177 dispensatiore
795 1104 825 1158 to
840 1098 874 1158 be
887 1098 993 1158 abscon
1007 1106 1041 1158 at
1056 1098 1105 1159 leis
1120 1098 1237 1160 studies
1246 1099 1301 1178 sor
1314 1120 1402 1161 renea
1414 1120 1514 1178 years.

361 1254 525 1315 assensn
566 1271 610 1313 na
645 1253 1231 1331 enneaconta-nemorensem
1267 1255 1351 1335 quod
1385 1276 1406 1318 v
1441 1256 1520 1318 Idus

277 1358 364 1431 Julii,
397 1379 481 1421 anno
512 1358 641 1420 Domini
676 1358 843 1420 millesimo
875 1358 1051 1439 ooouvijs
1084 1360 1212 1421 admisit
1243 1360 1389 1423 dominus
1425 1361 1518 1441 Epis·

276 1484 377 1545 copus
398 1464 648 1535 Hereiordensis,
672 1464 756 1544 apud
778 1464 967 1535 londonias,
979 1464 1156 1527 Waltemm
1177 1466 1216 1527 de
1237 1466 1419 1546 Bradeleye‚
1443 1467 1517 1528 sub-

277 1572 455 1643 diaconum,
487 1571 526 1631 ad
555 1571 720 1633 ecclesiam
751 1572 790 1633 de
833 1572 1066 1652 Thongelonde,
1099 1572 1342 1635 Hereiordensis
1369 1573 1514 1647 diocesis,

277 1682 453 1749 venantem,
475 1677 514 1737 ad
534 1678 807 1757 presentacionem
827 1678 948 1738 domini
979 1678 1093 1758 Rogeri
1114 1679 1154 1739 de
1178 1678 1360 1758 Bradeleye‚
1394 1678 1515 1751 militie,

277 1784 344 1845 veri
372 1782 497 1861 patroni
526 1781 677 1861 ejusdem,
707 1788 740 1843 et
774 1783 879 1862 ipsum
914 1783 1091 1844 Walterum
1122 1784 1272 1845 canonice
1306 1783 1446 1845 instituit
1480 1784 1515 1843 in

278 1889 398 1961 eadem,
430 1888 533 1950 dando
564 1888 666 1950 eidem
701 1908 795 1969 super
828 1889 1033 1951 institucione
1067 1889 1249 1970 hujusmodi
1282 1890 1405 1952 litteras
1438 1909 1515 1953 suae

278 2000 436 2077 patentes.
490 1995 534 2055 Et
568 2000 645 2056 tunc
678 2015 735 2075 per
776 1995 853 2057 alias
888 2015 962 2057 suas
996 1996 1119 2058 litteras
1149 2001 1297 2076 patentes
1325 2001 1359 2059 et
1390 1997 1515 2059 clausas

279 2101 443 2163 mandavit
470 2100 598 2162 Decano
628 2101 667 2161 ds
696 2099 842 2161 Wentlac
870 2106 907 2161 ut
939 2100 1045 2180 ipsum
1073 2100 1235 2162 induceret
1255 2100 1289 2161 in
1320 2101 1514 2181 corporalem

283 2208 516 2289 possessionem
547 2207 688 2287 ejusdem
720 2206 852 2268 ecclesie
872 2226 945 2268 cum
974 2206 1120 2269 omnibus
1150 2208 1217 2269 suis
1243 2207 1365 2287 juribus
1395 2213 1429 2269 et
1449 2227 1518 2287 per-

285 2312 442 2375 tinenciis.
484 2312 558 2391 Ipse
580 2316 686 2372 autem
705 2310 851 2372 dominus
873 2311 1050 2391 Episcopus
1069 2311 1263 2390 dispensavit
1283 2331 1357 2372 cum
1376 2331 1415 2373 eo
1434 2311 1519 2392 quod

284 2424 393 2500 posset
420 2438 530 2480 vacare
551 2417 724 2479 scolasticis
748 2416 922 2497 disciplinis
941 2437 999 2497 per
1029 2417 1230 2497 septennium
1251 2437 1270 2477 a
1293 2421 1436 2497 tempore
1456 2416 1517 2479 sibi

285 2524 447 2586 commissi
466 2521 627 2603 regiminis
654 2523 743 2602 juxta
774 2522 1037 2584 constitucionem
1058 2522 1214 2583 Boniiscii
1248 2522 1366 2584 editam
1397 2522 1431 2582 in
1461 2523 1523 2583 hac

284 2635 383 2711 parte,
423 2628 549 2709 proviso
579 2633 687 2689 tamen
721 2628 806 2709 quod
845 2628 914 2708 ipsa
950 2627 1082 2689 ecelesia
1113 2628 1227 2690 debitis
1264 2647 1330 2689 non
1357 2626 1522 2689 fraudetur

284 2736 396 2797 officiis
435 2739 467 2796 et
501 2735 677 2796 animarum
712 2754 787 2795 cura
816 2734 998 2795 nullatenus
1036 2734 1211 2813 negligatur
1253 2733 1287 2793 in
1328 2734 1405 2814 ipsa,
1441 2733 1523 2796 dans

286 2843 388 2905 eidem
412 2861 507 2922 super
526 2840 764 2921 dispensacione
785 2840 967 2921 hujusmodi
987 2840 1108 2901 litteras
1129 2860 1203 2901 suas
1223 2845 1379 2921 patentes.

285 3122 363 3202 Jeep
391 3120 687 3183 12.-Oommission
714 3127 744 3180 to
774 3119 876 3180 Adam
908 3120 1058 3181 carbonel
1086 3120 1151 3181 aad
1179 3120 1265 3181 John
1293 3120 1331 3182 de
1362 3120 1394 3181 le
1427 3120 1523 3182 Felde

409 3210 438 3263 to
458 3222 597 3264 sammon
617 3201 714 3281 before
735 3201 784 3262 tlse
797 3200 916 3280 Biehop
937 3221 1000 3280 any
1018 3200 1084 3263 wlco
1098 3221 1170 3280 croy
1189 3201 1285 3281 object
1306 3208 1335 3262 to
1350 3201 1464 3264 Robert
1483 3202 1523 3263 de

407 3284 496 3362 Lucy
526 3283 589 3344 aad
620 3282 720 3361 Roqer
749 3282 786 3343 de
818 3281 850 3342 lo
869 3281 972 3353 Felde,
1003 3281 1110 3353 clerks,
1141 3302 1208 3343 aow
1239 3282 1275 3343 ia
1295 3282 1345 3343 tte
1375 3281 1520 3362 Bislsop’s

407 3364 529 3436 Prisoa,
547 3364 683 3444 μυρίης
704 3362 877 3424 themselves
896 3363 932 3442 of
949 3362 999 3424 the
1019 3363 1130 3442 offense
1150 3362 1266 3442 olleqed
1286 3363 1410 3442 ancient
1429 3362 1520 3424 them.

366 3538 548 3601 Goumssm
575 3552 638 3597 rao
669 3551 938 3596 raocneuacroun
967 3553 1030 3596 rso
1058 3553 1277 3596 ursnascmna
1310 3552 1522 3597 cunarooaun

283 3662 579 3707 mosaoaaasonnn
601 3661 636 3703 ru
660 3660 806 3703 cenonas
827 3642 1183 3715 arneomai—Adam,
1199 3648 1270 3715 etc„
1291 3643 1522 3705 venerabilibus

283 3751 359 3813 viris
379 3748 514 3830 filiisque
535 3749 568 3808 in
589 3748 716 3810 Christo
736 3747 868 3818 dilectis,
890 3748 1042 3827 magistro
1063 3746 1130 3808 Ade
1151 3747 1306 3810 carbonel
1329 3753 1362 3809 et
1390 3747 1520 3809 domino

283 3854 424 3918 Johanni
465 3854 504 3915 de
544 3853 576 3914 la
616 3852 721 3924 Felde,
756 3851 916 3914 canonicis
961 3853 1092 3914 ecclesie
1126 3858 1234 3915 nostre
1268 3852 1522 3925 Hereiordensis,

283 3962 429 4033 salutem,
464 3965 524 4021 etc.
577 3958 657 4021 Cum
678 3977 736 4020 nos
756 3978 858 4038 nuper
885 3958 1114 4038 recepissemus
1142 3958 1381 4039 inquisicionem
1402 3958 1521 4019 iactam

282 4088 341 4149 per
373 4064 539 4127 officialem
573 4063 839 4125 Hereiordensem
870 4063 911 4124 ad
942 4063 1128 4123 mandatum
1158 4062 1321 4124 reverendi
1354 4062 1458 4122 Patris
1487 4061 1521 4121 in

283 4174 421 4245 christo,
449 4170 568 4233 domini
597 4170 658 4243 W„
688 4169 748 4232 Dei
775 4170 880 4250 gracia
907 4169 1145 4231 centuariensis
1173 4168 1417 4248 Archiepiecopi,
1446 4168 1522 4230 sede

283 4278 510 4344 Hereiordensi
531 4282 672 4349 vacante,
694 4297 789 4357 super
809 4276 893 4337 lama
914 4274 1045 4337 Roberti
1065 4275 1105 4335 de
1126 4274 1215 4352 Lucy
1235 4278 1268 4335 et
1292 4272 1406 4353 Rogeri
1428 4273 1467 4335 de
1490 4273 1523 4334 la

283 4388 390 4459 selec,
419 4384 602 4447 clericorum
632 4389 740 4446 nostre
771 4382 918 4444 carcerali
938 4380 1081 4443 custodie
1111 4378 1313 4441 liberatorum
1341 4398 1398 4459 per
1427 4398 1518 4440 secu·

283 4493 382 4555 larem
402 4496 594 4572 potestatem
614 4490 702 4570 juxta
723 4486 969 4550 ecclesiasticam
987 4485 1174 4556 libertatem,
1196 4484 1287 4564 eujus
1302 4482 1522 4564 inquisitionis

283 4598 408 4679 copiam
422 4602 564 4659 tenorem
578 4594 720 4657 eontinet
733 4594 969 4674 infrascriptum
976 4589 1244 4661 2-“Reverendo,
1255 4589 1524 4663 eto.,Walterus,''

284 4710 355 4777 etc..
390 4709 427 4764 ut
460 4721 564 4783 supra.
610 4700 678 4763 Noe
706 4700 801 4781 igitur
834 4700 977 4761 volentes
1008 4698 1041 4757 in
1068 4694 1231 4778 premissis
1266 4693 1345 4775 juris
1379 4694 1522 4755 ordinem

283 4810 450 4872 observare
470 4807 559 4870 vobis
579 4812 689 4868 tenore
709 4805 907 4886 presencium
928 4802 1158 4865 committimus
1184 4807 1217 4864 et
1237 4801 1425 4862 mandemus
1444 4820 1522 4881 qna·

284 4916 372 4977 tinus
392 4914 425 4973 in
445 4910 586 4975 ecclesiis
606 4916 639 4973 et
659 4910 849 4973 mercatibus
868 4910 951 4971 dicte
970 4908 1108 4971 civitatis
1130 4913 1163 4969 et
1185 4907 1326 4968 locorum
1345 4905 1521 4968 vicinorum

284 5021 339 5085 nbi
367 5026 401 5083 st
427 5018 554 5100 quando
582 5018 683 5098 major
702 5016 811 5098 populi
839 5014 1033 5077 concurrerit
1061 5011 1241 5085 multitudo,
1270 5029 1395 5073 necnon
1423 5015 1457 5071 et
1486 5010 1521 5070 in

624 5152 707 5193 l—For
718 5150 768 5193 this
782 5150 847 5198 place
860 5160 900 5191 see
913 5149 984 5192 cant.
998 5148 1063 5194 Rea..
1077 5158 1099 5194 o.
1112 5148 1151 5187 πω
1163 5156 1188 5186 η.
