3850 5917
402 653 441 713 32
776 655 955 734 Recislrum
981 657 1047 718 Ade
1074 658 1111 719 de
1141 659 1264 720 Orleton

228 884 289 924 M>-
303 883 359 924 ¹³¹⁷·
400 877 551 957 magister
579 879 693 941 Petrus
729 881 769 941 de
803 880 943 952 Taloriis,
978 887 1162 961 procurator
1197 888 1230 945 et
1264 884 1399 947 vicarius
1429 884 1544 948 nobilis
1578 885 1638 947 viri

401 983 522 1045 domini
543 985 709 1047 Guiscardi
731 987 770 1047 de
795 985 955 1058 Labretto,
989 987 1208 1050 Archidiaconi
1238 988 1484 1062 cantuariensis,
1517 991 1637 1053 habens

400 1090 485 1151 inter
506 1096 611 1154 cetera
630 1096 821 1173 potestatem
842 1093 1056 1154 intronizandi
1079 1094 1256 1174 Episcopos
1285 1095 1445 1175 provincie
1473 1095 1636 1157 Cantuari·

400 1196 487 1258 ensis
508 1217 565 1277 per
585 1217 619 1258 ee
639 1196 690 1259 vel
709 1218 766 1278 per
786 1198 865 1260 alios
885 1218 980 1278 quem
1000 1199 1051 1260 vel
1072 1219 1151 1279 quos
1171 1199 1295 1261 duxerit
1316 1200 1523 1281 deputandos,
1543 1206 1638 1282 prout

400 1305 435 1364 in
465 1305 588 1367 notario
620 1305 821 1386 infrascripto
847 1306 940 1386 plene
968 1311 1102 1378 constat,
1137 1326 1193 1386 per
1227 1305 1460 1385 inspeccionem
1494 1307 1637 1386 ejusdem

398 1409 518 1491 publici
538 1411 751 1482 instrumenti,
772 1431 837 1473 non
867 1411 939 1483 rasi,
960 1431 1026 1472 non
1050 1410 1168 1482 aboliti,
1197 1431 1256 1472 nec
1286 1411 1320 1470 in
1351 1411 1456 1491 aliqua
1476 1412 1526 1473 sui
1545 1416 1638 1493 parte

399 1516 507 1577 viciati
539 1517 594 1578 sed
615 1517 702 1577 omni
723 1517 903 1597 suspicione
923 1517 1070 1589 carentis,
1091 1523 1124 1578 et
1155 1517 1256 1597 sigillo
1287 1517 1365 1577 dicti
1385 1517 1505 1579 domini
1527 1517 1635 1579 Archi·

398 1623 524 1684 diaconi
545 1623 748 1704 impendonte
768 1623 905 1703 sigillati,
928 1629 1024 1704 atque
1045 1644 1101 1703 per
1120 1643 1234 1685 manus
1255 1623 1383 1685 discreti
1404 1623 1471 1696 viri,
1493 1624 1637 1705 magistri

400 1728 552 1798 Willelmi
573 1729 612 1791 de
632 1729 724 1801 Piris,
745 1734 945 1791 sacrosancte
976 1730 1119 1791 Romane
1147 1730 1231 1791 sedis
1259 1730 1373 1790 notarii
1404 1730 1521 1811 publici
1543 1731 1635 1794 Baio·

399 1815 503 1896 censis
522 1833 665 1906 diocesis,
685 1834 762 1896 iacti
780 1839 813 1896 et
832 1835 1000 1915 compositi
1021 1840 1116 1915 atque
1135 1835 1295 1915 publicati,
1319 1835 1360 1895 ad
1380 1835 1636 1898 intronizandum

398 1940 606 2002 reverendum
627 1943 750 2021 patrem
771 1960 808 2000 ac
829 1939 992 2000 dominum
1017 1939 1127 2010 Adam,
1148 1939 1344 2020 Episcopum
1359 1938 1636 2013 Hereiordensem,

280 2051 284 2057 '
398 2045 523 2108 dilectis
545 2045 611 2108 suis
625 2045 660 2108 in
673 2045 801 2107 Christo
821 2045 973 2125 magistro
994 2044 1133 2106 Roberto
1153 2045 1192 2105 de
1215 2044 1422 2117 Gloucestria,
1442 2044 1637 2108 Cancellario

398 2151 542 2231 ejusdem
580 2151 720 2224 ecclesie,
760 2151 910 2230 magistro
948 2150 1090 2212 Henrico
1137 2150 1176 2212 de
1219 2150 1368 2222 Schome,
1407 2150 1636 2213 Archidiacono

398 2257 542 2338 ejusdem
563 2256 703 2330 ecclesie,
733 2255 884 2336 magistro
910 2256 1046 2318 Ricardo
1066 2257 1105 2318 de
1126 2257 1334 2328 Hamenesse,
1356 2257 1483 2318 Rectori
1504 2257 1636 2320 ecclesis

399 2363 440 2425 de
459 2363 664 2434 Munselowe,
685 2363 836 2443 magistro
856 2363 877 2423 J
877 2361 975 2424 acobo
992 2363 1031 2424 de
1045 2362 1208 2442 Berkeley,
1224 2362 1375 2424 canonico
1395 2363 1480 2424 dicte
1493 2364 1634 2437 ecclesie,

398 2474 432 2531 et
453 2469 603 2549 magistro
625 2467 768 2530 Gilberto
786 2468 825 2529 de
844 2467 1049 2539 Middeltone,
1068 2467 1199 2530 ecclesie
1220 2467 1452 2529 lincolniensis
1472 2469 1634 2542 canonico,

397 2574 594 2655 conjunctim
608 2578 640 2636 et
661 2573 787 2636 divisim
805 2573 965 2634 commisit
985 2574 1070 2635 vices
1088 2593 1182 2635 suas:
1197 2578 1229 2635 et
1248 2573 1348 2634 eciam
1362 2573 1402 2633 ad
1420 2574 1634 2654 recipiendum

400 2677 529 2739 nomine
553 2677 672 2738 domini
693 2676 743 2738 sui
773 2676 881 2738 omnia
904 2681 937 2737 et
961 2676 1085 2756 singula
1105 2676 1159 2737 illa
1179 2696 1240 2756 que
1260 2675 1396 2756 ipsemet
1416 2677 1466 2737 vel
1486 2677 1634 2739 dominus

398 2804 476 2847 suus
500 2783 679 2846 antedictus
700 2782 840 2843 iacerent
868 2801 924 2843 seu
955 2782 1057 2843 iacere
1077 2786 1208 2861 possent
1229 2781 1257 2842 si
1277 2781 1484 2861 personaliter
1503 2782 1635 2844 interes·

399 2896 481 2954 sent.
523 2891 568 2951 Et
588 2890 622 2950 in
642 2889 861 2952 testimonium
889 2889 1115 2969 premissorum
1146 2888 1250 2949 dictus
1279 2888 1429 2968 magister
1459 2889 1574 2949 Petrus
1595 2889 1634 2950 de

397 2995 529 3058 Taleriis
550 2995 583 3057 in
604 2995 667 3057 mei
687 2995 803 3056 notarii
822 2993 940 3074 publici
968 2993 1159 3074 infrascripti
1180 2999 1213 3055 et
1233 2992 1363 3054 testium
1385 2992 1635 3074 subscriptorum

397 3101 563 3183 presencia
592 3100 732 3182 presenti
760 3100 886 3181 publico
921 3100 1133 3162 instrumento
1168 3101 1305 3181 sigillum
1341 3119 1434 3162 sunm
1475 3101 1633 3180 apposuit.

399 3210 515 3268 Actum
535 3211 568 3268 et
589 3206 699 3267 datum
721 3205 903 3278 Londoniis,
922 3226 1016 3279 anno,
1037 3205 1222 3276 indiccione,
1244 3206 1304 3278 die,
1335 3211 1368 3267 et
1399 3226 1508 3268 mense
1524 3226 1633 3287 supra·

397 3312 501 3384 dictis,
524 3311 722 3393 presentibus
739 3310 890 3391 magistro
904 3310 1064 3372 Willelmo
1081 3311 1120 3371 de
1136 3310 1292 3382 Comidal,
1308 3310 1459 3390 magistro
1473 3311 1636 3373 Willelmo

397 3419 438 3480 de
459 3417 668 3498 Lugwardyn,
689 3417 785 3478 Petro
806 3416 845 3477 de
866 3415 1028 3487 Balenbiz,
1049 3414 1209 3477 Willelmo
1229 3415 1268 3476 de
1289 3415 1476 3495 Wengham,
1498 3415 1633 3478 testibus

398 3524 439 3584 ad
458 3522 613 3603 premissa
631 3521 752 3584 vocatis
772 3527 805 3583 et
826 3520 1004 3601 specialiter
1023 3521 1150 3600 rogatis.
1199 3521 1244 3580 Et
1264 3526 1390 3582 constat
1410 3521 1488 3580 mihi
1509 3521 1634 3583 notario

397 3627 599 3708 infrascripto
613 3628 651 3689 de
672 3627 734 3688 ista
748 3625 962 3688 interlinearis
982 3645 1043 3707 que
1066 3632 1116 3688 est
1134 3626 1167 3684 in
1184 3626 1323 3688 secunda
1340 3626 1424 3687 linea
1444 3647 1463 3688 a
1478 3627 1633 3709 principio

398 3734 612 3815 computanda
636 3732 669 3792 in
693 3712 818 3812 loquela
842 3752 903 3811 que
927 3733 1042 3793 dicitur
1065 3731 1313 3803 imitamentum,
1337 3738 1371 3794 et
1393 3733 1494 3794 eciam
1518 3735 1558 3796 de
1578 3735 1633 3796 ills

395 3859 506 3901 rasura
526 3859 588 3920 qne
608 3842 657 3901 est
678 3838 712 3898 in
732 3838 791 3918 vij·
815 3837 899 3899 linea
920 3857 938 3898 a
959 3837 1114 3918 principio
1134 3837 1168 3896 in
1189 3837 1251 3898 ista
1271 3836 1396 3917 loquela
1426 3857 1488 3918 que
1516 3839 1634 3901 dicitur

395 3944 596 4025 Episcopum.

478 4088 522 4148 Et
543 4106 601 4167 ego
631 4086 795 4147 iohannes
815 4085 970 4146 Ricardus
1000 4085 1039 4146 de
1070 4083 1202 4156 Foxton,
1224 4083 1456 4146 lincolniensis
1486 4084 1630 4158 diocesis,

396 4193 529 4256 clericus
548 4192 704 4274 publicus,
725 4191 880 4271 imperiali
900 4191 1089 4252 auctoritate
1118 4189 1271 4261 notarius,
1301 4189 1452 4268 predictis
1482 4190 1631 4253 omnibus

394 4307 429 4364 et
457 4300 590 4380 singulis
634 4319 771 4360 unacum
806 4296 941 4359 testibus
965 4295 1048 4357 inira
1077 4295 1250 4357 nominatis
1280 4314 1411 4374 presens
1431 4295 1570 4368 interlui,
1592 4317 1631 4358 ea

394 4407 460 4469 vidi
480 4413 513 4469 et
533 4405 648 4478 audivi,
670 4426 706 4467 ec
724 4424 823 4466 manu
843 4423 913 4464 mea
929 4402 1056 4483 propria
1074 4401 1194 4482 scripsi,
1211 4406 1245 4462 et
1264 4400 1298 4459 in
1318 4400 1476 4482 publicam
1495 4401 1630 4463 formam

394 4514 509 4594 redegi.
541 4513 693 4594 signoque
720 4531 791 4573 meo
820 4510 913 4572 solito
941 4508 1062 4590 signavi
1090 4513 1218 4588 rogatus
1247 4506 1281 4566 in
1312 4507 1529 4569 testimonium
1559 4529 1630 4590 pre·

392 4639 574 4682 missorum.

405 4739 410 4748 ¹
477 4761 661 4824 Instellator
682 4780 738 4822 seu
751 4758 959 4820 intronizator
979 4757 1055 4820 dicit
1074 4757 1120 4819 sio
1136 4757 1203 4835 Epo
1221 4755 1294 4817 telis
1309 4763 1492 4836 procurator
1509 4757 1631 4821 domim

397 4858 569 4923 Gniscardi
598 4858 636 4920 dc
665 4857 807 4930 Labreto,
835 4854 1060 4917 Archidrccoai
1087 4851 1334 4926 Oantucriensis,
1358 4852 1424 4915 vice
1444 4861 1473 4916 el
1506 4857 1630 4920 nemim

390 4955 529 5040 predicti
555 4953 676 5017 domim
701 4953 763 5016 mei
788 4961 818 5014 et
840 4952 961 5014 ecclesie
987 4950 1107 5013 Christi
1132 4949 1367 5011 Ocnlaeriensia
1394 4970 1446 5012 vos
1470 4950 1631 5016 dominum

398 5055 510 5127 Adam,
531 5053 675 5115 canonia
701 5051 836 5124 electum,
864 5049 1077 5130 confirmatam
1099 5055 1129 5110 et
1158 5053 1472 5128 commutamnus
1499 5049 1535 5110 ia
1556 5070 1629 5131 pos·
