3850 5917
399 688 459 749 306
776 687 955 765 Repirtrom
981 688 1047 747 Ado
1074 687 1110 747 dc
1141 686 1264 747 Orictoa

225 917 282 956 M>-
299 917 356 956 ¹⁸²⁴·
399 911 500 971 sancti
522 910 672 972 Guthlaci
697 910 915 981 Conventuali,
937 930 1060 972 necnon
1082 914 1114 969 et
1135 910 1166 969 in
1193 908 1317 970 cunctis
1338 908 1478 971 ecclesiis
1506 909 1638 969 decana-

398 1022 451 1079 tus
472 1018 578 1088 vestri,
610 1017 743 1096 singulis
771 1017 881 1078 diebus
907 1016 1083 1077 Dominicis
1111 1020 1143 1077 et
1171 1015 1293 1077 festivis
1321 1015 1355 1073 in
1383 1013 1638 1094 processionibus

397 1128 429 1184 et
457 1124 541 1183 intra
561 1123 729 1184 missarum
757 1122 940 1201 solempnia,
973 1122 1098 1201 quando
1127 1122 1227 1200 major
1261 1120 1362 1181 aderit
1396 1120 1505 1200 populi
1533 1120 1638 1180 multi-

397 1230 483 1299 tude,
505 1234 610 1289 erecta
626 1248 727 1299 cruce,
750 1227 888 1289 candelis
911 1227 1053 1288 accensis
1077 1232 1110 1288 et
1129 1227 1286 1298 extinctis,
1307 1226 1470 1307 campanis
1492 1226 1637 1307 pulsatis,

397 1340 491 1414 prout
525 1335 622 1395 moris
663 1339 721 1404 est,
760 1334 806 1394 sic
845 1333 1155 1395 excommunicatum
1191 1332 1316 1412 publice
1357 1338 1390 1394 et
1432 1332 1640 1410 solempniter

397 1440 554 1500 nunciatis
579 1460 635 1500 seu
667 1439 789 1527 iacietis
818 1438 1024 1499 consimiliter
1051 1438 1174 1518 publice
1203 1437 1355 1509 nunciari,
1378 1438 1478 1498 donec
1506 1436 1638 1498 anobis

397 1546 482 1605 aliud
503 1546 676 1606 habueritis
698 1546 730 1605 in
752 1546 919 1606 mandatis.
962 1546 1122 1606 Moueatis
1144 1545 1272 1624 insuper
1293 1564 1350 1605 seu
1371 1544 1492 1605 moueri
1514 1544 1639 1604 faciatis

397 1651 521 1730 publice
544 1656 576 1711 et
601 1651 788 1711 nominatim
813 1650 873 1711 sub
893 1671 975 1730 pena
996 1651 1148 1711 canonica
1176 1651 1277 1711 Adam
1303 1650 1492 1719 Hallnaked,
1516 1649 1636 1710 Willel-

398 1776 486 1815 mum
521 1757 559 1817 de
599 1756 778 1835 Aylestone,
811 1756 980 1816 Ricardum
1010 1757 1049 1817 de
1083 1756 1216 1827 Scholia,
1255 1756 1434 1817 Johannem
1464 1756 1502 1815 de
1537 1756 1638 1825 Dens,

398 1849 594 1922 Willelmum
622 1863 660 1923 de
694 1862 829 1941 Brugge,
865 1862 1023 1934 clericum,
1056 1868 1088 1923 et
1123 1882 1233 1922 omnes
1268 1861 1346 1921 alios
1379 1880 1458 1940 quos
1487 1880 1559 1920 cum
1597 1880 1637 1921 eo

399 1971 668 2031 communicantes
689 1970 872 2031 inveneritis
893 1970 926 2029 in
951 1988 1028 2030 casu
1050 1991 1068 2031 a
1089 1970 1157 2047 jure
1179 1989 1242 2029 non
1266 1968 1440 2048 permisso;
1463 1966 1638 2047 dequibus

399 2076 585 2135 mandamus
613 2095 669 2154 per
690 2095 745 2135 vos
775 2074 807 2133 in
839 2075 956 2135 virtute
991 2074 1171 2135 obediencie
1204 2074 1443 2153 inquisicionem
1472 2072 1539 2132 fieri
1567 2071 1636 2130 dili-

397 2185 533 2259 gentem,
556 2187 591 2240 ut
612 2179 652 2240 ab
672 2180 772 2259 ipsine
800 2181 1022 2241 communione
1050 2179 1176 2241 funesta
1197 2184 1229 2240 et
1256 2178 1433 2259 periculosa
1456 2177 1638 2238 abstineant

399 2290 432 2345 et
450 2285 613 2356 desistant,
638 2285 742 2364 ipsum
762 2284 823 2345 nisi
845 2284 878 2343 in
897 2285 1022 2345 casibus
1042 2306 1061 2345 a
1078 2286 1147 2365 jure
1166 2284 1330 2364 premissis
1353 2284 1455 2343 arcius
1475 2283 1632 2344 evitando.

400 2391 448 2451 De
471 2390 520 2451 die
541 2390 733 2469 recepcionis
757 2390 954 2470 presencium
976 2396 1009 2451 et
1040 2390 1115 2470 quid
1146 2390 1179 2449 in
1207 2389 1379 2469 premissis,
1400 2394 1460 2449 etc.
1517 2388 1638 2447 Datum

399 2498 482 2576 apud
503 2497 698 2567 Wodecride,
721 2498 756 2577 ij⁰
776 2497 827 2557 die
851 2496 994 2576 Augusti,
1017 2516 1101 2556 anno
1115 2495 1244 2556 Domini
1267 2494 1513 2573 nrucoxxiiija

398 2740 476 2817 Acq.
501 2738 637 2799 Mhi
661 2738 779 2819 Bishop
803 2740 838 2818 of
862 2738 1014 2818 Hercford
1038 2738 1108 2798 usks
1135 2738 1184 2798 the
1209 2737 1327 2815 Bishop
1351 2737 1387 2817 of
1415 2737 1579 2797 Worccstcr
1603 2744 1635 2797 to

520 2840 609 2880 curae
634 2818 683 2879 the
706 2830 841 2881 scalmum
864 2820 989 2899 oquinsl
1020 2818 1161 2879 Wiltiom
1183 2818 1220 2878 de
1247 2818 1321 2896 lrby
1351 2824 1379 2877 io
1408 2818 1442 2877 be
1470 2817 1635 2897 publishcd

521 2900 556 2960 in
584 2901 633 2960 ihc
663 2901 816 2962 Charcha
844 2902 879 2981 os
905 2901 1089 2962 Glorwcstar.

481 3055 626 3113 errnna
647 3072 743 3115 mssa
763 3072 889 3115 noumo
918 3053 1157 3113 Wuuonrviuusr
1179 3052 1340 3112 Errsooro
1361 3069 1423 3111 nno
1455 3068 1637 3110 nunonem-

397 3178 495 3220 c1orvn
518 3178 699 3220 snnrnncm
721 3178 883 3219 rsunrorn
905 3177 1031 3219 course
1045 3176 1171 3219 nrouuu
1186 3157 1236 3217 W.
1253 3175 1296 3215 uu
1318 3154 1636 3217 Iesu—Venerabili

397 3267 430 3325 in
451 3266 577 3327 Christo
591 3268 674 3346 patri
688 3272 720 3327 et
741 3266 878 3336 dominc,
902 3264 1030 3325 domino
1051 3264 1179 3333 Thome,
1204 3262 1264 3323 Dei
1284 3262 1388 3341 gracia
1412 3260 1635 3340 Wygorniensi

397 3372 565 3451 Episcopo,
601 3372 711 3442 Adam,
746 3377 816 3443 etc,
851 3370 1000 3451 quicquid
1042 3375 1148 3449 potest
1185 3368 1336 3447 obsequii,
1372 3368 1560 3438 reverencie,
1604 3372 1638 3428 et

397 3477 534 3538 honoris.
590 3477 671 3552 Quia
699 3476 876 3537 Willelmus
898 3476 936 3537 de
959 3475 1062 3554 Ireby,
1095 3473 1269 3535 monachus
1299 3472 1504 3543 Gloucestrie,
1528 3472 1581 3551 qui
1601 3491 1637 3533 se

396 3583 476 3663 gerit
492 3583 675 3662 propriore,
690 3589 759 3653 etc,
781 3590 817 3642 ut
837 3602 933 3661 stupro
952 3600 1048 3659 usquc
1062 3579 1109 3640 ibi
1129 3579 1262 3639 “animo
1284 3578 1459 3638 indurato.”
1492 3578 1634 3637 Paterni·

397 3694 496 3748 tatem
517 3695 655 3748 vestram
677 3694 787 3749 mutue
807 3688 1034 3750 vicissitudinis
1057 3692 1190 3767 optentu
1218 3686 1406 3766 requirimus
1428 3691 1460 3745 et
1489 3705 1636 3765 rogamus

397 3793 546 3872 quatinus
580 3792 735 3872 prefatam
770 3793 1107 3854 excommunicacionis
1138 3792 1332 3853 sentenciam
1376 3792 1409 3851 in
1441 3793 1637 3854 Monasterio

397 3898 480 3959 beati
508 3899 595 3959 Petri
630 3919 667 3959 ac
702 3899 771 3959 aliis
803 3899 943 3960 ecclesiis
975 3899 1173 3960 Gloucestrie
1208 3904 1240 3959 et
1272 3897 1355 3969 alibi,
1394 3898 1448 3958 ubi
1480 3898 1638 3959 videbitur

396 4005 550 4083 expedire,
573 4005 744 4084 dignemini
772 4005 979 4084 solempniter
1006 4004 1109 4066 iacere
1140 4005 1301 4084 publicari,
1332 4004 1496 4085 ipsamque
1525 4014 1637 4088 contra

395 4111 516 4170 dictum
538 4111 728 4171 monachum
749 4111 783 4171 in
805 4132 862 4172 sua
882 4111 1099 4171 obstinacione
1116 4110 1360 4190 dampnabiliter
1380 4118 1634 4191 perseverantem

397 4216 571 4277 secundum
583 4216 662 4294 juris
677 4216 870 4295 exigenciam
891 4217 995 4277 velitis
1017 4217 1117 4277 eciam
1139 4235 1314 4296 aggravare,
1337 4222 1372 4277 ut
1392 4237 1429 4277 ex
1444 4217 1504 4276 hoc
1523 4216 1636 4277 rubore

398 4321 547 4392 suffusus,
582 4322 622 4381 ad
657 4328 765 4384 sancte
800 4319 909 4383 matris
950 4323 1080 4384 ecclesie
1111 4324 1264 4403 gremium
1310 4324 1407 4384 cicius
1449 4328 1633 4383 revertatur.

399 4428 518 4487 Datum
536 4426 622 4506 apud
642 4428 836 4500 Wodecride,
858 4428 908 4489 die
929 4447 992 4509 quo
1013 4448 1109 4508 supra
1133 4428 1166 4487 in
1187 4428 1338 4508 proximo.

397 4660 525 4721 Privata
550 4661 636 4721 letter
659 4667 725 4722 sent
745 4660 823 4720 with
846 4661 895 4721 the
916 4661 1008 4723 above
1031 4661 1069 4739 by
1095 4661 1143 4721 tha
1168 4661 1252 4721 haud
1273 4661 1309 4741 os
1336 4661 1474 4721 Willium
1497 4662 1632 4735 Russell,

520 4742 644 4820 tcppinp
673 4742 721 4802 the
755 4742 874 4821 Bishop
908 4744 943 4821 os
980 4743 1167 4803 Worccstcr's
1198 4742 1266 4821 help
1294 4742 1419 4820 cqoiast
1448 4742 1497 4803 tte
1525 4743 1633 4805 adva-

519 4824 616 4883 sora'cs
644 4823 679 4903 os
705 4823 753 4883 rte
783 4823 915 4883 Choreb.

480 4979 626 5038 errnss
667 4996 790 5039 canusa
834 4996 975 5039 omnora
1015 4978 1362 5038 eruum—Reverendo
1407 4976 1536 5039 domino
1577 4996 1636 5039 suo

399 5083 546 5163 quioquid
580 5088 686 5162 potest
716 5083 867 5162 obsequii,
902 5082 1088 5154 reverencie,
1116 5089 1149 5143 et
1186 5081 1322 5143 honoris.
1365 5082 1515 5143 Exhibita
1543 5082 1635 5145 nobis
