3850 5917
717 700 868 780 Episcopi
895 701 1139 781 Hercsordensis.
1489 706 1548 768 159

144 927 191 967 Ᾰ-ὓ·
206 927 265 967 ¹³²⁰·
307 920 506 1000 deputamus.
563 921 616 982 Ita
643 923 726 1002 quod
768 924 899 984 cedente
936 923 987 985 vel
1026 925 1197 987 decedente
1237 925 1369 988 ecclesie
1405 927 1547 1006 predicte

307 1027 442 1088 Rectcre
465 1027 559 1088 liceat
587 1027 675 1089 vobis
703 1028 897 1108 corporalem
924 1030 1158 1108 possessionem
1187 1031 1287 1110 ipsius
1315 1031 1446 1093 00010010
1469 1033 1546 1094 reci-

304 1153 389 1212 pere,
412 1133 599 1212 cujusquam
623 1153 757 1195 assensu
778 1133 908 1195 minime
935 1135 1096 1215 requisito,
1121 1155 1256 1216 eamque
1279 1137 1313 1196 in
1341 1138 1442 1199 dictos
1469 1156 1548 1200 usus

306 1238 462 1317 premisso
489 1238 598 1300 ordine
626 1239 770 1310 retinere,
799 1245 958 1300 reservato
987 1245 1094 1302 tamen
1123 1242 1162 1302 de
1182 1241 1337 1305 fructibus
1364 1242 1464 1323 ipsius
1491 1265 1549 1324 per

305 1346 366 1407 loci
394 1347 596 1407 diocesanum
624 1352 778 1426 perpetuo
805 1347 922 1409 vicario
953 1348 987 1407 in
1016 1348 1099 1410 dicta
1127 1349 1259 1410 ecclesia
1290 1349 1445 1411 servituro
1473 1371 1547 1414 con·

303 1471 383 1532 grue
412 1451 570 1531 porcione,
599 1472 637 1512 ex
668 1472 730 1531 qua
758 1453 861 1513 valeat
899 1471 1036 1532 congrue
1068 1455 1239 1514 sustentari
1268 1460 1301 1515 et
1328 1454 1547 1518 incumbencia

305 1558 365 1620 sibi
394 1578 491 1618 onera
518 1562 713 1637 supportare,
743 1578 808 1618 non
836 1559 984 1620 obstante
1012 1559 1039 1620 si
1071 1559 1168 1640 aliqui
1195 1579 1290 1639 super
1314 1561 1546 1640 provisionibus

305 1665 365 1726 sibi
389 1664 541 1724 faciendis
579 1664 618 1724 de
655 1664 838 1742 hujusmodi
866 1665 1007 1727 ecclesiis
1036 1665 1069 1724 in
1097 1665 1207 1726 eadem
1242 1665 1359 1727 diocesi
1383 1667 1545 1746 speciales,

305 1770 354 1832 vel
376 1771 415 1830 de
436 1769 595 1830 beneficiis
619 1768 841 1830 ecclesiasticis
861 1771 895 1829 in
919 1770 982 1831 illis
1002 1770 1145 1850 pertibus
1170 1771 1339 1850 generales,
1366 1772 1546 1851 Apostolice

176 1916 204 1945 ο,
242 1937 248 1949 ,
307 1878 398 1940 Sedis
426 1878 474 1938 vel
495 1877 669 1956 legatorum
698 1877 767 1955 ejus
788 1876 910 1937 litteras
938 1877 1146 1956 impetrarint,
1169 1877 1269 1938 eciem
1297 1877 1401 1956 siper
1428 1897 1481 1940 ecs
1506 1880 1547 1940 ad

304 1982 540 2052 inhibicionem,
568 1982 826 2052 reservacionem,
866 1987 898 2041 et
930 1982 1101 2052 decretum,
1131 1980 1181 2042 vel
1205 1981 1283 2042 alias
1311 1982 1546 2060 quomodolibet

305 2089 348 2150 sit
366 2107 558 2168 processum,
576 2087 690 2166 quibus
709 2086 855 2148 omnibus
874 2106 938 2167 quo
954 2087 994 2146 ad
1013 2087 1248 2148 assecucionem
1268 2087 1400 2149 aliorum
1417 2088 1543 2150 ecclesi·

306 2199 443 2254 arnmot
463 2193 686 2254 beneficiorum
706 2192 854 2253 nolumus
868 2192 1076 2271 prejudicium
1090 2193 1241 2272 generari,
1257 2212 1313 2254 seu
1333 2193 1360 2254 si
1374 2193 1545 2255 venerabili

306 2300 395 2361 fratri
422 2305 541 2370 nostro,
563 2299 722 2377 Episcopo
755 2297 989 2369 Sarisburiensi,
1022 2297 1072 2359 vel
1100 2297 1338 2377 quibuscunque
1363 2298 1432 2360 aliis
1461 2319 1545 2360 com·

305 2406 444 2466 munitor
484 2405 535 2465 vel
575 2404 701 2465 divisim
742 2403 782 2463 ab
823 2404 933 2464 eadem
961 2403 1005 2464 sit
1047 2403 1127 2464 Sede
1169 2403 1336 2476 indultum,
1375 2404 1461 2484 quod
1503 2406 1544 2466 ad

304 2511 521 2591 recepcionem
552 2509 601 2571 vel
632 2509 845 2588 provisionem
873 2508 1007 2587 alicujus
1037 2509 1167 2585 minime
1197 2513 1373 2581 teneantur,
1396 2515 1428 2571 et
1451 2510 1546 2570 adid

305 2617 459 2697 compelli,
474 2637 531 2678 seu
545 2617 629 2697 quod
643 2615 797 2685 interdici,
812 2614 972 2693 suspendi,
987 2614 1037 2675 vel
1054 2615 1318 2675 excommunicari
1332 2615 1544 2694 nonpossint,

302 2726 450 2805 quodque
477 2725 517 2785 de
544 2723 726 2800 hujusmodi
747 2721 888 2782 ecclesiis
912 2721 1044 2801 aliisque
1073 2720 1232 2782 beneficiis
1260 2721 1480 2783 ecclesiasticis
1502 2723 1543 2783 ed

302 2851 412 2891 eorum
443 2828 654 2909 provisionem
691 2847 747 2889 seu
774 2827 919 2908 quamvis
950 2826 1044 2886 aliam
1072 2826 1315 2904 disposicionem
1343 2827 1539 2906 conjunctim

303 2935 352 2997 vel
389 2935 560 3015 separatim
599 2933 815 3014 spectantibus
857 2933 944 2992 nulla
981 2931 1086 2993 voleat
1122 2931 1279 3011 provideri
1316 2952 1374 3011 per
1416 2932 1540 2996 litteras

302 3042 491 3122 apostolicas
526 3061 592 3102 non
619 3040 771 3100 facientes
808 3039 935 3119 plenam
967 3043 1000 3100 et
1028 3057 1209 3117 expressam
1245 3057 1282 3098 ac
1310 3039 1349 3098 de
1376 3038 1471 3100 verbo
1501 3039 1542 3100 ad

301 3147 432 3208 verbum
463 3148 502 3208 de
530 3146 653 3206 indulto
684 3143 866 3225 hujusmodi
898 3144 1105 3214 mencionem,
1138 3148 1171 3204 01
1199 3143 1337 3223 qualibet
1366 3143 1428 3204 alia
1458 3145 1542 3212 dicte

300 3253 393 3314 Sedis
406 3251 616 3330 ‘indulgencia
636 3249 773 3330 generali
800 3248 850 3309 vel
874 3249 1003 3328 speciali
1024 3248 1240 3327 cujuscunque
1269 3249 1387 3309 tenoris
1415 3248 1538 3322 existat,

300 3377 476 3437 perquam
507 3355 707 3435 presentibus
735 3374 799 3415 non
827 3365 1008 3432 expressam
1049 3353 1100 3414 vel
1127 3352 1268 3413 totaliter
1295 3372 1360 3414 non
1388 3353 1541 3414 insertam

300 3464 434 3525 affectus
469 3462 668 3542 presencium
697 3459 841 3539 impediri
868 3460 971 3520 valeat
1004 3458 1239 3538 quomodolibet
1264 3459 1324 3519 vel
1352 3459 1479 3530 differri,
1508 3464 1542 3522 et

301 3572 339 3631 dc
360 3591 424 3651 qua
445 3570 599 3650 cujusque
620 3573 688 3628 toto
719 3573 828 3628 tenore
849 3566 961 3628 debeat
984 3567 1017 3625 in
1045 3565 1162 3626 nostris
1189 3565 1304 3625 litteris
1328 3565 1396 3626 fieri
1418 3566 1543 3628 mencio

299 3675 454 3757 specialis.
505 3674 593 3736 Nulli
621 3693 694 3753 ergo
726 3673 856 3733 omnino
883 3671 1005 3732 homini
1032 3672 1126 3734 liceat
1147 3670 1229 3731 hanc
1257 3671 1404 3750 paginam
1433 3669 1541 3734 nostre

301 3782 513 3844 concessionis
540 3786 572 3842 et
600 3779 818 3859 deputacionis
845 3778 1014 3857 infringere
1043 3778 1092 3838 vel
1120 3777 1149 3838 ei
1177 3797 1257 3838 ausu
1278 3777 1443 3838 temerario
1467 3798 1539 3839 con·

300 3889 403 3949 traire.
447 3887 575 3967 Siquis
598 3892 706 3947 autem
734 3885 794 3946 hoc
814 3890 1005 3964 attemptare
1028 3884 1265 3964 presumpserit,
1288 3883 1540 3963 indignacionem

299 3993 526 4074 omnipotentis
548 3992 608 4052 Dei
636 3996 669 4052 01
692 3991 855 4051 beatorum
876 3990 964 4051 Petri
984 3995 1015 4050 et
1044 3989 1134 4048 Pauli
1163 3988 1386 4067 Apostolorum
1413 3989 1482 4076 ejus
1504 4010 1539 4052 se

298 4101 422 4160 noverit
448 4099 658 4159 incursurum.
701 4097 821 4156 Datum
843 4095 1006 4167 Avinione,
1035 4095 1090 4175 vij⁰
1112 4093 1182 4154 Kal.
1205 4094 1375 4165 Februarii,
1405 4095 1536 4156 Pontifi-

299 4210 389 4266 catus
409 4205 510 4265 nostri
530 4223 615 4264 anuo
639 4206 760 4282 quarto.
803 4201 871 4263 Nos
891 4201 988 4279 igitur
1010 4199 1154 4280 specialis
1179 4199 1359 4266 devocionis
1388 4199 1538 4260 affectum

299 4313 338 4372 ad
362 4313 491 4373 beatum
511 4309 668 4369 Thomam
689 4307 910 4377 confessorem,
926 4307 1017 4386 cujus
1041 4306 1219 4367 venerande
1241 4305 1371 4385 reliquie
1396 4306 1429 4365 in
1454 4306 1540 4368 dicta

299 4416 525 4478 Herefordensi
552 4415 685 4476 ecclesia
712 4414 923 4483 continentur,
953 4412 1106 4472 habentes
1135 4411 1266 4491 prefatis
1289 4413 1483 4474 concessioni
1506 4418 1540 4474 et

298 4522 499 4603 deputacioni
524 4527 669 4581 nostrum
690 4520 889 4598 impertimur
912 4538 1088 4589 assensum,
1110 4517 1252 4578 volentes
1275 4522 1308 4578 et
1329 4518 1539 4580 concedentes

298 4649 355 4708 pro
382 4628 474 4689 nobis
499 4631 532 4688 et
559 4624 793 4688 successoribus
820 4623 938 4684 nostris
967 4628 1003 4682 ut
1024 4621 1217 4682 venerabiles
1247 4621 1314 4692 viri,
1334 4622 1482 4683 Decanus
1505 4627 1538 4684 et

298 4734 481 4815 Capitulum
509 4730 690 4811 supradicti,
720 4730 913 4809 corporalem
940 4728 1174 4808 possessionem
1212 4727 1295 4788 dicte
1330 4727 1460 4788 ecclesie
1498 4729 1538 4791 de

299 4837 509 4919 Schenyglsld
536 4858 610 4898 cum
631 4837 751 4916 capella
774 4837 814 4896 de
843 4835 1008 4897 Swaleield
1039 4835 1237 4914 dependente
1266 4833 1306 4893 ab
1334 4853 1371 4893 ea
1398 4833 1537 4913 recipere

298 4947 433 5016 valeant,
455 4949 488 5005 et
509 4943 542 5002 in
563 4963 640 5003 usus
658 4942 816 5023 predictos
844 4941 1006 5020 perpetuis
1033 4945 1066 5000 01
1086 4939 1201 5000 futuris
1220 4938 1414 5018 temporibus
1435 4939 1536 5018 possi-

298 5053 371 5114 dere
394 5051 569 5113 secundum
588 5048 802 5129 predictarum
821 5047 999 5107 litterarum
1023 5045 1266 5125 apostolicarum
1292 5044 1485 5123 exigenciam
1503 5051 1537 5107 et
