3850 5917
409 670 468 730 330
783 668 962 747 Rapistram
989 667 1055 728 Acte
1082 667 1120 728 de
1149 666 1273 727 Orletoa

239 926 296 967 M>-
311 926 367 965 ¹³²⁵·
409 921 491 981 iriae
511 920 667 980 13.—The
688 919 807 998 Bishop
827 918 1036 981 commissiones
1061 917 1202 977 Wiltiam
1221 916 1258 977 de
1279 916 1450 995 Foroahope
1472 923 1501 975 to
1522 915 1644 993 inquire

532 1000 597 1061 into
627 1001 675 1061 the
702 1020 837 1077 oacaaay
865 999 901 1059 ia
925 1000 974 1060 the
1004 998 1128 1060 Obareis
1151 998 1187 1076 of
1211 997 1357 1076 Barsord,
1384 1004 1413 1057 to
1437 1018 1457 1057 a
1477 996 1644 1075 prehendat

527 1081 652 1160 portion
672 1082 708 1141 in
725 1080 826 1141 which
840 1080 982 1141 Richard
998 1079 1106 1141 Talbot
1121 1078 1176 1139 has
1188 1077 1348 1157 presented
1363 1077 1446 1138 Jota
1459 1077 1496 1137 de
1511 1076 1642 1136 Ellcker.

492 1237 685 1296 Mannarau
720 1253 762 1294 an
794 1252 1027 1304 ruoumannmr
1055 1252 1161 1295 socan
1194 1252 1375 1294 vacncrona
1406 1251 1576 1293 Ponerorus
1603 1250 1646 1290 na

411 1340 910 1400 Buaaroann.—Memorandum
932 1339 1016 1419 quod
1052 1339 1120 1418 xiij⁰
1155 1338 1205 1399 die
1233 1339 1351 1399 mensis
1375 1338 1463 1398 iunii
1501 1338 1647 1397 dominus

411 1446 589 1525 Episcopus
620 1444 782 1505 mandavit
810 1444 961 1524 magistro
990 1444 1040 1504 W.
1069 1444 1108 1505 dc
1130 1444 1316 1523 Fowehope,
1346 1443 1569 1504 Oommissario
1590 1463 1647 1503 suo

410 1550 556 1630 generali,
579 1550 860 1629 adinquirendum
883 1570 978 1629 super
998 1550 1166 1612 vocacione
1192 1550 1226 1609 in
1257 1550 1389 1611 eeclesia
1408 1550 1447 1610 de
1466 1549 1648 1619 Bureiorde,

411 1662 443 1717 et
472 1656 583 1717 ceteris
619 1655 758 1715 articulis
795 1655 909 1715 debitis
947 1661 980 1715 et
1018 1656 1187 1726 consuetis,
1228 1656 1267 1715 ad
1300 1676 1395 1735 quam
1423 1655 1549 1735 quidem
1578 1676 1647 1733 por-

411 1762 533 1823 cionem
566 1762 712 1821 dominus
740 1761 893 1821 Ricardus
928 1760 1067 1831 TaIebot,
1108 1760 1255 1821 dominus
1290 1761 1329 1821 de
1365 1761 1477 1822 Castro
1512 1760 1648 1828 Ricardi,

412 1868 576 1928 dominum
604 1858 784 1927 iohannem
818 1866 856 1926 dc
885 1865 1019 1937 Elleker,
1049 1865 1206 1938 clericum,
1234 1866 1436 1945 presentavit.
1493 1866 1538 1925 Et
1565 1866 1648 1945 quod

412 1975 495 2034 idem
524 1972 766 2034 Commissarius
799 1973 984 2033 rescriberet
1012 1972 1086 2053 quid
1111 1992 1167 2051 per
1199 1973 1438 2053 inquisicionem
1468 1972 1650 2050 hujusmodi

412 2079 575 2140 inveniret.

414 2309 496 2370 darre
519 2308 676 2368 ra-rha
700 2306 818 2386 Biahop
843 2306 1052 2367 compassione
1080 2306 1222 2367 William
1243 2308 1279 2368 de
1302 2307 1460 2376 Breiatoa,
1484 2308 1595 2369 Rector
1618 2311 1655 2388 os

536 2388 720 2467 Mordz'sord,
757 2396 786 2448 to
821 2387 943 2465 inquire
979 2387 1044 2447 iata
1080 2387 1129 2447 the
1163 2388 1330 2467 comptaiat
1364 2390 1399 2468 os
1438 2390 1561 2460 Walter,
1602 2390 1652 2450 the

539 2470 695 2548 Ohaplaia
726 2469 761 2547 of
788 2467 1003 2547 Haipbtiaton,
1036 2467 1113 2540 that,
1144 2468 1231 2529 roten
1263 2468 1298 2529 tae
1328 2489 1392 2530 was
1423 2470 1568 2548 carrying
1600 2470 1651 2531 the

536 2556 706 2611 sacrament
734 2557 763 2609 to
801 2570 821 2609 a
848 2548 915 2609 sicle
937 2568 1051 2628 persora
1077 2548 1113 2608 ia
1141 2549 1190 2609 the
1220 2549 1343 2609 Choreb
1370 2551 1406 2629 os
1436 2550 1530 2621 Book,
1568 2551 1653 2611 John

538 2631 671 2771 gordon,
696 2629 794 2691 called
819 2630 865 2690 De
891 2630 922 2689 la
944 2630 1044 2700 erae,
1069 2650 1090 2690 a
1109 2630 1218 2710 priest,
1241 2630 1303 2691 raa
1325 2630 1471 2709 omleatlp
1493 2632 1651 2693 assaatted

560 2732 611 2771 ara.

497 2854 679 2916 Conrarssm
700 2871 743 2911 an
764 2870 997 2922 mormannum
1018 2870 1062 2912 na
1084 2871 1258 2915 Vloanucra
1277 2872 1379 2916 sacre
1399 2874 1654 2918 rnasnrrano—

416 2959 525 3029 Adam,
565 2964 634 3029 cta,
672 2959 807 3019 discreto
840 2958 916 3030 viro,
953 2959 1081 3040 filioque
1121 2960 1155 3019 in
1197 2960 1323 3021 Christo
1364 2962 1488 3034 dilecto,
1525 2964 1654 3025 domino

416 3042 575 3123 Willelmo
614 3064 653 3122 de
690 3063 883 3142 Breyntone,
920 3064 1048 3125 Rectori
1083 3066 1214 3126 ecclesie
1243 3065 1280 3127 de
1317 3067 1507 3140 Mordeiord,
1546 3076 1654 3131 nostre

415 3168 558 3241 diocesia
590 3169 734 3240 salutem,
771 3174 831 3229 ete.
894 3170 1060 3244 Querelam
1092 3171 1211 3231 domini
1246 3173 1388 3246 Walteri,
1425 3156 1577 3254 capellahi
1614 3177 1654 3237 de

417 3275 657 3355 Huythindone,
687 3276 862 3356 recepimus
890 3277 1106 3337 continentem
1129 3277 1212 3357 quod
1246 3298 1318 3339 cum
1346 3280 1413 3359 ipse
1441 3302 1542 3361 nuper
1572 3289 1650 3343 tem·

416 3402 491 3463 pore
507 3381 642 3451 hiemali,
665 3382 801 3461 quodam
816 3380 874 3452 die,
890 3382 962 3443 nive
983 3382 1021 3444 de
1041 3383 1108 3444 celo
1127 3383 1268 3455 cadente,
1283 3384 1316 3443 in
1336 3386 1468 3446 ecclesia
1483 3388 1653 3466 parochiali

417 3490 455 3549 de
484 3488 560 3558 Aka,
589 3492 696 3547 nostre
717 3487 859 3558 diocesis,
886 3487 917 3546 in
947 3507 1010 3567 qna
1038 3494 1113 3549 tunc
1143 3490 1351 3562 ministrabat,
1377 3494 1499 3572 Corpus
1524 3496 1654 3555 Domini

418 3594 458 3653 ad
485 3593 640 3673 quendam
665 3592 823 3653 infirmum
846 3593 1049 3655 deferendum
1078 3596 1137 3655 suh
1159 3597 1295 3676 epilogio
1323 3599 1502 3678 recepisset,
1526 3602 1653 3680 quidam

417 3699 579 3761 Johannes
601 3698 761 3768 Gordoun,
790 3699 893 3760 dictus
922 3700 960 3760 de
988 3700 1019 3760 la
1047 3700 1170 3772 Olouse,
1198 3702 1361 3781 presbiter,
1390 3707 1515 3784 proprie
1543 3708 1654 3769 salutis

418 3806 591 3874 immemor,
622 3804 681 3865 Dei
718 3804 829 3865 timore
865 3806 1052 3885 postposito,
1088 3806 1218 3886 Corpori
1255 3807 1373 3870 Christi
1409 3831 1466 3871 seu
1500 3812 1569 3874 loco
1597 3834 1653 3875 seu

419 3912 572 3972 sacerdoti
593 3910 669 3970 illud
684 3910 836 3972 deferenti
854 3912 983 3973 minime
997 3913 1150 3984 deferens,
1165 3914 1198 3973 in
1213 3914 1318 3994 ipsum
1332 3916 1450 3976 dictum
1467 3920 1653 3991 Walterum,

418 4037 513 4097 quem
533 4017 680 4096 primitus
709 4016 811 4077 verbis
833 4019 1069 4079 contumeliosis
1098 4026 1131 4080 et
1152 4021 1302 4081 conviciis
1325 4042 1389 4081 non
1413 4024 1537 4085 erubuit
1558 4026 1654 4087 laces-

420 4122 489 4191 sire,
512 4140 625 4181 manus
646 4121 755 4200 injecit
777 4126 894 4182 temere
915 4121 1079 4194 violentas,
1101 4128 1230 4203 propter
1253 4125 1336 4203 quod
1359 4146 1423 4186 non
1451 4132 1500 4187 est
1524 4128 1653 4189 dubium

419 4230 523 4310 ipsum
558 4228 751 4288 sentenciam
795 4228 922 4307 majoris
957 4229 1296 4290 excommunicacionis
1339 4251 1358 4290 a
1399 4252 1519 4294 canons
1557 4234 1652 4295 letam

420 4333 662 4413 dampnabiliter
688 4333 865 4394 incurrisse.
916 4334 1070 4413 Idemque
1097 4334 1261 4396 lohannes
1290 4336 1335 4396 sie
1364 4341 1654 4403 excommunicatus

419 4438 534 4501 divinis
569 4458 603 4501 se
637 4439 817 4510 immiscuit,
850 4458 946 4519 agens
977 4440 1010 4499 in
1045 4440 1147 4501 officio
1178 4441 1260 4501 sicut
1290 4442 1387 4520 prius,
1419 4444 1656 4524 irregularitatis

420 4550 497 4606 nota
511 4550 629 4606 temere
646 4564 680 4605 se
701 4544 873 4606 involvens.
916 4546 1069 4619 Quocirca
1089 4545 1147 4606 tibi
1168 4547 1397 4608 committimus
1418 4554 1450 4609 et
1469 4552 1657 4613 mandamus

421 4651 569 4731 quatinus
591 4650 768 4709 addictam
790 4651 954 4711 eeclesiam
983 4652 1022 4712 de
1044 4652 1111 4711 Ake
1130 4652 1337 4731 personaliter
1358 4654 1518 4726 accedens,
1536 4658 1656 4719 vocatis

420 4755 572 4837 partibus,
594 4754 733 4835 inquiras
755 4755 919 4835 diligenter
939 4776 996 4835 per
1017 4758 1087 4818 illos
1118 4776 1175 4836 per
1205 4778 1284 4837 quos
1306 4759 1422 4820 veritas
1444 4762 1556 4824 melius
1584 4766 1656 4825 sciri

422 4866 526 4941 potest
548 4861 587 4922 de
614 4860 776 4940 premissis
803 4862 949 4923 omnibus
972 4868 1004 4923 et
1035 4862 1167 4941 singulis
1195 4864 1370 4924 veritatem.
1427 4866 1470 4925 Et
1505 4868 1580 4947 quid
1601 4890 1659 4949 per

422 4966 671 5046 inquisicionem,
704 4971 763 5026 etc.
820 4967 938 5026 Datum
961 4968 1044 5046 apud
1075 4967 1334 5048 Sehenyngtelde,
1358 4970 1437 5050 xiiij⁰
1467 4972 1518 5033 die
1539 4975 1659 5037 mensis

422 5072 519 5144 Junii,
541 5092 624 5133 anno
645 5072 775 5133 Domini
796 5071 1016 5147 M⁰OOO⁰xxv⁰,
1041 5079 1101 5135 etc
