3850 5917
714 710 866 790 Episcopi
893 710 1137 791 Hcrasordcnsia.
1484 715 1543 774 211

122 941 187 981 M>-
204 941 264 981 Μ
306 936 402 1008 modi,
427 941 464 996 ut
484 936 665 1016 predicitur,
693 935 844 1007 faciende,
872 935 1126 1007 examinandum,
1151 942 1184 998 et
1208 937 1357 998 canonice
1380 944 1544 1017 acceptan-

308 1043 384 1102 dum
407 1042 543 1113 easdem,
566 1061 604 1102 ac
624 1041 894 1121 permutacionem
915 1041 1097 1119 hujusmodi
1118 1040 1303 1113 faciendam,
1328 1047 1484 1122 quatenus
1506 1043 1545 1103 ad

307 1168 367 1209 nos
397 1148 545 1227 pertinet,
572 1147 662 1228 juxta
689 1147 873 1208 sanccionee
904 1147 1072 1208 canonicas
1103 1145 1347 1227 approbandam,
1380 1153 1412 1208 et
1443 1148 1476 1207 in
1507 1168 1546 1209 eo

308 1258 426 1314 eventu
463 1253 491 1314 si
526 1253 773 1334 permutacionis
806 1272 918 1313 causas
952 1252 1110 1332 predictas
1138 1251 1289 1313 duxeritis
1317 1252 1544 1332 approbandae,

306 1359 466 1438 prelatum
480 1360 531 1419 W.
553 1361 591 1421 de
605 1359 652 1419 M.
667 1359 707 1419 ad
728 1359 845 1419 dictam
861 1359 1008 1420 moenam
1030 1359 1069 1419 de
1086 1359 1257 1430 Bourtone,
1275 1365 1382 1421 nostre
1401 1359 1543 1432 diocesia,

306 1465 347 1524 ad
367 1465 640 1545 presentacionem
660 1465 786 1545 patroni
804 1465 913 1545 ipsius,
928 1470 1055 1544 recepta
1075 1465 1162 1544 prius
1176 1485 1233 1544 per
1253 1486 1309 1526 vos
1330 1466 1544 1546 resignacione

310 1570 418 1630 vicarii
446 1571 590 1649 ejusdem
618 1572 778 1642 canonica,
807 1571 834 1632 si
864 1570 954 1632 vobis
982 1571 1087 1633 oblata
1114 1571 1217 1642 fuerit,
1246 1572 1486 1644 admittendum,
1511 1579 1544 1635 et

305 1675 457 1736 vicarium
478 1682 676 1756 perpetuum,
695 1697 768 1737 cum
787 1696 882 1738 onere
901 1676 1109 1756 personaliter
1128 1678 1327 1738 ministrandi
1346 1685 1379 1740 et
1395 1681 1545 1742 continue

307 1781 474 1852 residendi,
514 1782 664 1843 canonice
698 1782 928 1842 instituendum
963 1782 996 1841 in
1035 1801 1080 1854 ea,
1117 1783 1283 1844 reservatis
1318 1784 1409 1846 nobis
1444 1786 1545 1866 ipsius

305 1887 457 1950 Wilielmi
494 1889 533 1948 de
570 1888 614 1948 M.
645 1888 797 1949 canonica
827 1887 1017 1958 obediencia,
1050 1893 1082 1950 et
1113 1888 1298 1950 induccione
1337 1889 1480 1969 ejusdem
1511 1892 1543 1952 in

191 2050 199 2061 ,
257 2048 263 2059 ,
304 1994 499 2074 corporalem
519 1993 750 2074 possessionem
772 1994 855 2054 dicte
885 1994 1001 2055 vicarie
1032 1995 1070 2054 de
1101 1995 1272 2066 Bourtone,
1302 2002 1396 2075 prout
1417 1997 1545 2077 dejure

303 2101 408 2170 fuerit,
430 2099 581 2171 iacienda,
602 2100 687 2160 vices
711 2104 837 2160 nostras
856 2100 1086 2161 committimus
1114 2121 1172 2180 per
1185 2108 1372 2181 presentes,
1397 2110 1544 2184 rogantes

308 2211 465 2278 qnatenus
486 2205 525 2267 de
545 2225 695 2285 processu
726 2211 831 2266 vestro
862 2205 895 2265 in
919 2205 980 2266 hac
1010 2212 1099 2285 parte
1130 2207 1275 2268 habendo
1305 2228 1364 2269 nos
1395 2229 1452 2289 per
1474 2231 1542 2290 pre-

305 2314 428 2374 dictum
456 2312 650 2374 Willelmnm
671 2313 710 2373 de
732 2312 776 2371 M.
802 2310 906 2373 velitis
927 2331 983 2392 per
1003 2311 1124 2373 litteras
1165 2318 1296 2384 vestras,
1321 2319 1390 2386 etc..
1415 2315 1544 2377 reddere

304 2420 466 2480 cerciores.
519 2419 559 2478 In
588 2418 674 2479 omni
711 2417 919 2497 prosperitate
954 2417 1077 2479 diutina
1108 2423 1141 2478 et
1174 2419 1280 2479 votiva
1314 2419 1418 2499 vigeat
1455 2421 1543 2483 vobis

304 2525 399 2586 salus.
455 2526 576 2585 Datum
605 2525 689 2604 apud
710 2524 904 2595 Nettleham,
924 2525 971 2602 vj⁰
991 2524 1069 2584 Idus
1092 2524 1284 2596 Decembris,
1306 2545 1389 2586 anno
1414 2527 1543 2588 Domini

301 2631 516 2711 Mroccaxja

387 2754 523 2816 Preiatis
542 2753 639 2834 igitur
657 2753 801 2832 partibus
819 2752 853 2812 in
873 2758 983 2814 nostra
1003 2753 1166 2832 presencia
1193 2753 1384 2825 constitutis,
1406 2755 1541 2836 resigna·

303 2861 411 2922 ciones
424 2861 580 2921 dictorum
594 2859 826 2931 beneficiorum,
841 2879 879 2920 ex
900 2859 1004 2920 causis
1015 2859 1274 2939 permutacionis,
1290 2865 1326 2921 ut
1339 2861 1543 2939 premittitur,

303 2966 457 3038 faciende,
489 2986 568 3046 quas
595 2971 747 3046 tanquam
767 2964 924 3046 legitimas
958 2965 1210 3045 approbavimus,
1239 2966 1278 3026 ab
1309 2966 1355 3028 eis
1392 2967 1542 3028 canonice

304 3073 414 3144 factus,
443 3073 476 3132 in
497 3072 598 3134 forma
631 3073 711 3152 juris
738 3072 972 3151 acceptavimus
1006 3071 1074 3132 vice
1104 3076 1210 3132 vestra
1238 3077 1333 3152 atque
1363 3078 1480 3144 nostra,
1509 3079 1543 3135 et

303 3178 462 3258 prelatum
483 3178 534 3239 W.
563 3177 602 3238 de
624 3178 678 3249 M,
699 3177 919 3257 presbiterum,
940 3177 981 3237 ad
1004 3176 1153 3237 vicariam
1174 3177 1213 3238 de
1244 3177 1416 3248 Bourtone,
1438 3185 1541 3240 vestre

302 3283 437 3345 diocesis
453 3283 601 3363 predicte,
621 3284 661 3343 ad
678 3283 949 3362 presentacionem
966 3283 1182 3363 religiosorum
1197 3283 1344 3356 virorum,
1360 3284 1490 3346 Abbatis
1509 3291 1542 3346 et

306 3391 490 3452 Conventus
514 3391 668 3470 Oseneye,
689 3390 773 3451 dicte
800 3396 903 3451 vestre
925 3389 1067 3460 diocesis,
1092 3410 1237 3451 verorum
1258 3391 1400 3471 ejusdem
1428 3392 1542 3452 vicarie

278 3502 519 3575 patronorum,
550 3515 630 3576 quos
649 3515 707 3575 per
734 3495 975 3575 inquisicionem
1005 3515 1099 3574 super
1126 3496 1266 3556 articulis
1294 3498 1454 3558 consuetis
1485 3518 1542 3577 per

304 3602 477 3664 discretum
497 3601 600 3662 virum
628 3601 802 3662 Officialem
823 3601 942 3662 domini
967 3601 1187 3662 Archidiaconi
1208 3602 1396 3664 Oxoniensis
1414 3603 1540 3676 iactam,

304 3709 462 3788 prelatum
487 3709 658 3788 Hngonem
682 3707 722 3768 ad
746 3707 863 3768 dictam
885 3707 1033 3767 vicariam
1062 3707 1240 3769 invenimus
1264 3709 1376 3769 ultimo
1400 3716 1540 3788 present-

303 3834 384 3887 aeee,
406 3817 495 3892 juxta
515 3812 648 3873 formam
670 3812 902 3873 commissionis
922 3816 1026 3873 vestre
1047 3813 1186 3892 predicte
1207 3813 1400 3884 admisimus,
1421 3815 1539 3893 ipsum-

303 3940 366 3999 que
387 3924 492 3980 vestra
522 3918 710 3979 auctoritate
737 3918 889 3979 vicarium
912 3924 1101 3998 perpetuum
1128 3919 1325 3980 instituimus
1360 3919 1392 3978 in
1420 3920 1540 3992 eadem,

302 4026 487 4088 canonicam
514 4025 729 4086 obedienciam
760 4043 884 4086 necnon
913 4024 1131 4085 induccionem
1153 4025 1295 4104 ejusdem
1325 4026 1476 4087 Willelmi
1506 4027 1539 4087 in

304 4132 496 4212 corporalem
525 4131 758 4212 possessionem
778 4131 862 4191 dicte
885 4130 1000 4191 vicarie
1022 4137 1125 4192 vestre
1152 4114 1335 4211 paternitati
1363 4133 1541 4211 specialiter

303 4240 501 4310 reservando,
537 4237 699 4299 humiliter
738 4236 953 4316 supplicantes
994 4241 1150 4316 quatenus
1187 4257 1225 4298 ea
1262 4257 1323 4317 que
1365 4237 1450 4299 dicto
1488 4238 1538 4300 W.

305 4345 421 4406 desunt
449 4345 482 4404 in
514 4344 574 4405 hac
602 4348 692 4422 parte
721 4343 867 4422 supplere
891 4342 995 4402 velitis
1023 4362 1095 4402 cum
1122 4343 1226 4422 gracia
1260 4349 1292 4404 et
1320 4343 1433 4406 lavore.
1490 4345 1539 4404 Ad

302 4451 433 4512 ecclesie
453 4471 511 4512 sue
530 4451 670 4530 regimen
687 4469 743 4511 vos
762 4454 926 4510 conservet
940 4449 1122 4510 Altissimus
1143 4469 1199 4528 per
1220 4455 1362 4529 tempora
1381 4451 1537 4512 diuturna.

303 4558 423 4618 Datum
445 4557 527 4638 apud
549 4556 749 4636 Prestebury,
763 4557 831 4635 viij⁰
851 4555 902 4618 die
923 4555 1044 4627 Marcii,
1066 4576 1149 4616 anno
1171 4556 1301 4617 Domini
1322 4558 1510 4638 supradicto.

307 4780 388 4840 Mar.
414 4779 671 4841 8.-Inatr'tatioa
694 4779 729 4858 of
756 4733 897 4838 William
923 4777 961 4838 da
988 4777 1174 4838 Mochwolna
1197 4785 1225 4838 to
1255 4777 1303 4837 tha
1335 4777 1480 4855 Vicaraqa
1507 4777 1543 4857 os

427 4860 794 4939 Boartorr-by-Bamptoa.

386 5016 576 5077 Iusrrrucro
610 5031 733 5075 viciari
767 5033 812 5073 nn
839 5013 1020 5074 Bouaroua
1057 5013 1310 5073 L1uconu1nus1s
1341 5029 1539 5072 mucosis.-

304 5122 417 5192 Adam,
441 5127 512 5193 etc,
536 5121 651 5182 dilecto
674 5121 708 5180 in
729 5120 856 5181 Christo
874 5119 940 5180 filio
960 5119 1120 5180 Willelmo
1140 5120 1179 5179 de
1201 5117 1389 5188 Mochwoln,
1410 5119 1536 5198 presby-
