3850 5917
693 690 845 772 Episcopi
871 691 1115 772 Hcrqfordonaic.
1461 697 1520 759 131

132 944 182 984 A-D-
195 946 247 985 Μ
288 937 382 1018 April
408 937 716 1017 22.-Bercnpariuc‚
744 938 863 1018 Biabop
885 940 921 1019 os
947 939 1122 1012 Tuscabam,
1151 917 1298 1002 imtrccts
1328 941 1376 1002 the
1404 941 1524 1022 Biahop

146 1266 188 1306 rot
199 1267 230 1306 ὃ.

409 1020 445 1098 os
468 1019 620 1098 Hercford
649 1026 679 1080 to
704 1020 830 1098 ercquirc
854 1019 921 1081 into
949 1020 999 1081 ihc
1023 1033 1098 1082 oaac'
1114 1022 1149 1101 os
1173 1021 1257 1082 John
1282 1021 1320 1083 dc
1347 1023 1521 1095 Kclmsoott,

412 1099 505 1162 Vioar
524 1101 560 1180 of
577 1099 690 1162 Ditton
710 1099 829 1172 Priora,
851 1100 918 1162 who
939 1101 995 1162 lca
1018 1100 1112 1162 killed
1132 1121 1153 1162 o
1172 1122 1247 1163 moa
1267 1103 1303 1163 ia
1322 1104 1522 1184 sels-deferrer.

369 1243 516 1304 Lru'rraa
538 1261 657 1304 nounu
679 1243 717 1303 B.
743 1244 899 1304 Ecrscorr
923 1243 1112 1304 Tusounaru
1136 1261 1198 1304 nno
1221 1262 1346 1306 noumo
1368 1246 1522 1306 Jouarvun

284 1366 330 1409 ns
352 1349 578 1421 Kmussoorn,
598 1367 730 1410 vroasro
761 1367 919 1410 sconsam
951 1368 996 1409 ns
1028 1331 1463 1414 Dorivuroru.—Venerabili
1488 1353 1520 1412 in

288 1455 418 1517 Christo
445 1456 537 1535 patri,
567 1455 627 1517 Dei
651 1455 756 1536 gracia
785 1455 945 1535 Episcopo
980 1449 1215 1528 Herefordensi,
1236 1456 1286 1518 vel
1314 1457 1383 1537 ejus
1406 1457 1523 1520 vicario

286 1561 321 1621 in
345 1561 571 1641 spiritualibus,
596 1561 815 1641 Berengarius,
844 1553 1050 1622 miseracione
1074 1561 1181 1622 divina
1204 1563 1382 1643 Episcopus
1404 1563 1521 1626 Tuscu·

283 1667 386 1739 lanus,
410 1666 547 1728 sulutem
584 1672 618 1728 et
651 1667 808 1731 sinceram
845 1666 878 1726 in
907 1667 1045 1728 Domino
1084 1667 1256 1728 caritatem.
1313 1669 1394 1743 Quia
1431 1669 1523 1730 nobis

285 1773 451 1834 lohannes
474 1773 517 1834 de
545 1772 751 1853 Kylmiscote‚
778 1777 950 1852 perpetuus
971 1772 1107 1834 vicarius
1128 1773 1259 1835 ecclesie
1286 1774 1325 1836 de
1353 1774 1523 1854 Dodytone

282 1877 403 1940 Prioris
439 1883 543 1941 vestre
580 1878 722 1951 diocesis,
753 1878 835 1939 lator
867 1869 1076 1958 presencium,
1108 1879 1299 1959 peticionem
1333 1879 1522 1941 monstravit

282 1985 377 2065 quod,
399 1985 562 2064 cumipse
585 1984 661 2045 olim
684 1985 723 2046 de
744 1985 879 2064 quodam
898 1984 968 2046 loco
996 1985 1131 2046 honesto
1148 2005 1257 2047 versus
1282 1986 1411 2046 domum
1431 2007 1520 2047 suam

282 2091 449 2170 equitaret,
480 2089 619 2151 obviavit
641 2089 746 2152 subito
778 2089 903 2150 cuidam
927 2089 1008 2150 laico
1038 2090 1166 2151 inimico
1196 2111 1253 2153 suo
1284 2112 1357 2152 cum
1387 2097 1523 2172 quatuor

282 2195 468 2257 mulieribus
496 2195 679 2268 ambulanti,
708 2196 762 2276 qui
789 2196 898 2257 statim
926 2197 1048 2258 elevato
1076 2196 1187 2259 baculo
1218 2197 1338 2258 dictum
1369 2198 1520 2259 vicarium

281 2321 379 2381 supra
411 2306 507 2381 caput
535 2301 699 2382 percussit,
717 2352 719 2356 .
735 2322 771 2363 ac
799 2302 861 2364 due
895 2323 933 2364 ex
969 2302 1063 2364 dictis
1100 2302 1284 2365 mulieribus
1311 2302 1521 2364 incontinenti

283 2425 400 2468 manus
422 2407 599 2486 injecerunt
615 2405 648 2466 in
666 2407 801 2469 eundem
823 2408 974 2469 vicarium
996 2408 1160 2479 violentas,
1182 2429 1299 2488 equum
1319 2429 1376 2488 per
1397 2408 1520 2469 frenum

280 2512 444 2591 capiendo,
480 2516 513 2573 et
550 2511 700 2573 vicarium
738 2512 843 2593 ipsum
881 2511 1081 2593 aliquomodo
1119 2533 1183 2574 non
1218 2513 1376 2574 valentem
1414 2512 1521 2594 lugere

280 2618 443 2680 maliciose
470 2618 682 2680 detinuerunt.
739 2619 784 2679 Et
805 2619 881 2679 dum
908 2619 1017 2682 abeis
1044 2620 1090 2680 sio
1117 2625 1202 2682 esset
1229 2621 1386 2692 detentus,
1414 2620 1519 2699 ipsum

279 2723 386 2785 dietus
420 2723 519 2784 laicus
552 2723 669 2803 pluries
686 2758 688 2762 ·
705 2725 871 2804 percussit,
909 2728 942 2786 et
974 2725 1111 2804 graviter
1144 2724 1225 2786 lesit.
1281 2725 1422 2786 Tandem
1445 2746 1520 2787 vero

281 2829 387 2890 dictus
418 2829 563 2901 vicarius,
594 2835 689 2909 prout
718 2829 832 2910 potuit,
868 2830 907 2891 de
935 2850 1016 2910 equo
1052 2831 1223 2902 descendit,
1252 2851 1289 2891 ac
1316 2831 1427 2892 videns
1460 2830 1520 2892 sibi

279 2932 417 2988 mortem
452 2927 592 2997 iminerc‚
627 2932 764 3001 ctu-eam
799 2926 899 2989 vitare
930 2927 1048 3000 volens,
1081 2948 1153 2988 oum
1178 2928 1314 3008 quodam
1337 2927 1463 2989 cultello
1484 2948 1519 2989 se

265 3023 477 3109 defendendo
505 3024 625 3084 dictum
652 3023 768 3084 laicum
788 3025 988 3104 repercussit,
1017 3023 1071 3105 qui
1100 3024 1133 3084 in
1162 3024 1247 3085 brevi
1276 3025 1315 3086 de
1343 3025 1430 3086 illato
1458 3025 1520 3086 sibi

280 3120 465 3202 hujusmodi
492 3121 621 3182 vulnere
652 3121 814 3201 expiravit,
836 3121 920 3181 dioto
948 3121 1064 3182 vicario
1096 3121 1173 3182 ulies
1194 3121 1228 3180 in
1259 3126 1393 3182 mortem
1418 3121 1519 3201 ipsius

278 3239 343 3280 non
376 3219 472 3280 dante
502 3218 701 3279 occasionem
728 3219 778 3279 vel
806 3237 943 3289 causam,
976 3223 1024 3279 set
1056 3218 1095 3279 de
1122 3217 1222 3297 ipsius
1244 3223 1345 3279 morte
1373 3218 1458 3279 dolet
1486 3223 1519 3280 st

280 3314 382 3377 doluit
419 3315 630 3377 vehementer.
682 3315 801 3376 Verum
821 3312 917 3375 ¹'licet
950 3315 1180 3376 conscienciam
1217 3320 1337 3376 asserat
1372 3315 1445 3376 inde
1483 3335 1519 3377 se

279 3411 396 3474 habere
421 3412 585 3482 sinceram,
608 3416 716 3473 tamen
744 3431 785 3472 ne
809 3412 880 3492 quis
906 3412 1029 3474 emulus
1054 3432 1091 3473 cx
1115 3412 1175 3473 hoo
1200 3411 1233 3471 in
1262 3431 1335 3472 eum
1359 3412 1441 3472 labia
1465 3413 1516 3474 de-

280 3509 449 3571 truccionis
470 3509 600 3589 aperiat,
624 3509 814 3588 supplicavit
841 3508 901 3570 sibi
921 3529 1017 3589 super
1040 3509 1102 3570 biis
1123 3501 1162 3570 de
1194 3514 1351 3590 oportuno
1379 3509 1518 3570 remedio

277 3627 334 3686 par
375 3606 490 3668 Sadem
521 3604 735 3685 Apostolicam
760 3601 1004 3667 misericorditer
1037 3605 1203 3687 provideri.
1259 3605 1308 3666 Ad
1332 3627 1388 3667 vos
1413 3607 1515 3686 igitur,

277 3705 331 3783 qui
354 3704 394 3764 de
431 3702 516 3764 iacto
546 3708 579 3764 et
607 3702 682 3763 lacti
710 3703 959 3764 circumstanciia
997 3702 1112 3764 habere
1139 3702 1284 3782 poteritis
1312 3703 1344 3762 in
1374 3703 1517 3783 partibus

277 3801 340 3862 illis
361 3800 512 3861 noticiam
536 3799 718 3881 pleniorem,
749 3800 901 3861 vicarium
932 3800 1131 3862 remittentes
1166 3800 1300 3861 eundem
1329 3801 1517 3862 auctoritate

278 3897 405 3960 domini.
428 3898 525 3977 Papo,
554 3897 644 3977 cujus
675 3897 899 3976 penitenciarie
937 3917 1044 3957 curam
1077 3896 1224 3977 gerimus,
1252 3901 1356 3958 vestre
1384 3897 1515 3957 circum-

277 3995 438 4075 speccioni
475 3994 713 4066 committimus,
745 3994 887 4074 qualiter,
919 3994 1071 4074 inquisita
1102 4012 1195 4073 super
1229 3993 1292 4054 hiis
1333 3993 1517 4074 diligencius

277 4092 421 4162 veritate,
457 4091 485 4152 si
522 4110 589 4151 rem
617 4091 801 4152 inveneritis
843 4090 888 4151 ita
928 4110 1008 4162 esse,
1040 4090 1186 4170 aliudque
1222 4091 1408 4150 canonicum
1450 4111 1515 4152 non

277 4189 423 4260 obsistat,
452 4208 516 4248 non
537 4187 729 4267 permittatis
761 4207 833 4248 eum
865 4187 1020 4267 impediri,
1052 4207 1110 4248 nec
1135 4187 1314 4267 impediatis
1345 4186 1385 4248 ob
1406 4208 1514 4248 casum

277 4286 465 4366 predictum,
504 4285 674 4365 quominus
712 4284 798 4346 licite
835 4285 937 4364 possit
975 4289 1011 4344 ut
1048 4284 1136 4366 prius
1174 4283 1207 4343 in
1249 4285 1314 4345 suis
1352 4285 1515 4346 ordinibus

279 4368 468 4443 ministrare.
522 4383 641 4442 Datum
673 4380 836 4453 Avinione
868 4391 901 4440 1⁰
932 4381 1003 4442 Kal.
1035 4381 1123 4453 Maii,
1156 4380 1364 4442 Pontificatus
1395 4381 1515 4443 domini

278 4479 435 4540 lobannis
454 4479 541 4558 Papo
561 4478 663 4537 XXII
688 4499 771 4540 anno
799 4483 920 4559 quarto

279 4683 356 4762 May
388 4683 521 4774 rura
550 4680 678 4823 resep,
708 4704 743 4744 a
775 4683 891 4774 sperat
920 4702 1014 4761 envoy
1045 4684 1080 4762 of
1108 4682 1158 4743 tra
1187 4681 1272 4761 req
1299 4689 1333 4742 at
1363 4663 1515 4775 avam,

401 4783 528 4825 roeccvcc
547 4765 623 4844 soar
669 4764 788 4824 cudred
805 4764 918 4843 floriac
941 4764 1027 4843 from
1051 4763 1100 4824 the
1118 4763 1195 4842 firm
1217 4764 1253 4843 of
1274 4762 1323 4823 llic
1346 4763 1457 4834 Barda,
1484 4771 1513 4825 to

402 4845 437 4906 bc
459 4844 569 4925 rcpoid
593 4845 631 4923 by
656 4845 706 4906 the
729 4845 814 4924 Kinp
837 4845 873 4905 ia
895 4844 1035 4906 Londoa.
1138 4869 1140 4876 ’

361 4992 509 5052 errnsa
523 5009 726 5051 narremus
744 5009 945 5051 sucurram
966 4991 1070 5051 Curua
1089 5009 1109 5050 a
1129 5007 1304 5051 socmrarn
1324 5007 1368 5048 nn
1387 4988 1510 5050 Barna

280 5088 435 5153 Noverint
460 5088 600 5150 universi
627 5105 683 5168 per
702 5094 865 5168 presentes
889 5089 975 5169 quod
1001 5108 1059 5149 nos
1087 5088 1197 5159 Adam,
1222 5093 1291 5158 etc,
1320 5086 1511 5173 serenissimi
