3850 5917
400 676 460 736 170
774 676 954 755 Registram
981 675 1047 737 Ado
1074 675 1111 736 de
1141 674 1265 736 Orlatoa

225 903 283 943 bl>-
298 903 355 944 ¹³²⁰·
397 900 533 961 corditer
553 901 752 980 dispensetis.
795 903 916 963 Datum
930 902 1094 974 Avinionc,
1117 901 1173 979 xij⁰
1193 900 1263 962 Kal.
1286 899 1484 971 Novembris,
1506 899 1638 960 Pontifi·
1828 876 1834 977 l

397 1011 487 1066 catus
501 1007 621 1092 domini
635 1008 792 1070 Johannis
809 1010 896 1089 Pape
912 1009 1014 1068 XXII
1032 1028 1116 1068 anno
1133 1007 1252 1088 quinto.
1295 1007 1436 1081 Quarum
1451 1005 1639 1066 auctoritate

396 1110 574 1172 litterarum
608 1113 851 1192 inquisicionem
880 1134 976 1194 super
1006 1113 1169 1194 premissis
1197 1112 1330 1174 fecimus
1358 1112 1550 1191 diligentem,
1583 1133 1640 1192 per

396 1238 492 1297 quam
520 1219 732 1298 comperimus
757 1224 789 1279 te
824 1219 948 1280 abone
976 1219 1127 1280 memorie
1158 1219 1287 1279 domino
1311 1217 1456 1289 Ricardo,
1478 1218 1637 1296 quondam

397 1323 623 1385 Herefordensi
655 1326 823 1405 Episcopo,
849 1332 958 1388 nostro
978 1326 1121 1406 proximo
1142 1326 1370 1405 predecessore,
1392 1343 1503 1385 omnes
1532 1345 1639 1386 sacros

395 1428 521 1489 ordines
549 1429 726 1509 suscepisse
746 1430 862 1490 falsum
891 1430 1019 1490 titulum
1058 1430 1243 1500 exhibendo,
1275 1449 1334 1490 nec
1369 1429 1467 1489 fuisse
1495 1429 1526 1488 in
1558 1427 1638 1490 tales

394 1535 732 1596 excommunicacionis
761 1535 956 1596 sentenciam
978 1535 1208 1615 promulgatam
1220 1554 1228 1606 ;
1264 1535 1459 1614 injunximus
1480 1534 1553 1594 inde
1579 1535 1637 1595 tibi

348 1632 351 1640 ¹
394 1638 434 1699 ab
455 1660 586 1701 excessu
606 1640 788 1719 hujusmodi
810 1646 842 1701 et
864 1641 994 1720 perjurii
1015 1646 1104 1702 reatu
1130 1640 1331 1702 absolucione
1355 1639 1462 1720 previa
1492 1641 1637 1719 peniten-

396 1746 478 1805 ciam
500 1744 679 1831 salutarem,
702 1751 797 1825 teque
817 1747 858 1806 ad
875 1751 1003 1825 tempus
1026 1745 1065 1807 ab
1090 1745 1236 1806 ordinum
1259 1744 1447 1806 enccncione
1474 1745 1638 1824 suspendi-

396 1871 476 1922 mus,
488 1856 524 1911 ut
542 1851 746 1929 premittitur,
764 1856 993 1930 susceptorum,
1010 1851 1138 1912 demum
1154 1856 1260 1911 tecum
1280 1850 1468 1910 auctoritate
1491 1850 1633 1929 predicta

395 1957 643 2036 suffragantibus
673 1957 732 2016 tibi
760 1957 881 2018 meritis
910 1978 1005 2036 super
1043 1957 1271 2036 irregularitate
1301 1956 1374 2017 inde
1408 1961 1571 2017 contracta
1606 1963 1640 2018 et

397 2062 538 2142 ipsorum
576 2063 763 2124 execuciouc
794 2063 940 2122 ordinum
983 2063 1212 2142 dispensantes.
1276 2061 1316 2120 In
1351 2061 1442 2141 cujus
1482 2061 1536 2134 rei,
1578 2067 1638 2123 etc.

398 2169 517 2229 Datum
556 2170 639 2248 apud
674 2169 779 2230 Etone
813 2169 940 2240 Prioris,
977 2169 1052 2249 xxij⁰
1086 2169 1137 2230 die
1172 2169 1291 2229 mensis
1326 2168 1519 2240 Decembris,
1556 2189 1640 2230 anno
1666 2253 1671 2266 Ι

398 2274 529 2334 Domini
551 2273 750 2346 M⁰GOC⁰xx⁰‚
774 2280 833 2334 etc.

397 2555 469 2616 Dec.
498 2556 709 2616 24.-Wottcr
739 2556 776 2616 da
803 2556 956 2634 Lcnptoa,
989 2557 1107 2637 Bicbop
1138 2559 1173 2637 cf
1203 2558 1361 2637 Occcatry,
1391 2558 1493 2619 writes
1527 2565 1556 2619 to
1589 2557 1639 2619 the

519 2636 638 2715 Bisbop
659 2638 694 2715 of
712 2636 872 2717 Heresord,
894 2638 1005 2716 cskiap
1028 2638 1093 2698 blm
1115 2645 1143 2698 to
1164 2646 1215 2700 cct
1235 2639 1410 2717 ccatimalp
1432 2639 1468 2700 ia
1489 2640 1538 2699 tlw
1558 2646 1637 2699 mat-

521 2724 565 2777 ter
578 2719 613 2796 of
630 2717 798 2796 admittiap
820 2719 917 2796 Hapb
937 2718 974 2780 de
997 2719 1123 2798 Ocrdiff
1141 2727 1170 2780 to
1187 2740 1333 2799 pcacncc,
1348 2720 1432 2781 sicce
1448 2721 1496 2780 the
1512 2720 1638 2781 murder

521 2797 556 2858 hc
577 2797 750 2858 committed
770 2819 833 2858 was
858 2799 1012 2860 inhumare
1035 2801 1098 2860 aad
1124 2800 1265 2872 borriblc,
1291 2801 1354 2861 aad
1380 2801 1429 2862 tha
1453 2801 1557 2880 Papol
1582 2801 1636 2862 lct-

521 2886 579 2939 tcrs
606 2879 641 2939 be
667 2879 823 2940 exhibitori
844 2881 995 2959 probably
1013 2881 1106 2960 salse.

480 3061 626 3120 Lirenas
640 3061 796 3121 Episcorr
811 3060 1060 3122 Oovnrranrsrs
1082 3080 1124 3121 ur
1139 3061 1638 3123 Lmnrnannnsrs—Venerabili

396 3169 429 3228 in
458 3167 585 3229 Christo
613 3167 705 3246 patri,
734 3167 862 3228 domino
890 3166 965 3239 Ade,
995 3173 1065 3240 etc,
1095 3168 1254 3230 Walterus
1289 3168 1339 3246 [dc
1367 3167 1539 3248 Langtonl,
1564 3187 1633 3247 per-

396 3274 546 3335 missione
569 3273 676 3334 divina
707 3273 930 3334 Covcntrcnsis
954 3279 987 3334 et
1019 3273 1248 3336 lichfeldensis
1273 3273 1460 3354 Episcopus,
1486 3273 1639 3353 quicquid

396 3385 502 3459 potest
535 3378 678 3439 amicicie
701 3383 734 3439 et
768 3379 907 3440 honoris.
970 3377 1189 3439 intelleximus
1224 3397 1263 3438 ex
1298 3379 1495 3457 quorundam
1534 3377 1636 3438 relatu

397 3485 481 3565 quod
516 3484 612 3563 Hugo
641 3484 680 3544 de
713 3483 842 3563 Kerdyf,
880 3485 1092 3564 parochianus
1131 3489 1239 3544 noster
1280 3483 1364 3562 apud
1399 3482 1636 3563 Wybbenbury,

396 3591 451 3671 qui
486 3591 621 3670 quadam
655 3595 808 3670 concepta
845 3591 971 3651 malicia
1001 3591 1104 3651 virum
1139 3591 1318 3651 modestum
1356 3594 1388 3650 et
1423 3590 1635 3661 innocentem,

396 3696 560 3757 dominum
589 3695 763 3756 Robertum
791 3695 828 3756 de
859 3694 1049 3766 Haselbech‚
1074 3695 1232 3774 quondam
1258 3693 1455 3773 capellanum
1479 3697 1635 3764 nostrum,

396 3800 611 3861 inhumaniter
639 3805 671 3860 et
700 3799 890 3860 horribiliter
914 3799 1092 3871 trucidavit,
1114 3799 1153 3860 de
1175 3799 1270 3860 Curia
1297 3799 1442 3858 Romana
1461 3798 1526 3878 jam
1548 3799 1636 3859 venit

396 3907 436 3967 ad
477 3926 534 3968 vos
571 3925 643 3966 cum
684 3905 799 3966 litteris
830 3905 1041 3967 absolucionis
1082 3925 1178 3985 super
1219 3904 1476 3984 nephandissimc
1519 3905 1637 3966 scelere

397 4011 580 4082 antedicto;
615 4015 648 4072 et
688 4011 762 4072 licet
797 4012 837 4071 de
874 4011 1100 4090 impetracione
1137 4011 1315 4071 litterarum
1353 4010 1535 4089 hujusmodi
1569 4029 1635 4072 non

396 4119 595 4180 mediocriter
622 4118 821 4189 admiremur,
857 4123 890 4178 et
917 4117 987 4178 illas
1022 4116 1224 4196 surrepticias
1255 4121 1447 4196 reputemus,
1470 4115 1509 4176 de
1530 4120 1638 4177 vestra

396 4232 504 4287 tamen
524 4223 717 4286 discrecioue
739 4229 772 4285 et
798 4224 942 4285 amicicia
973 4223 1168 4285 confidentes
1202 4222 1292 4284 vobis
1323 4221 1538 4302 supplicamus
1569 4241 1635 4284 cor-

396 4333 478 4393 diter
508 4336 540 4391 ct
569 4331 681 4392 devote
705 4330 863 4410 quatinus,
896 4331 923 4391 si
944 4349 1023 4410 quas
1043 4330 1166 4391 litteras
1191 4329 1224 4388 in
1257 4329 1317 4389 hac
1348 4333 1437 4408 parte
1461 4347 1519 4408 pro
1550 4329 1636 4390 dicto

397 4438 535 4516 Hugone
555 4456 574 4496 a
596 4435 676 4497 Sede
697 4435 878 4514 Apostolica
897 4435 1071 4515 recepistis,
1086 4435 1131 4495 ita
1152 4435 1185 4495 in
1204 4434 1289 4496 dicto
1307 4433 1437 4514 negocio
1457 4433 1636 4514 procedatis

397 4544 481 4623 quod
508 4541 599 4602 nobis
620 4546 652 4602 et
676 4541 807 4602 ecclesie
835 4547 943 4602 nostre
981 4541 1203 4614 Lichfeldeusi,
1231 4560 1366 4620 quorum
1393 4540 1524 4620 negocia
1551 4541 1635 4603 idem

397 4650 578 4731 capellanus
601 4648 700 4728 gessit
723 4648 844 4709 utiliter
865 4653 898 4709 et
918 4649 951 4707 in
973 4648 1051 4728 ipsis
1072 4647 1206 4710 fideliter
1224 4647 1387 4718 laboravit,
1412 4646 1528 4725 injuria
1549 4647 1637 4711 nulla

397 4756 462 4828 fiat,
491 4755 636 4835 quodque
656 4754 757 4833 ipsius
783 4754 943 4816 absolucio
974 4754 1116 4826 faciliter,
1147 4759 1184 4815 ut
1205 4753 1371 4826 credimus,
1393 4757 1426 4814 et
1447 4753 1634 4833 surrepticie

397 4863 573 4941 impetrata,
595 4860 665 4921 aliis
692 4859 819 4922 lascivis
845 4860 879 4919 in
907 4860 1061 4921 comitatu
1085 4860 1207 4922 Gestrie
1235 4879 1300 4921 non
1331 4858 1449 4920 tribnat
1470 4859 1635 4922 audaciam

397 4965 607 5046 delinquendi.
649 4965 737 5027 Etsi
755 4985 818 5045 qua
837 4965 977 5028 insident
995 4966 1281 5047 votisvestrisqua
1300 4966 1385 5045 apud
1405 4985 1464 5026 nos
1483 4971 1635 5045 poterunt

397 5071 545 5154 expediri,
574 5072 646 5152 ipsa
673 5071 764 5133 nobis
791 5071 978 5134 fiducialiter
1011 5071 1174 5134 intimetis.
1231 5071 1272 5131 In
1298 5069 1450 5151 regimine
1482 5071 1634 5151 pastorali
