3850 5917
696 717 847 797 Epa'rccpi
873 717 1117 798 Hercsorderuaa.
1483 725 1524 787 67

143 942 189 982 tl>-
202 944 249 982 ¹³¹&
289 936 437 1016 Capituli,
459 937 631 1018 allegantes
653 940 737 1019 quod
761 939 789 1001 si
813 941 933 1002 dictum
957 942 1147 1003 cimiterium
1171 943 1376 1017 dedicaretur,
1401 947 1526 1008 cederet

287 1042 325 1101 ad
353 1049 543 1122 perpetuum
574 1044 782 1125 prejudicium
813 1045 942 1107 ecclesie
971 1046 1167 1109 cathedralis
1190 1054 1224 1110 st
1247 1049 1385 1129 Capituli
1404 1051 1524 1130 predic-

288 1153 404 1219 torum,
424 1169 482 1228 pro
503 1169 541 1211 ec
554 1151 638 1230 quod
659 1151 821 1230 sepultura
839 1146 982 1212 omnium
1001 1157 1034 1213 st
1051 1152 1244 1233 singulorum
1262 1156 1525 1234 parochianorum

293 1254 424 1317 ecclesie
446 1257 484 1317 de
506 1257 597 1318 Mora
623 1255 716 1318 Alani
736 1253 1028 1338 predicte'pertinet
1052 1260 1091 1320 ad
1115 1259 1279 1321 ecclesiam
1305 1262 1525 1325 Gathedrelsm

289 1361 464 1440 predictam
485 1366 522 1422 ut
536 1362 699 1424 matricem
721 1362 899 1424 ecclesiam:
920 1365 1148 1445 propterquod
1168 1367 1344 1447 superjure
1365 1369 1525 1448 sepulture

288 1467 430 1545 predicte
450 1466 592 1529 volentes
606 1468 730 1548 plenius
751 1468 924 1540 cerciorari,
939 1471 1066 1530 eosdem
1082 1471 1290 1550 parochianos
1301 1474 1525 1554 requisivimus

287 1572 410 1651 publice
440 1578 473 1634 et
495 1573 707 1654 solempniter,
743 1573 770 1634 si
805 1573 888 1653 quod
922 1574 974 1654 jus
1008 1576 1169 1654 sepulture
1191 1577 1224 1636 in
1254 1577 1339 1638 dicto
1369 1579 1525 1641 cimiterio

287 1677 440 1740 haberent
461 1679 511 1740 vel
532 1678 578 1740 eis
598 1685 791 1758 competeret
811 1680 1056 1760 quoquomodc;
1077 1681 1118 1740 sd
1139 1681 1224 1762 quod
1245 1681 1322 1742 dicti
1341 1683 1523 1762 parochiani

287 1791 319 1844 et
339 1785 446 1845 saltim
466 1785 601 1865 majores
622 1787 661 1847 de
681 1786 830 1866 parochie
854 1787 1004 1866 predicta,
1026 1787 1171 1848 videlicet
1192 1788 1330 1850 Thomas
1354 1791 1393 1851 de
1418 1791 1521 1862 Baire,

284 1891 381 1970 Hugc
402 1891 504 1970 Gyne,
535 1892 697 1954 Johannes
719 1893 837 1972 Brayn‚
860 1892 1024 1954 iohannes
1055 1894 1094 1956 ds
1114 1893 1331 1975 Bolynghops,
1359 1897 1522 1959 Johannes

286 1996 324 2057 de
345 1997 377 2058 la
396 1997 510 2069 Grene,
532 1998 694 2060 Johannes
715 1999 799 2061 filius
820 1999 962 2072 Galin'di,
985 1999 1142 2061 Robertue
1163 2001 1265 2080 Gyne,
1285 2001 1462 2063 Willelmus
1483 2002 1522 2063 de

288 2102 436 2176 Eureeis,
458 2104 619 2166 Walterus
639 2105 678 2167 de
706 2106 857 2176 Nortcne,
880 2105 977 2186 Hugo
997 2107 1037 2166 de
1060 2089 1258 2178 Willenhale,
1279 2107 1417 2168 Thomas
1438 2108 1522 2170 filius

285 2208 445 2281 Willslmi,
485 2209 640 2272 deulfus
679 2211 762 2272 filius
798 2211 954 2292 Hugonis,
999 2210 1157 2273 Robertus
1197 2212 1325 2285 Edn'ch,
1362 2213 1521 2276 Henricus

283 2315 413 2386 Martia,
435 2315 594 2378 Hsuricus
616 2317 709 2389 Coke,
724 2318 862 2378 Thomas
883 2318 922 2379 de
940 2317 972 2378 la
988 2318 1088 2390 More,
1108 2319 1237 2380 nomine
1255 2339 1314 2380 suo
1334 2325 1366 2380 et
1387 2320 1520 2381 aliorum

283 2421 426 2481 omnium
457 2427 490 2483 et
518 2423 711 2502 singulorum
740 2444 874 2504 quorum
910 2424 1042 2486 interest
1078 2425 1127 2486 vel
1162 2409 1314 2487 interesse
1341 2426 1458 2508 poterit
1486 2427 1519 2487 in

284 2525 343 2586 hac
367 2533 468 2606 perte,
489 2527 613 2607 publice
638 2529 818 2590 fatebantur
837 2531 921 2610 quod
943 2530 1066 2592 nullum
1089 2531 1141 2612 jus
1162 2532 1339 2593 habuerunt
1359 2534 1520 2614 sepulture

282 2633 314 2692 in
336 2633 448 2694 eodem
478 2633 632 2696 cimiterio
663 2636 724 2697 nisi
756 2637 795 2697 de
815 2637 920 2716 gracia
940 2636 1095 2699 dictorum
1116 2638 1315 2700 dominorum
1343 2640 1463 2700 Decani
1486 2646 1519 2702 et

285 2738 424 2818 Capituli
458 2759 516 2819 pro
549 2740 655 2819 pueris
676 2742 842 2802 dumtaxat
874 2747 906 2803 st
933 2743 1124 2823 pauperibus
1151 2743 1299 2823 parochie
1326 2750 1518 2808 memorate:

284 2846 368 2906 unde
390 2865 449 2906 nos
471 2844 699 2907 confessionem
732 2847 902 2909 eonmdsm
934 2848 1035 2909 secuti
1066 2848 1105 2910 de
1135 2849 1276 2929 ipsorum
1310 2850 1452 2910 omnium
1486 2856 1519 2912 st

280 2951 477 3030 singulorum
498 2971 654 3013 consensu
678 2973 826 3033 expresso
853 2953 1048 3015 inhibuimus
1076 2954 1135 3016 sub
1163 2975 1246 3035 pena
1269 2957 1517 3018 excommunica·

281 3056 381 3118 aionis
403 3056 541 3136 majoris,
563 3077 657 3138 quam
679 3079 802 3120 exnunc
829 3064 924 3139 prout
952 3065 1067 3122 extunc
1095 3061 1227 3122 tulimus
1247 3061 1280 3121 in
1305 3061 1366 3122 hiis
1391 3063 1518 3142 scriptis

282 3161 313 3220 in
342 3182 455 3224 omnes
486 3167 519 3224 et
546 3163 686 3244 singulos
721 3165 754 3224 in
781 3165 974 3226 contrarium
1011 3167 1184 3238 venientes,
1220 3187 1312 3249 opem
1339 3169 1517 3248 prebentes,

280 3269 457 3341 consilium,
485 3270 646 3342 auxilium,
668 3271 718 3332 vel
746 3271 894 3343 favorem,
916 3273 1000 3353 quod
1027 3273 1150 3334 nullum
1179 3274 1264 3335 eliud
1283 3276 1335 3354 jus
1356 3276 1517 3355 sepulture

279 3393 373 3452 quam
409 3375 554 3454 superius
584 3377 770 3456 exprimitur
796 3378 886 3458 juxta
919 3381 1088 3441 eorundem
1121 3382 1350 3444 contessionem
1372 3385 1517 3463 superius

282 3485 468 3541 annotatam
489 3481 594 3561 aliquo
624 3482 726 3546 colore
746 3485 914 3546 vendicent
935 3506 993 3547 ssu
1019 3493 1189 3566 procurent
1221 3508 1279 3568 pro
1299 3509 1343 3560 se,
1372 3490 1439 3551 suis
1459 3510 1516 3551 ssu

282 3585 522 3667 quibuscunque
542 3587 612 3649 aliie
632 3588 874 3670 imperpetuum.
930 3591 980 3652 Ad
1007 3593 1091 3671 quod
1118 3593 1218 3655 eciem
1238 3598 1347 3656 nostra
1372 3595 1515 3674 jurisdic-

277 3693 366 3753 cione
401 3711 439 3754 ex
472 3692 613 3772 ipsorum
646 3715 803 3757 consensu
837 3717 985 3777 expresso
1018 3704 1185 3778 prorogata
1225 3704 1258 3761 et
1290 3700 1329 3761 de
1359 3720 1516 3762 consensu

280 3796 466 3858 venerabilis
486 3797 545 3858 viri
575 3798 694 3860 domini
716 3799 872 3863 Johennis
899 3801 938 3863 de
966 3802 1180 3882 Aquablanlra,
1208 3804 1352 3866 Rectoris
1373 3806 1515 3884 ejusdem

279 3903 410 3965 ecclesie
441 3904 481 3966 de
512 3903 604 3966 Mora
635 3905 735 3979 Alani,
765 3927 870 3968 coram
901 3909 993 3970 nobis
1023 3910 1230 3989 personaliter
1257 3912 1432 3984 constituti,
1461 3915 1515 3994 qui

279 4009 378 4070 eciam
401 4010 543 4090 ejusdem
571 4010 631 4072 loci
653 4011 838 4074 Ordinarius
857 4013 953 4094 pleno
975 4014 1045 4095 jure
1065 4015 1180 4088 existit,
1202 4016 1289 4096 ipsos
1308 4019 1516 4097 parochianos

281 4136 391 4178 omnes
413 4122 446 4177 et
469 4115 611 4195 ungulos
627 4119 897 4198 condempnemus
918 4119 950 4179 in
972 4119 1034 4182 hiis
1051 4121 1186 4200 scriptis,
1206 4122 1334 4201 justicia
1352 4125 1513 4186 suadente.

278 4222 315 4281 Iu
335 4222 428 4302 cujas
448 4221 504 4292 rei,
524 4227 584 4284 stc.
627 4223 747 4284 Datum
766 4226 850 4304 apud
870 4224 1010 4306 Sugwas,
1032 4226 1083 4287 die
1105 4233 1237 4288 stanno
1256 4229 1385 4290 Domini
1406 4250 1513 4310 supra·

277 4327 379 4398 dictis,
408 4332 468 4388 etc.

282 4570 392 4631 March
414 4569 572 4631 sea-The
596 4569 722 4650 Biebcp,
749 4570 836 4650 ὁσίης]
859 4571 953 4632 about
978 4579 1007 4632 to
1032 4573 1114 4633 keve
1139 4572 1187 4635 the
1211 4572 1345 4644 Dicccrc,
1369 4574 1513 4654 appoinc

401 4649 545 4712 Riclxcrd
566 4651 603 4711 de
629 4651 747 4712 Vernos
769 4659 799 4713 tc
823 4651 855 4713 bc
883 4653 1124 4714 Vicae-senaar
1143 4653 1258 4733 durinq
1281 4655 1329 4715 bic
1351 4655 1483 4716 absence.

359 4799 542 4861 conscissio
562 4816 663 4860 ruore
695 4817 825 4860 vrcxaro
856 4818 1021 4861 cucusam
1052 4818 1171 4861 ocurrer
1202 4819 1274 4862 1rsc
1305 4819 1340 4860 ru
1370 4819 1513 4864 ceucris

279 4905 650 4984 acerra-Episcopus,
672 4911 741 4976 etc,
764 4905 878 4968 dilecto
898 4907 932 4965 in
953 4905 1081 4968 Christo
1104 4905 1169 4966 filio
1201 4906 1351 4985 magistro
1378 4906 1513 4967 Ricardc

279 5011 318 5073 de
331 5011 493 5080 Veruoun,
508 5009 631 5070 officiali
646 5030 713 5082 suo,
729 5011 872 5082 salutem,
889 5016 948 5072 stc.
992 5011 1073 5086 Quia
1093 5011 1135 5073 ob
1147 5031 1274 5072 causam
1290 5012 1510 5072 racionabilem

279 5123 367 5179 extra
391 5115 542 5178 diocesim
563 5122 705 5178 nostram
726 5123 856 5198 agentes
876 5117 1145 5180 administracicni
1170 5117 1380 5197 spiritualium
1408 5118 1511 5180 inten-
