3850 5917
679 701 831 782 Episcopi
857 701 1100 782 Harasordcnsis.
1446 703 1505 763 193

116 935 227 974 A1⁰·¹³²⁰
272 926 405 988 ulterius
434 946 540 987 coram
567 925 659 987 nobis
688 945 867 1006 comparere
895 931 950 986 aut
978 926 1159 1005 hujusmodi
1188 931 1293 987 amota
1320 946 1376 1005 per
1403 926 1507 1006 ipsum

273 1033 440 1095 restituere
464 1053 529 1094 non
554 1033 684 1094 curavit.
729 1033 947 1112 Comperimus
972 1033 1071 1094 eciam
1098 1053 1155 1112 per
1176 1032 1414 1114 inquisicionem
1438 1053 1508 1113 pre-

271 1139 390 1200 dictam
412 1139 533 1199 dictum
554 1138 726 1200 Falconem
745 1139 783 1199 de
802 1138 964 1199 adulteriis
980 1139 1075 1199 variis
1095 1159 1132 1199 ac
1149 1137 1290 1218 pluribus
1311 1139 1506 1200 incontinen-

273 1244 321 1306 cie
350 1244 441 1305 viciis
468 1250 501 1305 et
529 1244 599 1305 aliis
627 1244 889 1305 dissolucionibus
916 1243 1094 1305 criminosis
1122 1245 1199 1305 adeo
1223 1243 1289 1305 iore
1320 1244 1507 1324 culpabilem

272 1350 357 1430 quod
392 1349 426 1408 in
458 1349 543 1411 dicto
567 1350 707 1429 prioratu
733 1351 802 1411 sine
832 1351 918 1430 gravi
946 1350 1094 1412 scandalo
1133 1370 1197 1411 non
1218 1356 1341 1431 poterat
1375 1351 1508 1413 ulterius

275 1455 432 1517 inoffensa
455 1455 582 1534 justicia
614 1455 760 1527 tollerari,
795 1461 828 1516 et
861 1457 945 1536 quod
973 1457 1079 1517 omnia
1108 1462 1140 1517 et
1171 1456 1294 1537 singula
1321 1457 1448 1517 fuerunt
1475 1463 1507 1518 et

272 1568 348 1622 sunt
383 1561 428 1622 ita
459 1561 585 1641 publica
619 1567 652 1622 et
684 1562 808 1623 notoria
841 1561 875 1622 in
910 1563 1052 1642 partibus
1081 1564 1119 1624 de
1153 1563 1337 1643 Bergeveny
1364 1569 1396 1624 et
1430 1564 1508 1625 locis

275 1668 389 1729 vicinis
420 1667 504 1747 quod
534 1667 621 1728 nulla
654 1673 802 1747 poterant
837 1689 896 1729 nec
923 1673 1072 1748 poterunt
1106 1668 1366 1749 tergiversaoione
1404 1669 1506 1730 celari.

276 1773 371 1836 Unde
399 1793 458 1833 nos
478 1773 587 1834 habita
611 1793 705 1853 super
732 1772 794 1834 hiis
814 1773 908 1853 plena
934 1774 1160 1835 deliberacione
1189 1795 1260 1835 cum
1281 1774 1449 1835 venerabili
1473 1775 1507 1834 in

276 1879 405 1940 Christo
425 1884 523 1958 patre,
559 1879 687 1940 domino
714 1879 868 1951 dohanas,
890 1881 950 1941 Dei
982 1881 1085 1960 gracia
1117 1881 1315 1941 [landavensi
1339 1881 1507 1962 Episcopo,

273 1985 334 2046 loci
364 1985 540 2058 diocesano,
582 1990 614 2046 et
649 1985 793 2066 religioso
827 1987 903 2058 viro,
928 1986 1056 2048 domino
1088 1987 1221 2047 Ricardo
1254 1987 1364 2048 eadem
1404 1988 1508 2068 gracia

276 2090 398 2152 Abbate
418 2091 457 2152 de
479 2092 572 2163 Dore,
596 2091 814 2152 cisterciencis
834 2092 962 2164 ordinis,
984 2112 1072 2153 sacre
1096 2092 1208 2172 pagine
1230 2091 1365 2163 doctore,
1385 2097 1417 2153 et
1438 2092 1508 2154 aliis

273 2197 385 2277 peritis
413 2196 504 2258 nobis
531 2197 751 2268 assidentibus,
779 2201 811 2257 et
839 2197 873 2256 in
900 2197 985 2258 dicta
1012 2196 1218 2277 inquisicione
1242 2202 1275 2258 et
1302 2197 1335 2256 in
1359 2218 1508 2278 processu

275 2307 342 2364 toto
363 2323 420 2382 per
441 2323 500 2362 nos
521 2302 554 2362 in
575 2302 635 2362 hac
655 2307 744 2382 parte
761 2301 845 2362 iacto
865 2308 898 2362 et
916 2301 1024 2362 habito
1046 2302 1194 2362 continue
1212 2303 1419 2382 presentibus,
1435 2303 1508 2382 quia

280 2408 469 2475 invenimus,
494 2411 530 2467 ut
561 2407 763 2486 premittitur,
792 2407 958 2468 facultates
987 2407 1085 2486 ipsius
1116 2407 1273 2487 prioratus
1307 2414 1411 2486 preter
1438 2409 1508 2470 illas

277 2533 356 2592 quas
379 2512 483 2574 dictus
511 2512 624 2574 nobilis
653 2512 803 2573 debonis
826 2513 1015 2574 suiseidem
1045 2513 1205 2592 prioratui,
1235 2519 1271 2574 ut
1305 2515 1506 2593 premittitur,

273 2619 422 2698 erogavit,
438 2619 477 2678 ad
492 2619 759 2679 sustentacionem
773 2618 937 2679 duodecim
951 2619 1177 2679 monachorum
1192 2624 1225 2680 et
1238 2618 1351 2698 prioris
1364 2619 1508 2699 perpetui

275 2725 309 2784 in
330 2725 441 2786 eodem
455 2743 512 2803 per
531 2744 590 2785 nos
611 2724 798 2785 auctoritate
811 2723 952 2804 predicta
965 2723 1151 2784 instituendi
1173 2745 1209 2784 ao
1230 2724 1329 2785 eciam
1343 2725 1508 2786 ordinandi

275 2829 427 2899 sufficere,
468 2829 559 2908 juxta
600 2848 719 2890 morem
767 2829 955 2909 regularium
1003 2829 1151 2909 precipue
1185 2830 1285 2909 patrie
1327 2836 1506 2902 memorate,

276 2934 434 3015 prefatum
468 2954 635 2995 numerum
663 2935 888 2996 monachorum
917 2940 949 2995 et
977 2935 1112 3014 priorem
1151 2935 1204 3014 qui
1236 2935 1268 2994 in
1293 2935 1508 3015 spiritualibus

274 3047 306 3102 et
340 3024 565 3120 temporalibus
589 3040 687 3120 presit
707 3040 826 3101 eisdem
857 3041 915 3102 sub
942 3040 1043 3120 ipsius
1068 3040 1181 3120 prioris
1215 3040 1396 3102 obediencia
1419 3042 1508 3118 juxta

277 3145 411 3206 iormam
447 3145 611 3225 apostolici
649 3145 790 3205 mandati
827 3145 1005 3216 moraturis,
1044 3151 1076 3207 et
1114 3146 1283 3207 servaturis
1318 3146 1433 3207 ibidem
1468 3148 1507 3207 ad

279 3252 404 3312 laudem
425 3251 523 3312 divini
544 3251 681 3312 nominis
701 3251 936 3313 observanciam
968 3251 1140 3332 regularem
1170 3251 1202 3310 in
1233 3251 1343 3313 eodem
1368 3253 1507 3332 prioratu

279 3357 467 3417 auctoritate
497 3356 638 3436 predicta
668 3355 873 3427 instituimus,
909 3361 941 3416 et
975 3356 1074 3417 eciam
1110 3356 1308 3428 ordinamus;
1343 3360 1375 3416 et
1406 3357 1507 3418 eidem

274 3461 426 3542 prioratui
445 3462 484 3522 de
499 3461 644 3542 religioso
662 3461 729 3522 viro
749 3461 846 3522 fratre
866 3461 1001 3522 Ricardo
1022 3461 1060 3521 de
1075 3460 1322 3539 B[romwiohe]‚
1342 3463 1506 3534 monacho,

275 3569 433 3648 prioratus
457 3568 587 3629 ecclesie
608 3568 796 3629 cathedralis
813 3567 1060 3648 Wygomiensis,
1076 3567 1193 3628 ordinis
1212 3567 1318 3629 Sancti
1333 3567 1507 3640 Benedicti,

279 3695 366 3736 sacre
394 3674 507 3754 pagine
535 3675 671 3745 doctore,
696 3675 730 3734 in
757 3674 866 3735 ordine
894 3673 1079 3735 sacerdotali
1107 3679 1139 3735 et
1160 3679 1244 3734 etate
1271 3673 1410 3754 legitima
1434 3694 1506 3735 con-

276 3780 398 3851 stituto,
423 3785 456 3841 et
480 3780 519 3840 de
546 3780 686 3860 legitimo
713 3781 915 3840 matrimonio
943 3783 1115 3860 procreato,
1147 3779 1214 3842 viro
1237 3780 1346 3859 utique
1377 3780 1507 3859 provido

280 3891 313 3946 et
333 3886 485 3958 districto,
507 3907 544 3947 ac
568 3887 602 3946 in
629 3886 845 3966 spiritualibus
865 3891 898 3948 et
929 3886 1154 3966 temporalibus
1178 3886 1348 3966 plurimum
1376 3887 1506 3947 circum-

275 3996 394 4070 specto,
441 3997 473 4053 et
514 3991 546 4051 in
593 3992 677 4052 dicto
710 3992 850 4072 prioratu
886 3992 1109 4071 Wygomiensi
1149 3992 1291 4053 ordinem
1331 3992 1507 4072 predictum

277 4115 422 4175 expresse
442 4095 593 4176 proiess0,
613 4096 762 4157 canonice
782 4097 992 4177 providemus,
1014 4103 1047 4158 et
1067 4097 1171 4176 ipsum
1190 4097 1319 4158 fratrem
1338 4097 1507 4157 Ricardum

277 4203 386 4264 eadem
414 4203 601 4264 auctoritate
635 4204 668 4263 in
690 4204 824 4283 priorem
846 4204 922 4264 dicti
941 4205 1098 4284 prioratus
1120 4204 1158 4264 de
1179 4203 1216 4263 B.
1239 4204 1298 4263 hac
1325 4203 1392 4264 vice
1416 4203 1506 4283 prefi-

276 4309 386 4380 cimus,
414 4309 619 4380 instituimus
641 4331 678 4370 ao
698 4311 797 4371 eciam
811 4311 1002 4382 ordinamus,
1020 4331 1127 4370 curam
1148 4315 1180 4371 et
1201 4309 1507 4371 administracionem

276 4411 352 4472 dicti
375 4413 532 4492 prioratus
553 4414 654 4475 eidem
682 4414 770 4474 fratri
799 4414 934 4475 Ricardo
957 4415 1096 4494 plenarie
1119 4415 1361 4476 committentes.
1418 4415 1506 4476 Ordi-

276 4537 390 4579 namus
423 4519 523 4580 eciam
559 4520 747 4581 auctoritate
780 4520 921 4600 predicta
955 4527 1000 4592 ut,
1035 4521 1185 4600 quociens
1222 4521 1370 4599 deinceps
1404 4521 1507 4583 dictus

276 4623 435 4703 prioratus
464 4625 566 4704 priore
599 4625 725 4694 carebit,
759 4625 905 4686 monachi
932 4626 1064 4705 predicti
1095 4626 1251 4705 prioratus
1282 4625 1415 4705 priorem
1449 4626 1508 4686 sibi

275 4723 331 4798 per
352 4721 543 4782 eleccionem
564 4723 746 4783 canonicam
775 4724 901 4803 eligant,
927 4744 983 4803 per
1002 4723 1063 4785 loci
1084 4724 1294 4794 diocesanum,
1323 4729 1359 4783 ut
1387 4723 1508 4802 justum

275 4817 379 4891 inerit,
415 4818 675 4891 confirmandum,
714 4841 751 4880 ao
786 4820 963 4881 faciendum
998 4821 1129 4881 ulterius
1156 4821 1240 4900 quod
1268 4821 1387 4879 dictum
1420 4841 1507 4880 man-

276 4915 386 4975 datum
422 4915 629 4995 apostolicum
670 4917 765 4997 exigit
800 4923 832 4978 et
869 4919 1008 4998 requirit,
1044 4918 1130 4979 salva
1166 4917 1296 4997 prefatis
1325 4916 1437 4977 Abbati
1475 4923 1507 4979 et

280 5012 474 5074 Monasterio
501 5013 754 5075 Oenomannensi
782 5015 933 5094 pensione
963 5019 1090 5076 centum
1115 5019 1147 5076 et
1178 5021 1299 5094 septem
1327 5015 1506 5086 solidorum,

279 5129 374 5188 quam
394 5129 451 5189 per
472 5109 711 5191 inquisicionem
735 5112 908 5190 predictam
943 5113 1120 5174 invenimus
1151 5111 1248 5172 fuisse
1275 5115 1307 5172 et
1338 5131 1407 5172 esse
1435 5132 1507 5172 oon-
