3850 5917
397 682 457 742 308
770 681 951 760 Regis-trum
978 680 1044 741 Aee
1071 680 1107 740 de
1138 680 1262 741 Orleton

225 913 282 954 AD·
298 915 354 955 Μ·
396 908 543 987 primitus
571 909 726 988 expensis,
755 908 888 988 prestits
923 907 1057 967 emenda
1095 906 1263 967 sufficienti
1297 910 1330 966 et
1360 925 1507 985 congrua,
1543 910 1637 985 prout

396 1013 518 1074 dictant
539 1014 689 1074 canonice
713 1013 906 1083 sancciones,
935 1013 975 1073 ad
996 1012 1225 1091 injungendum
1248 1010 1347 1071 eciem
1369 1010 1428 1071 sibi
1449 1030 1507 1089 pro
1528 1011 1638 1091 hujus·

397 1120 483 1179 modi
504 1119 684 1180 excessibus
711 1118 923 1199 penitenciam
948 1118 1119 1179 salutarem
1141 1138 1235 1197 quam
1258 1116 1318 1177 sibi
1349 1116 1470 1195 imponi
1492 1117 1638 1178 volumus

398 1226 456 1285 sub
491 1224 597 1285 debito
639 1225 763 1304 prestiti
797 1223 968 1304 juramenti
1004 1228 1036 1284 et
1076 1243 1158 1303 pene
1207 1222 1391 1283 retrusionis
1432 1223 1466 1281 in
1505 1223 1638 1283 eundern

397 1331 738 1391 excommunicacionis
759 1330 953 1391 sentenciam
976 1350 1048 1410 qua,
1069 1333 1106 1388 ut
1127 1328 1331 1408 premittitur,
1351 1328 1467 1389 meruit
1484 1328 1639 1401 innodari,

397 1457 521 1497 necnon
557 1438 597 1497 ed
629 1437 736 1497 omnis
766 1436 828 1496 alie
858 1435 1003 1496 iacienda
1033 1439 1066 1496 et
1101 1434 1282 1514 exequenda
1313 1454 1374 1514 que
1408 1434 1441 1493 in
1473 1434 1639 1513 premissis

397 1544 574 1604 necessaria
596 1543 722 1614 luerint,
745 1542 835 1603 vobis
854 1542 1049 1621 conjunctim
1073 1540 1302 1602 committimus
1319 1540 1404 1600 vices
1425 1544 1550 1600 nostras
1565 1560 1639 1599 cum

397 1648 570 1709 coerciouis
602 1648 751 1707 canonice
780 1652 947 1727 potestate.
1001 1647 1074 1707 Nou
1099 1651 1149 1707 est
1177 1651 1283 1706 tamen
1312 1646 1503 1706 intencionis
1530 1652 1639 1707 nostre

397 1755 481 1834 quod
509 1754 591 1814 circe
622 1753 816 1815 sentenciam
845 1752 1184 1814 excommunicacionis
1212 1772 1231 1812 a
1259 1771 1378 1812 cunone
1406 1752 1514 1822 letam,
1542 1771 1638 1831 quern

397 1860 517 1920 dudum
531 1877 533 1881 ’
546 1852 667 1920 dictum
688 1860 879 1921 monachum
907 1860 968 1921 rite
989 1866 1021 1920 et
1045 1859 1184 1939 legitime
1207 1858 1435 1919 declaravimus
1458 1858 1638 1931 incurrisse,

397 1972 430 2027 et
461 1966 502 2026 ob
533 1967 594 2027 hoc
618 1967 723 2046 ipsum
749 1987 768 2027 a
795 1986 916 2026 canone
941 1966 987 2027 sic
1018 1964 1326 2026 excommunicatum
1353 1962 1487 2025 lecimus
1513 1963 1639 2043 publice

397 2080 430 2135 et
458 2074 664 2153 solempniter
693 2074 846 2143 nunciam,
875 2094 947 2133 cum
986 2074 1055 2153 ejus
1083 2072 1243 2133 absolucio
1280 2072 1353 2132 Sedi
1384 2072 1427 2132 sit
1457 2070 1637 2150 Apostolioe

397 2185 565 2250 reservata,
594 2199 651 2258 per
675 2179 930 2239 commissionem
958 2184 1100 2239 nostram
1129 2178 1246 2258 aliquid
1273 2178 1450 2238 innovetur.
1494 2176 1639 2251 Quodsi

397 2304 461 2345 non
476 2305 587 2345 omnes
601 2305 658 2347 vos
675 2284 837 2365 premissis
858 2284 1048 2364 exequendis
1065 2284 1273 2363 personaliter
1292 2283 1459 2362 potueritis
1474 2283 1638 2354 interesse,

398 2391 460 2453 duo
505 2397 647 2451 vestrum
690 2411 827 2451 unacum
870 2389 993 2470 prelato
1028 2389 1156 2450 domino
1191 2388 1420 2449 Archidiacono
1458 2388 1507 2449 vel
1552 2388 1639 2449 dicto

397 2498 549 2576 magistro
574 2497 718 2569 Ricardo‚
741 2498 786 2557 ita
808 2497 892 2577 quod
917 2496 996 2557 alter
1024 2516 1133 2555 eorum
1161 2495 1203 2555 sit
1224 2494 1349 2565 tercius,
1371 2514 1409 2555 ea
1430 2492 1639 2553 nihilominus

397 2608 602 2683 exequantur.
644 2602 685 2662 In
706 2603 797 2683 cujus
818 2604 873 2673 rei,
894 2608 954 2663 etc.
997 2602 1117 2661 Datum
1141 2600 1324 2672 londoniis,
1349 2600 1426 2679 xvij⁰
1446 2599 1496 2659 die
1517 2599 1639 2661 mensis

397 2708 542 2787 Augusti,
564 2727 649 2768 enno
670 2708 800 2768 Domini
829 2707 1078 2787 M⁰occ⁰xxiiijs

397 3016 474 3076 Noc.
489 3014 726 3075 12.-William
746 3014 783 3075 de
804 3014 976 3093 chnhcpe
996 3012 1060 3073 arrd
1082 3012 1130 3073 the
1151 3012 1240 3072 Deos
1258 3011 1294 3090 of
1312 3012 1390 3071 Ross
1413 3010 1500 3089 being
1521 3010 1638 3081 absent,

521 3096 569 3157 the
590 3096 802 3176 executiones
822 3096 870 3155 tte
891 3095 983 3155 above
1004 3093 1199 3155 commission
1218 3113 1281 3153 was
1302 3092 1439 3169 delrtyed.
1497 3091 1639 3151 Ws'lliem

519 3177 556 3237 de
583 3178 657 3256 lrby
681 3177 778 3255 epeia
801 3177 927 3255 appeals
953 3184 982 3237 to
1009 3176 1058 3236 the
1084 3174 1179 3235 Gourt
1203 3174 1239 3254 of
1264 3173 1465 3250 Camertum,
1494 3173 1558 3232 and
1587 3172 1637 3233 tlte

519 3257 647 3338 Bishop‚
685 3258 886 3319 arlnwnished
924 3257 962 3335 by
1002 3256 1050 3317 the
1094 3257 1198 3326 Goert,
1238 3254 1385 3315 terracon
1431 3254 1560 3313 Thomas
1599 3253 1637 3313 dc

522 3340 674 3409 Circulos,
710 3339 851 3399 Richurd
878 3338 915 3399 de
947 3338 1073 3407 Vernos,
1105 3336 1169 3397 aad
1197 3334 1345 3396 Nicholcs
1374 3334 1411 3395 dc
1438 3335 1579 3405 thdlcw,
1608 3341 1639 3395 to

519 3429 569 3482 oct
597 3421 693 3492 abac,
722 3420 786 3481 ond
813 3426 847 3480 ct
875 3439 955 3480 onec.

479 3602 566 3661 Irsu
588 3620 662 3661 atra
684 3602 866 3662 Oosxnissio
889 3618 994 3660 surus
1017 3598 1292 3669 sonsn.-Adem‚
1316 3602 1386 3667 etc,
1408 3597 1532 3657 dilectis
1554 3596 1639 3667 filiis,

397 3708 557 3787 magistris
577 3708 698 3768 Thome
722 3708 761 3769 de
783 3706 962 3777 Chaundos,
989 3705 1218 3766 Archidiacono
1238 3702 1474 3772 Hereiordensi,
1503 3702 1639 3763 Ricardo

397 3815 436 3875 de
456 3814 616 3886 Vernoun,
642 3814 723 3893 juris
751 3811 895 3874 canonici
916 3810 1086 3891 professori
1114 3816 1146 3872 et
1176 3809 1307 3871 ecclesie
1338 3812 1446 3869 nostre
1467 3808 1638 3869 Hereiord·

396 3920 483 3981 ensis
521 3920 682 3990 canonico,
721 3940 758 3979 ac
797 3919 948 3998 magistro
986 3917 1141 3977 Nicholao
1183 3917 1222 3976 de
1268 3914 1443 3985 Lodelawe,
1485 3914 1638 3975 canonico

398 4025 597 4096 Dublinensi,
620 4025 765 4096 salutem,
787 4030 847 4085 etc.
890 4024 1079 4083 Mandatum
1098 4020 1285 4083 venerabilis
1306 4020 1373 4091 viri,
1396 4019 1515 4079 domini
1532 4018 1637 4080 Offici-

397 4129 455 4189 alis
484 4128 578 4189 Gurie
602 4128 848 4199 cantuariensis,
884 4128 1061 4206 recepimus
1088 4126 1122 4185 in
1157 4126 1216 4187 hec
1243 4125 1339 4186 verba
1354 4124 1582 4185 :-Venerabili
1604 4124 1636 4183 in

397 4234 525 4296 Christo
556 4235 649 4314 patri,
681 4235 809 4295 domino
845 4235 920 4305 ede,
966 4240 1026 4295 etc.
1069 4233 1219 4294 Officialis
1263 4232 1356 4293 (luris
1398 4230 1638 4292 cantuariensis

398 4339 533 4400 salutem
553 4360 625 4399 eum
647 4340 826 4400 reverencia
853 4344 886 4400 et
914 4339 1033 4400 honore
1065 4338 1178 4400 debitis
1200 4342 1290 4397 tento
1320 4338 1412 4417 patri.
1469 4336 1637 4411 Querelam

397 4446 503 4507 fratris
518 4446 669 4507 Willelmi
691 4447 730 4507 de
750 4446 835 4525 Irby‚
857 4446 976 4506 Prioris
993 4444 1095 4506 sancti
1116 4444 1275 4515 Guthlsci,
1291 4443 1486 4512 Hereiordie‚
1509 4462 1637 4522 gravem

397 4552 573 4631 recepimus
613 4553 829 4613 continentem
866 4552 950 4631 quod
989 4571 1045 4614 vos
1081 4551 1115 4610 in
1156 4551 1276 4611 dictum
1312 4549 1440 4609 lretrem
1483 4548 1533 4608 W.
1573 4567 1637 4609 non

397 4658 564 4729 monitum,
593 4678 657 4719 non
679 4658 869 4729 convictum,
898 4678 964 4718 non
985 4657 1175 4728 confessum,
1201 4656 1318 4736 absque
1340 4675 1435 4715 csusa
1456 4653 1638 4715 rationabili

396 4770 429 4826 et
468 4770 579 4824 contra
619 4769 741 4825 statuta
781 4763 906 4824 concilii
943 4764 1098 4843 generalis
1133 4763 1262 4842 majoris
1300 4760 1638 4823 excommunicacionis

397 4870 591 4932 sentenciam
611 4869 812 4942 iulminastis,
834 4874 867 4930 et
887 4870 992 4949 ipsum
1014 4870 1059 4930 sic
1090 4867 1397 4930 excommunicatum
1423 4886 1493 4928 esse
1513 4866 1639 4945 publice

399 4976 583 5047 nunciastis,
611 4981 644 5036 et
672 4996 729 5056 per
760 4975 838 5037 elios
859 4976 1003 5036 nunciuri
1034 4975 1162 5047 lecistis,
1195 4980 1227 5035 et
1249 4974 1323 5035 licet
1343 4974 1427 5034 idem
1455 4972 1552 5033 iruter
1586 4972 1638 5034 W.

398 5082 440 5141 ad
470 5102 526 5143 vos
557 5082 704 5161 congruis
731 5081 800 5143 loco
827 5088 860 5143 et
888 5086 1030 5161 tempore
1056 5085 1272 5161 competenter
1296 5079 1448 5139 accedens
1476 5078 1509 5136 in
1537 5078 1639 5139 lorma
