3850 5917
352 643 412 703 aas
726 645 905 723 aqam
931 645 998 707 aa
1025 645 1061 706 a
1091 646 1214 706 caan

350 868 384 927 in
412 870 593 931 nemoribus
621 870 751 932 ecclesie
780 872 1023 934 Hereiordensis
1052 873 1091 932 ad
1122 872 1207 933 dicta
1238 872 1378 933 maneria
1405 870 1587 951 pertinenti-

351 974 409 1035 bus
430 976 589 1054 copiosam
614 977 849 1039 multitudinem
872 978 1017 1039 arborum
1044 978 1120 1039 inibi
1141 979 1352 1039 crescencium
1377 998 1433 1057 per
1457 998 1497 1037 xv
1522 977 1588 1039 dies

350 1080 400 1140 vel
421 1081 545 1141 circiter
573 1082 611 1141 ad
633 1081 784 1143 carbones
809 1083 842 1141 in
865 1083 970 1162 puteis
991 1082 1085 1143 variis
1111 1082 1150 1142 ad
1175 1082 1235 1143 hoc
1258 1082 1418 1162 dispositis
1441 1082 1587 1143 incendio

352 1185 548 1265 redegerunt,
590 1207 669 1266 quos
704 1207 761 1266 pro
799 1208 907 1248 eorum
940 1187 1132 1267 dampnabili
1171 1187 1261 1248 libito
1299 1188 1520 1259 distraxerunt,
1555 1186 1589 1245 in

350 1292 451 1352 nostri
472 1298 504 1353 et
525 1294 655 1354 ecclesie
684 1294 856 1373 dampnum
883 1313 945 1354 non
975 1292 1133 1353 modicum
1155 1298 1187 1353 et
1208 1312 1385 1372 gravamen,
1411 1291 1587 1353 animarum

350 1397 533 1477 periculum,
568 1405 601 1459 ct
638 1418 732 1478 grave
770 1399 952 1459 scandalum
993 1399 1134 1470 aliorum,
1162 1398 1356 1459 sentenciam
1382 1398 1510 1476 majoris
1538 1417 1588 1458 cr-

352 1506 650 1566 communicacionis
688 1512 798 1566 contra
836 1506 1018 1585 hujusmodi
1054 1505 1221 1566 violatores
1259 1505 1365 1575 latam,
1402 1504 1470 1583 ipso
1504 1505 1589 1564 facto

352 1612 593 1692 dampnabiliter
613 1613 810 1684 incurrendo,
843 1612 875 1672 in
901 1633 963 1693 qua
994 1613 1120 1692 quidem
1149 1612 1311 1673 sentencia
1339 1612 1492 1671 hactenus
1520 1630 1588 1689 per·

352 1724 535 1778 severarunt
563 1719 669 1804 animo
697 1719 842 1779 indurato
871 1724 903 1779 et
924 1718 1027 1779 adbuc
1058 1738 1256 1797 perseverare
1278 1738 1340 1778 non
1370 1721 1516 1777 metuunt
1544 1716 1590 1777 sic

353 1823 458 1903 ligati:
491 1823 637 1903 quocirca
661 1824 749 1885 vobis
781 1823 928 1884 omnibus
959 1829 991 1886 et
1020 1823 1160 1903 singulis,
1187 1824 1220 1882 in
1262 1823 1377 1883 virtute
1409 1822 1590 1883 obediencie

351 1931 483 1992 firmiter
525 1932 717 2011 injungendo
755 1932 942 1991 mandamus
985 1930 1135 2011 quatinus
1173 1928 1331 2008 predictos
1372 1928 1588 1988 malefactores

351 2056 462 2097 omnes
483 2043 515 2097 et
536 2037 685 2116 singulos,
708 2038 925 2117 cujuscunque
946 2036 1139 2097 condicionis
1167 2035 1217 2095 vel
1242 2040 1344 2095 status
1367 2034 1514 2105 existant,
1534 2034 1588 2113 qui

352 2144 489 2222 dampna
520 2143 660 2221 predicta
687 2143 832 2222 nequiter
859 2146 1089 2221 perpetrarunt,
1127 2162 1163 2201 ac
1198 2160 1308 2202 omnes
1346 2139 1464 2201 eisdem
1493 2140 1587 2199 malc-

352 2246 523 2307 factoribus
544 2247 719 2318 consilium,
742 2247 903 2318 auxilium,
922 2246 971 2307 vel
990 2266 1180 2308 consensum
1201 2246 1376 2326 prebentes
1400 2265 1455 2307 seu
1480 2266 1587 2305 eorum

352 2352 385 2411 in
407 2353 466 2412 hac
487 2358 576 2431 parte
597 2351 735 2413 fautores
756 2354 789 2412 in
811 2352 926 2412 dictam
949 2352 1078 2431 majoris
1099 2351 1436 2412 excommunicacionis
1464 2356 1588 2411 sentcn-

353 2458 443 2529 ciam,
476 2458 508 2516 in
530 2458 725 2519 consistoriis
753 2456 785 2519 et
813 2458 960 2537 capitulis
999 2461 1031 2518 et
1062 2458 1131 2518 aliis
1156 2457 1394 2537 quibuscunque
1422 2474 1588 2535 congrega-

352 2563 495 2625 cionibus
530 2569 562 2624 et
590 2564 872 2625 convocacionibus
903 2564 1037 2643 publicis
1074 2569 1106 2623 et
1144 2564 1177 2623 in
1206 2562 1350 2624 omnibus
1388 2568 1421 2622 ct
1457 2561 1589 2641 singulis

353 2668 493 2730 ecclesiis
523 2676 629 2730 nostre
654 2670 791 2730 civitatis
814 2676 846 2731 et
880 2670 1023 2741 diocesis,
1059 2669 1169 2730 diebus
1204 2668 1379 2730 Dominicis
1407 2673 1440 2728 et
1468 2666 1589 2728 festivis

353 2774 436 2834 intra
470 2775 637 2835 missarum
672 2776 867 2855 sollempnia,
903 2796 975 2835 cum
1013 2774 1113 2854 major
1147 2774 1272 2835 affuerit
1307 2773 1380 2834 cleri
1415 2778 1447 2833 et
1481 2772 1589 2852 populi

354 2881 532 2953 multitudo,
555 2882 687 2962 pulsatis
709 2882 879 2961 campanis,
909 2881 1047 2943 candelis
1083 2881 1223 2941 accensis
1251 2885 1283 2941 et
1310 2879 1466 2949 extinctis,
1499 2897 1591 2938 cruce

352 2993 465 3058 erecta,
490 2987 614 3066 publice
642 2993 674 3048 et
699 2987 903 3067 solempniter
930 2987 1128 3048 denuncietis
1152 2992 1184 3047 et
1205 2985 1386 3047 denunciari
1411 2983 1534 3045 faciatis
1556 2982 1589 3042 in

352 3111 465 3171 genere
486 3092 652 3153 incidisse:
675 3113 694 3152 a
714 3092 960 3153 denunciacione
976 3091 1156 3170 hujusmodi
1179 3111 1242 3152 non
1264 3095 1424 3151 cessantes
1446 3090 1545 3150 donec
1570 3108 1590 3147 a

353 3305 471 3365 mensis
499 3304 596 3375 Junii,
618 3324 701 3364 anno
723 3304 852 3364 Domini
878 3303 1100 3383 M00000xxij0.

354 3625 436 3685 June
456 3624 612 3684 10.-Tte
637 3624 755 3703 Bishcp
779 3624 908 3703 informs
935 3624 984 3684 tha
1008 3624 1092 3702 Kinq
1118 3624 1184 3684 that
1211 3624 1246 3684 hc
1272 3624 1327 3684 hos
1352 3624 1513 3703 confirmed
1540 3624 1589 3685 tha

475 3706 602 3846 qllpppr'qq
621 3704 771 3846 llnldl‘df
790 3706 827 3765 dc
848 3705 1000 3784 Hercford
1018 3712 1047 3765 lo
1069 3706 1102 3765 bc
1123 3704 1271 3784 Priores
1291 3704 1454 3783 Ghirbary.
1497 3705 1589 3765 Maa-

436 3966 582 4025 errnaa
596 3984 691 4025 mssa
706 3966 792 4026 Rnor
814 3984 858 4025 nn
875 3984 1136 4027 couriauacronn
1152 3985 1270 4027 nnnorr
1285 3986 1329 4027 nn
1344 3968 1590 4029 (lernaeum.-

354 4071 629 4133 Excellentissimo
648 4073 833 4152 principiae
853 4093 910 4135 suo
931 4073 1060 4134 domino
1079 4074 1257 4146 reverendo,
1277 4075 1405 4136 domino
1422 4074 1589 4147 Eduardo,

354 4178 413 4239 Dei
447 4178 550 4257 gracia
586 4179 798 4240 illustrissimo
826 4179 904 4258 Regi
941 4179 1061 4259 Anglie,
1090 4180 1218 4240 domino
1248 4179 1409 4251 Hibernia,
1446 4186 1478 4241 et
1507 4182 1588 4241 Duci

354 4284 531 4364 Aquitania,
547 4283 657 4355 Adam,
671 4290 731 4345 etc.
766 4286 880 4347 Vestra
900 4286 1023 4346 noverit
1043 4285 1197 4347 celsitudo
1216 4286 1299 4365 quod
1321 4306 1378 4347 nos
1399 4285 1586 4349 eleccionem

354 4390 387 4449 in
412 4390 543 4451 ecclesia
564 4390 763 4451 conventuali
784 4391 822 4450 de
844 4390 1027 4468 Chirebury,
1049 4394 1156 4451 nostre
1181 4390 1322 4461 diocesis,
1348 4410 1448 4469 nuper
1471 4390 1587 4451 factam

355 4498 393 4559 de
420 4498 564 4576 religioso
593 4497 667 4569 viro,
697 4497 792 4558 fratre
821 4498 957 4577 Hugone
987 4498 1025 4558 de
1051 4496 1245 4568 Hereiordia,
1272 4496 1423 4557 canonico
1446 4498 1587 4576 ejusdem

354 4602 484 4664 ecclesie
512 4604 544 4662 in
573 4601 713 4663 Priorem
748 4602 857 4673 electo,
886 4622 981 4682 quam
1009 4602 1187 4663 invenimus
1215 4602 1412 4673 celebratam,
1443 4603 1589 4665 duximus

354 4707 503 4769 canonice
530 4707 786 4768 confirmandam.
829 4708 1019 4779 Altissimus,
1049 4714 1107 4769 etc.
1150 4710 1268 4768 Datum
1290 4708 1374 4788 apud
1398 4709 1537 4787 Sugwas,
1558 4720 1590 4768 x⁰

354 4814 405 4875 die
426 4813 522 4884 Junii,
548 4834 631 4874 anno
653 4814 781 4874 Domini
803 4813 1026 4895 M0000⁰xxija

415 4948 500 4987 l—Thc
518 4946 586 4994 ltine.
598 4958 629 4988 on
646 4947 708 4987 dune
720 4948 753 4991 2⁰.
771 4946 890 4989 instructa
906 4948 970 4989 John
987 4948 1104 4995 walwyn.
1118 4949 1245 4989 cochentor
1260 4947 1351 4996 beyond
1368 4950 1447 4995 Trent.
1462 4954 1488 4991 to
1501 4954 1593 4993 aaron

351 5015 394 5055 the
412 5012 584 5059 temporalitas
603 5017 629 5053 to
648 5014 690 5053 the
709 5024 761 5055 new
780 5014 854 5061 Prior,
878 5008 981 5060 '‘Adam.
1003 5014 1092 5062 Bishoo
1110 5014 1135 5057 cf
1157 5012 1280 5061 nereford,
1300 5015 1387 5062 having
1405 5014 1534 5058 confirmed
1551 5020 1593 5059 the

351 5080 452 5124 electiori
470 5079 537 5122 (Par.
551 5078 640 5121 Rolls).
