3850 5917
698 700 848 781 Episcopi
875 702 1118 783 Horcsordcnsis.
1464 709 1523 769 373
1633 718 1637 727 ‘

110 926 172 963 ¹⁴³³·
192 927 247 965 ¹³²⁶·
290 922 384 993 ensis,
425 942 547 983 necnon
576 924 727 1003 magistro
762 926 881 987 Thome
920 927 958 987 de
994 927 1122 1007 Boloyo,
1161 929 1287 989 Rectori
1326 929 1456 991 66616616
1484 931 1523 991 (16

289 1027 453 1099 Ε6166616,
490 1034 596 1091 nostre
631 1030 773 1101 diocesis,
812 1032 955 1104 salutern,
995 1039 1054 1094 etc.
1111 1036 1160 1093 Ex
1201 1041 1290 1115 parte
1326 1037 1446 1098 Thome
1484 1039 1523 1098 de

289 1135 450 1206 Prestone,
472 1135 585 1207 clerici,
610 1138 664 1216 qui
693 1158 794 1217 nuper
821 1138 860 1199 de
888 1139 1018 1199 crimine
1042 1141 1202 1202 homicidii
1231 1142 1300 1213 sibi,
1329 1148 1364 1202 ut
1399 1144 1522 1215 dicitur,

289 1239 368 1301 falso
396 1240 552 1320 imposito,
585 1242 729 1303 videlicet
760 1244 798 1304 de
826 1250 927 1305 morte
947 1244 1097 1305 Willelmi
1123 1246 1225 1325 Kersy
1253 1248 1292 1307 de
1319 1247 1365 1309 166
1395 1249 1521 1320 Walles,

289 1364 395 1405 coram
423 1344 557 1406 dominis
593 1346 739 1406 Johanne
767 1346 844 1425 Ingo
877 1352 909 1407 et
936 1347 1058 1408 Thomu
1094 1349 1133 1410 de
1169 1349 1303 1420 Louthe,
1341 1351 1524 1429 justiciariis

289 1450 407 1510 domini
439 1450 542 1529 Regis,
572 1452 610 1510 ad
639 1450 858 1511 liberacionem
893 1452 983 1531 gaole
1014 1453 1256 1514 Herelordensis
1284 1455 1461 1533 assignatis
1483 1458 1522 1516 de

288 1556 371 1616 facto
407 1557 578 1627 convictus,
614 1557 654 1617 ob
689 1557 748 1617 hoc
781 1558 813 1616 in
853 1564 961 1618 nostra
992 1558 1139 1619 carcerali
1177 1560 1320 1620 custodia
1353 1560 1521 1632 detinetur,

287 1661 378 1722 nobis
405 1662 465 1721 fuit
493 1661 653 1722 humiliter
682 1663 893 1742 supplicatum
919 1664 1012 1742 quod,
1048 1684 1120 1724 cum
1149 1665 1217 1744 ipae
1245 1665 1374 1725 minime
1402 1665 1520 1725 crimen

287 1768 479 1828 commiserit
522 1768 746 1846 supradictum,
789 1770 829 1828 ad
865 1770 1066 1829 indicendum
1105 1770 1207 1830 eidem
1243 1775 1371 1850 propter
1398 1771 1520 1831 convic-

288 1874 409 1933 cionem
447 1873 628 1951 hujusmodi
663 1873 821 1934 delamato
860 1874 1082 1952 purgacionem
1121 1876 1314 1946 canonicam,
1353 1896 1448 1956 quam
1487 1897 1521 1937 66

287 1988 427 2059 prestare
448 2000 540 2059 posse
569 1980 689 2050 asserit,
719 1980 750 2038 in
782 1979 881 2039 forma
908 1980 987 2058 juris
1016 1982 1183 2060 procedere
1214 2002 1403 2043 curaremus.
1453 1983 1522 2043 Nos

287 2092 402 2154 autern,
431 2086 572 2146 volentes
599 2086 678 2163 juris
706 2087 848 2147 ordinem
876 2087 929 2165 qui
967 2087 999 2145 in
1028 2088 1086 2147 hac
1111 2093 1200 2165 parte
1229 2089 1396 2167 requiritur
1417 2089 1521 2149 obser·

287 2211 368 2261 vare,
384 2191 472 2251 vobis
493 2191 720 2251 committimus
742 2197 773 2251 et
790 2192 977 2253 mandamus
998 2193 1148 2271 quatinus
1168 2212 1224 2272 per
1240 2193 1324 2253 viros
1345 2194 1519 2273 fidedignos

287 2297 369 2357 inter
411 2317 490 2376 quos
531 2296 690 2376 predictus
728 2296 865 2357 Thomas
908 2302 982 2357 anto
1023 2298 1180 2376 predictas
1221 2299 1454 2361 conviccionem
1489 2305 1522 2359 at

287 2402 426 2461 criminis
463 2402 643 2481 hujusmodi
674 2402 944 2481 perpetracionem
983 2403 1085 2463 fuerat
1127 2409 1339 2475 conversatus,
1372 2406 1411 2465 (16
1446 2406 1521 2477 vita,

287 2508 435 2577 moribus,
457 2512 489 2567 et
510 2512 600 2585 gestu
632 2508 739 2586 ipsius,
764 2512 795 2567 et
823 2528 879 2585 per
899 2508 1079 2569 consimiles
1103 2510 1187 2570 viros
1211 2511 1350 2588 ydoneos
1378 2512 1417 2571 de
1444 2512 1522 2571 locis

287 2613 340 2672 ubi
362 2614 480 2673 dictum
502 2613 620 2673 crimen
642 2613 743 2673 fuerat
766 2619 981 2693 perpetratum
1004 2635 1044 2673 an
1070 2616 1109 2675 de
1133 2616 1243 2676 eodem
1268 2616 1398 2677 crimine
1419 2616 1522 2677 iuerat

287 2718 450 2797 culpabilis
470 2718 634 2797 inquiratis
656 2718 839 2796 diligencius
865 2720 1039 2780 veritatem.
1083 2720 1126 2779 Et
1149 2720 1176 2781 si
1198 2720 1296 2780 nichil
1316 2740 1372 2799 por
1392 2721 1520 2801 inquisi-

287 2828 409 2886 cionem
441 2826 621 2905 hujusmodi
650 2825 831 2885 inveneritis
856 2825 1032 2904 probatum,
1056 2826 1140 2905 quod
1174 2826 1274 2904 ipsius
1298 2826 1519 2905 purgacionem

287 2932 398 2992 debeat
421 2930 580 3010 impedire,
606 2930 786 3008 dictumque
809 2930 955 2990 clericum
979 2931 1200 3009 purgacionem
1223 2931 1405 2992 canonicam
1427 2952 1521 3010 posse

285 3044 435 3117 prestare,
464 3036 685 3115 purgacionem
721 3036 863 3113 ejusdem
900 3034 1003 3095 clerici
1035 3036 1067 3094 in
1097 3036 1198 3096 forma
1224 3036 1302 3114 juris
1333 3038 1521 3097 auctoritate

287 3148 395 3203 nostra
416 3141 601 3212 admittatis,
623 3148 655 3200 61
677 3140 812 3200 eundem
837 3141 875 3200 de
900 3141 1010 3201 eodem
1031 3140 1161 3201 crimine
1183 3142 1332 3201 canonice
1352 3146 1519 3220 purgatum

286 3249 361 3309 boni
386 3248 557 3309 testimonii
579 3248 744 3317 nunciatis,
771 3254 836 3307 eta
857 3246 1063 3307 carceralibus
1078 3248 1212 3308 vinculis
1234 3247 1381 3319 liberatis,
1396 3268 1531 3308 necnon

286 3354 393 3415 omnia
417 3354 477 3413 alia
498 3353 619 3413 faciatis
641 3372 702 3431 que
721 3354 753 3412 in
778 3353 939 3431 premissis
961 3354 999 3412 de
1019 3354 1088 3432 jure
1108 3353 1225 3413 fuerint
1247 3353 1405 3425 facienda;
1426 3374 1521 3433 super

286 3460 400 3539 quibus
427 3458 573 3519 omnibus
601 3465 633 3518 ot
662 3458 792 3537 singulis
820 3458 908 3518 vobis
933 3458 1059 3536 plenam
1082 3467 1190 3519 tenore
1215 3460 1411 3538 presencium
1435 3480 1520 3519 com-

286 3566 443 3625 mittimus
456 3570 656 3643 potestatem.
687 3565 805 3623 Datum
822 3563 1015 3634 Horelordie,
1032 3563 1109 3640 xvij⁰
1123 3564 1173 3624 die
1187 3564 1305 3624 mensis
1320 3564 1518 3636 Novembris,

285 3691 369 3731 anno
398 3670 527 3730 Domini
556 3669 721 3731 millesimo
747 3669 928 3749 000⁰xxvj0,
951 3676 1010 3729 otc.

285 3927 367 3986 Mor.
393 3924 547 3985 12.-The
573 3924 763 4004 Arcbbisbop
787 3925 821 4004 of
848 3924 1038 4002 Conlcrbury
1062 3925 1138 3985 calls
1163 3945 1245 4003 upon
1270 3926 1319 3985 cla
1343 3924 1462 4004 Bishop
1488 3936 1517 3986 to

408 4005 489 4066 show
516 4026 606 4065 carno
630 4005 698 4083 why
725 4004 759 4065 bo
783 4004 893 4065 should
917 4012 970 4065 not
994 4005 1101 4065 colluto
1128 4005 1241 4065 Robcrt
1265 4006 1302 4065 dc
1329 4006 1516 4084 Ecstlhorpc

409 4094 437 4147 to
460 4086 508 4146 ihc
531 4086 660 4165 thpcls
675 4087 710 4165 os
729 4086 878 4146 Deraobill
897 4086 960 4146 ond
976 4086 1149 4147 Msddlcton
1171 4086 1340 4164 [Scrcoen],
1364 4087 1400 4164 by
1423 4088 1515 4165 lapse.

367 4256 534 4327 walterus,
570 4261 640 4329 etc,
675 4256 843 4317 venerabili
878 4256 968 4315 fratri
1009 4261 1127 4324 nostro,
1168 4255 1295 4316 domino
1338 4256 1413 4327 Ado,
1447 4262 1518 4327 etc,

285 4362 429 4433 salutern,
460 4366 519 4422 etc.
576 4362 721 4443 Suscepti
750 4362 843 4422 officii
873 4382 931 4422 nos
960 4361 1175 4421 indesinenter
1201 4380 1277 4421 cura
1307 4360 1455 4422 sollicitat
1483 4367 1520 4423 ut

285 4467 425 4529 ecclesiis
445 4472 570 4546 pastore
594 4468 773 4528 carentibus
795 4488 851 4547 pro
873 4467 979 4528 debito
998 4466 1149 4545 regimine
1169 4466 1344 4525 animarum
1364 4465 1516 4527 faciamus

286 4574 324 4636 de
347 4573 462 4635 salubri
483 4574 620 4635 remedio
642 4575 806 4654 provideri.
863 4575 910 4634 Ad
931 4580 1073 4635 nostram
1094 4573 1248 4654 siquidem
1270 4572 1413 4651 pervenit
1432 4574 1518 4633 audi-

286 4685 355 4739 tum
376 4679 460 4760 quod
481 4678 598 4757 capelle
619 4680 658 4740 de
679 4680 873 4742 Dukeshulle
895 4686 927 4741 61
951 4680 990 4741 (16
1013 4677 1216 4748 Middeltone,
1242 4682 1345 4738 vestre
1366 4678 1518 4756 dyocesis,

286 4786 326 4847 ad
360 4784 630 4864 presentacionem
672 4786 789 4847 Prioris
817 4791 848 4846 61
887 4786 1070 4847 Conventus
1108 4784 1146 4843 de
1181 4780 1342 4852 Wenlalra
1377 4783 1518 4861 ejusdem

286 4889 438 4970 dyocesis,
462 4894 651 4969 spectantes,
674 4892 795 4951 tamdiu
815 4896 976 4962 vacarunt,
1001 4889 1084 4970 quod
1115 4888 1244 4949 collacio
1272 4888 1441 4949 earundem
1463 4909 1520 4968 per

286 4994 512 5075 negligenciam
548 4996 703 5056 dictorum
744 4996 861 5058 Prioris
897 5002 929 5058 61
974 4996 1165 5065 Conventus,
1211 4997 1359 5063 vestram,
1394 5013 1519 5054 necnon

288 5100 408 5161 Decani
446 5104 479 5161 ot
513 5099 650 5180 Capituli
678 5102 808 5163 66616616
842 5107 945 5163 vestro
973 5099 1224 5170 Herefordensis,
1256 5118 1403 5160 successu
1439 5105 1516 5161 tem·
