3850 5917
396 690 456 748 212
774 690 953 769 Ropistrum
980 691 1045 752 Ade
1072 690 1109 752 dc
1140 691 1263 752 aum

225 919 283 959 M)-
298 919 354 958 ¹³2²·
397 916 473 983 tero,
496 913 535 972 de
559 917 668 972 nostra
689 912 806 973 diocesi
827 912 969 985 oriundo,
1002 914 1145 985 salutem,
1168 918 1227 974 etc.
1284 913 1422 974 Litteras
1450 911 1635 974 venerabilis

397 1017 495 1096 patris
519 1017 638 1077 domini
658 1018 799 1088 Henrici,
823 1019 882 1079 Dei
903 1019 1008 1098 gracia
1028 1019 1258 1080 Lincolniensis
1279 1019 1439 1100 Episcopi,
1460 1018 1636 1097 recepimus

397 1123 430 1182 in
465 1123 524 1183 hec
558 1122 898 1185 verba:—Venerabili
937 1125 971 1184 in
1014 1124 1140 1186 Christo
1182 1125 1274 1204 patri,
1313 1124 1442 1185 domino
1484 1124 1530 1195 A..
1566 1129 1634 1194 etc,

398 1228 566 1299 Henricus,
612 1234 682 1299 etc,
725 1234 761 1288 ut
802 1249 907 1308 supra.
971 1230 1110 1304 Quarum
1154 1229 1342 1290 auctoritate
1379 1229 1557 1289 litterarum
1598 1229 1636 1288 ad

398 1333 545 1393 vicariam
581 1334 619 1394 de
642 1334 805 1394 Bourtone
834 1334 924 1413 juxta
954 1335 1143 1413 Bamptone,
1167 1335 1397 1395 Lincolniensis
1414 1335 1557 1405 diocesis,
1582 1355 1637 1414 per

396 1439 643 1518 resignacionem
672 1439 819 1519 Hugonis
858 1440 896 1500 de
931 1440 1116 1519 Monytone,
1152 1441 1255 1501 ultimi
1284 1441 1391 1501 vicarii
1422 1441 1573 1521 ejusdem,
1599 1461 1636 1502 ex

396 1565 492 1604 causa
513 1544 758 1624 permutacionis
787 1545 927 1624 predicte
948 1551 1113 1605 vacantem
1142 1545 1182 1605 ad
1216 1545 1485 1624 presentacionem
1515 1546 1634 1626 religio-

397 1671 504 1711 sorum
527 1651 673 1722 virorum,
696 1650 827 1712 Abbatis
856 1656 888 1712 et
913 1651 1096 1712 Conventus
1118 1653 1271 1731 Oseneye‚
1298 1653 1381 1713 dicte
1406 1652 1636 1714 Lincolniensis

395 1757 538 1827 diocesis,
561 1758 701 1836 ejusdem
723 1758 837 1818 vicarie
859 1777 1005 1818 verorum
1026 1763 1239 1836 patronorum,
1260 1765 1291 1819 te
1311 1759 1472 1819 caritative
1494 1759 1631 1818 admitti·

397 1883 477 1932 mus,
506 1868 539 1923 et
576 1862 726 1922 vicarium
754 1869 952 1942 perpetuum,
979 1883 1052 1924 oum
1080 1883 1174 1924 onere
1202 1865 1408 1943 personaliter
1436 1865 1634 1925 ministrandi

396 1974 428 2028 et
457 1969 606 2029 continue
634 1968 799 2039 residendi,
835 1968 1033 2029 instituimus
1066 1969 1098 2028 in
1135 1970 1253 2029 eadem.
1310 1970 1351 2029 In
1383 1971 1474 2049 cujus
1497 1971 1551 2040 rei,
1576 1977 1634 2031 etc.

397 2075 515 2134 Datum
535 2075 619 2154 apud
642 2074 840 2154 Prestebury,
863 2074 930 2153 viij⁰
960 2075 1011 2134 die
1033 2075 1154 2146 Marcii,
1180 2095 1263 2135 anno
1291 2076 1420 2136 Domini
1445 2077 1634 2155 supradicto,

396 2186 456 2241 etc.

395 2411 476 2470 Mor.
504 2410 638 2470 6-le
666 2408 784 2488 Bishop
808 2408 882 2468 cites
909 2409 957 2468 the
983 2409 1076 2468 Prior
1100 2410 1136 2488 os
1162 2409 1318 2488 Chirbury
1345 2417 1373 2476 ro
1398 2431 1514 2489 appear
1539 2412 1635 2491 before

518 2491 583 2550 tim
606 2511 645 2550 oa
670 2489 718 2549 the
742 2509 868 2550 cwrrow
893 2491 928 2569 of
953 2489 1002 2550 the
1022 2490 1133 2569 fourth
1162 2490 1291 2568 Sundap
1320 2489 1355 2550 in
1382 2491 1471 2551 Laut.

475 2647 608 2709 G1racro
638 2664 739 2706 uscue
775 2664 901 2705 cornua
933 2647 1122 2707 Pnrurrrun
1154 2648 1306 2706 Pa1onuu
1336 2667 1379 2707 uu
1410 2649 1634 2710 Garanum.-

396 2753 505 2820 Adam,
545 2757 604 2812 etc.
661 2751 742 2825 Quia
766 2770 868 2828 nuper
891 2751 1064 2830 prioratum
1101 2752 1141 2812 de
1166 2751 1330 2830 Chirbury,
1360 2759 1466 2814 nostre
1492 2754 1634 2824 diocesis,

396 2877 433 2917 ex
458 2857 551 2917 officii
580 2856 681 2916 nostri
705 2854 811 2915 debito
836 2857 1002 2916 visitantes
1024 2857 1160 2917 eundem
1185 2857 1357 2937 prioratum
1379 2865 1508 2938 propter
1530 2860 1635 2922 fratris

396 2963 543 3041 Philippi,
573 2967 649 3021 tunc
687 2961 805 3021 Prioris
834 2961 985 3039 ejusdem,
1013 2961 1138 3041 culpam
1167 2968 1199 3022 et
1228 2962 1431 3024 insolenciam
1470 2985 1506 3025 ac
1534 2966 1634 3026 eciam

395 3067 652 3128 insufficienciam
674 3071 706 3127 et
730 3065 954 3145 impotenciam
977 3067 1187 3146 comperimus
1208 3069 1239 3126 in
1264 3069 1478 3147 spiritualibus
1503 3076 1535 3132 et
1556 3077 1634 3132 tem-

394 3173 553 3255 poralibus
584 3173 754 3252 plurimum
792 3171 890 3232 fuisse
921 3172 1104 3251 collapsum,
1144 3173 1289 3252 idemque
1324 3173 1420 3234 irater
1458 3176 1633 3256 Philippus,

396 3301 490 3361 super
510 3279 672 3359 premissis
697 3299 803 3340 coram
831 3277 922 3338 nobis
954 3279 994 3337 ad
1027 3278 1185 3338 racionem
1208 3279 1340 3358 positus,
1369 3299 1432 3359 quo
1460 3281 1499 3340 ad
1528 3282 1635 3342 omnia

395 3406 561 3466 personam
587 3404 677 3444 suam
706 3388 738 3443 et
762 3388 881 3444 statum
902 3402 996 3442 suum
1018 3382 1050 3440 in
1072 3383 1156 3444 dicto
1179 3385 1319 3463 prioratu
1347 3385 1520 3464 tangencia,
1546 3406 1633 3466 pure,

395 3498 517 3572 sponte,
539 3496 572 3551 et
592 3489 735 3551 absolute
756 3487 874 3549 nostris
898 3487 1091 3548 ordinacioni
1119 3494 1152 3548 et
1179 3489 1410 3568 dispensacioni
1432 3492 1572 3552 totaliter
1598 3513 1633 3553 se

395 3597 551 3666 submisit,
585 3595 673 3656 vobis
710 3594 898 3654 mandamus
933 3598 1090 3672 quatenus
1132 3594 1252 3654 dictum
1287 3594 1414 3655 fratrem
1451 3596 1634 3676 Philippum

395 3702 499 3765 citetis
520 3703 570 3762 vel
594 3702 683 3761 citari
711 3701 833 3760 laciatis
854 3699 1064 3779 peremptorie
1088 3700 1173 3778 quod
1194 3706 1373 3779 compareat
1402 3721 1506 3762 coram
1532 3703 1633 3774 nobis,

395 3808 444 3870 vel
479 3809 595 3869 nostris
632 3807 664 3865 in
698 3807 756 3867 hac
791 3810 881 3886 parte
919 3805 1153 3876 commissariis,
1190 3805 1222 3864 in
1264 3811 1372 3866 nostra
1409 3806 1635 3870 Herelordensi

393 3914 534 3984 ecclesia,
559 3914 592 3972 iu
624 3913 761 3974 crastino
793 3911 853 3972 diei
890 3910 1056 3970 Dominice
1084 3929 1147 3989 qua
1176 3915 1322 3971 cantatur
1349 3911 1486 3972 officium
1521 3913 1632 3974 lictore

398 4019 574 4090 Ierusalcnr,
597 4018 828 4079 ordinacionem
862 4022 894 4077 et
913 4015 1186 4096 dispensacionem
1211 4022 1335 4078 nostras
1357 4037 1452 4097 super
1471 4019 1634 4097 premissis

393 4126 528 4196 visurus,
550 4124 723 4193 auditurus,
758 4128 951 4202 recepturus,
985 4127 1018 4182 et
1048 4121 1209 4201 pariturus
1236 4122 1364 4184 eisdem.
1421 4123 1464 4183 Et
1492 4125 1568 4204 quid
1599 4126 1631 4184 in

393 4232 565 4313 premissis,
601 4235 659 4291 eto.
737 4231 856 4289 Datum
878 4229 961 4308 apud
984 4227 1184 4307 Prostebury,
1210 4228 1254 4290 vi⁰
1282 4229 1332 4291 die
1362 4230 1480 4291 mensis
1511 4231 1631 4303 Marcii,

394 4359 477 4400 anno
497 4336 626 4398 Domini
648 4334 848 4415 illucent

394 4567 466 4628 Feb.
489 4564 644 4627 u-Jotn
664 4563 701 4623 dc
721 4561 866 4640 Brinsop,
887 4562 954 4622 who
976 4561 1116 4632 chinred,
1139 4563 1176 4640 by
1199 4563 1353 4644 circeos
1370 4585 1390 4624 a
1411 4565 1513 4645 Popal
1533 4587 1630 4644 praec,

516 4667 537 4706 c
566 4646 709 4721 Gurwcry
736 4642 800 4702 and
828 4642 966 4702 Probend
993 4644 1028 4722 os
1052 4643 1204 4726 Heresord
1232 4651 1285 4705 not
1312 4646 1471 4724 ccooedinp
1499 4649 1570 4708 ¹810
1597 4649 1633 4709 ic

516 4727 614 4797 velue,
643 4723 820 4786 surrmders
850 4723 898 4783 liis
927 4722 1022 4783 elusim
1050 4723 1115 4784 into
1145 4723 1193 4785 tha
1223 4725 1367 4805 Bithop's
1397 4727 1505 4788 hands.

476 4885 742 4943 Iusrauunuruu
781 4896 907 4939 consus
951 4896 1144 4939 uicrsrnuu
1183 4879 1223 4940 J..
1252 4897 1296 4938 nn
1334 4879 1520 4942 Baunsorn.
1535 4883 1630 4943 -In

393 4989 521 5051 nomine
562 4987 700 5058 Domini,
742 4985 853 5046 Amen.
915 4983 978 5045 Per
1015 5005 1146 5065 presens
1188 4984 1348 5064 publicum
1384 4987 1630 5050 instrumentum

393 5095 516 5158 cunctis
545 5097 695 5173 appareat
722 5091 884 5152 evidenter
918 5091 1002 5170 quod
1030 5091 1098 5171 viij⁰
1133 5091 1184 5152 die
1206 5089 1325 5152 mensis
1360 5091 1529 5166 Februarii,
1558 5102 1632 5174 post
