3850 5917
679 709 830 790 Episcopi
857 710 1100 790 Herefordencia
1465 712 1505 773 27

123 943 172 983 tl)-
185 942 234 983 ¹³¹⁷·
273 934 413 995 civitatis
444 938 476 995 et
499 934 640 995 locorum
670 931 846 995 vicinorum
867 933 920 994 ubi
951 939 984 995 et
1015 934 1141 1014 quando
1171 935 1273 1013 major
1301 934 1411 1015 populi
1431 954 1504 995 con·
1553 964 1562 977 ·

271 1038 405 1101 emerit
438 1038 618 1111 multitudo,
648 1058 774 1101 necnon
803 1043 837 1099 ct
865 1038 899 1099 in
933 1038 1011 1099 locis
1040 1039 1074 1099 in
1104 1038 1219 1118 quibus
1250 1039 1354 1100 dictus
1374 1040 1506 1101 clericus

271 1144 375 1206 iuerat
395 1150 610 1217 conversatus,
637 1150 671 1206 et
701 1145 755 1205 ubi
783 1145 915 1207 crimina
941 1146 1124 1225 hujusmodi
1147 1145 1285 1217 luerunt,
1314 1151 1351 1207 ut
1381 1146 1505 1218 dicitur,

273 1254 463 1331 perpetrata,
494 1249 619 1311 iacietis
649 1248 773 1330 publice
798 1249 987 1329 proclamari
1017 1255 1050 1311 et
1078 1250 1291 1331 peremptorie
1320 1251 1508 1331 generaliter

271 1355 394 1417 evocari
426 1360 472 1427 ut,
498 1354 593 1435 siqui
621 1354 687 1416 sint
707 1356 761 1435 qui
782 1374 816 1416 se
836 1353 994 1417 voluerint
1014 1374 1172 1435 opponere
1195 1356 1378 1436 purgacioni
1402 1356 1506 1417 clerici

271 1460 446 1535 memorati,
468 1466 671 1541 compareant
692 1480 797 1523 coram
817 1460 907 1523 vobis
927 1461 961 1521 in
982 1462 1055 1522 aula
1074 1461 1187 1542 palacii
1215 1463 1315 1523 nostri
1336 1462 1506 1524 Hereiord-

271 1567 366 1637 ensis,
388 1567 440 1628 die
461 1566 610 1627 Mercurii
627 1567 770 1647 proximo
790 1572 863 1648 post
883 1568 1002 1628 festum
1022 1567 1124 1628 sancti
1145 1567 1321 1638 Michaelis,
1342 1568 1506 1647 allegaturi

271 1679 303 1735 et
324 1673 519 1754 proposituri
533 1693 660 1734 causam
681 1672 912 1745 racionabilem‚
928 1674 954 1735 si
969 1693 1064 1753 quam
1078 1673 1224 1745 habeant,
1246 1693 1307 1753 que
1324 1673 1506 1754 hujusmodi

271 1780 495 1860 purgacionem
530 1779 643 1840 merito
683 1778 796 1841 debeat
829 1779 990 1859 impedire.
1054 1779 1088 1840 Si
1121 1799 1196 1841 vero
1233 1779 1332 1840 nichil
1373 1779 1507 1841 obsistat

273 1885 461 1947 canonicum
483 1884 516 1944 in
536 1884 596 1945 hac
616 1890 715 1964 parte,
730 1886 953 1965 purgacionem
974 1885 1050 1946 dicti
1071 1885 1175 1947 clerici
1190 1886 1378 1947 auctoritate
1396 1892 1507 1947 nostra

272 1992 305 2050 in
318 1990 423 2051 forma
441 1990 521 2070 juris
534 1990 749 2061 admittentes,
770 1990 905 2051 eundem
926 1991 1077 2052 canonice
1091 1992 1130 2052 de
1151 1990 1335 2051 criminibus
1355 1990 1506 2070 predictis

272 2102 442 2177 purgatum
473 2096 547 2157 boni
586 2096 761 2158 testimonii
801 2096 969 2169 nuncietis,
1004 2102 1037 2158 et
1074 2117 1093 2157 a
1131 2096 1338 2158 carceralibus
1371 2096 1508 2158 vinculis

274 2202 423 2275 liberetis,
458 2222 582 2264 necnon
616 2203 723 2264 omnia
756 2203 818 2264 alia
848 2203 972 2264 iacietis
1006 2222 1067 2283 que
1101 2202 1135 2261 in
1168 2201 1331 2282 premissis
1365 2201 1404 2262 de
1437 2201 1508 2280 jure

271 2308 389 2370 inerint
429 2307 582 2369 iacienda.
644 2309 765 2369 Datum
799 2309 882 2387 apud
924 2308 1140 2380 Witebourne,
1178 2308 1266 2387 ¹¹l⁸⁸
1296 2306 1348 2367 dic
1386 2306 1508 2369 mensis

277 2412 481 2493 Septembris,
502 2432 587 2474 anno
607 2412 737 2474 Domini
759 2413 938 2475 M¹¹¹⁰000¹⁰⁰
962 2413 1230 2494 septimodecimo,
1251 2417 1312 2474 etc.

276 2674 358 2753 Sept.
380 2672 708 2733 25.-Memcrandum
727 2672 763 2752 os
774 2672 874 2733 lettere
894 2671 1061 2750 dimissam
1082 2670 1211 2749 created
1232 2676 1261 2731 to
1283 2669 1332 2730 tlte
1351 2668 1464 2731 Rector
1476 2668 1513 2748 cf

400 2753 637 2825 Micrtenoortb
671 2752 739 2814 thot
774 2753 810 2814 be
850 2772 922 2831 may
955 2752 1068 2814 receive
1101 2752 1249 2813 Decooa'a
1282 2750 1346 2811 and
1379 2750 1508 2811 Pn'est’r

400 2834 511 2895 Ordera
526 2836 611 2915 from
624 2854 686 2913 any
709 2834 850 2896 Oathole'c
872 2833 993 2914 Biehop
1013 2833 1049 2893 io
1068 2833 1117 2894 ibe
1137 2831 1341 2912 Kinqdomcs
1351 2830 1507 2910 Enqlond.

351 2991 959 3053 Muusranwoarsn.¹-Memorandum
978 2992 1063 3071 quod
1076 3011 1137 3052 xxv
1153 2990 1204 3051 die
1224 2989 1343 3051 mansis
1365 2988 1506 3067 Septem·

273 3098 344 3169 bris,
367 3118 452 3159 anno
474 3097 604 3159 Domini
625 3097 869 3178 Muoemvijr,
889 3098 974 3177 apud
992 3096 1168 3176 Bromyard
1184 3096 1340 3157 concessit
1360 3094 1508 3155 dominus

272 3203 432 3264 Willelmo
466 3203 505 3264 de
527 3203 703 3283 Thuneyd,'
726 3202 853 3264 Rectori
884 3207 916 3263 et
950 3202 1142 3263 subdiacono
1165 3202 1205 3262 de
1229 3198 1506 3270 Monstreworthe,

273 3308 394 3369 litteras
432 3307 626 3369 dimissorias
666 3327 723 3388 pro
765 3306 927 3369 ordinibus
966 3306 1151 3367 diaconatus
1190 3310 1222 3366 et
1269 3303 1508 3384 presbyteratus

273 3413 460 3493 recipiendis
481 3433 500 3473 a
520 3432 707 3493 quocunque
729 3412 888 3492 Episcopo
918 3410 1074 3472 catholico
1093 3410 1182 3489 regni
1203 3409 1315 3489 Anglie
1335 3408 1507 3468 dummodo

271 3520 308 3581 de
331 3519 452 3582 eisdem
473 3518 635 3580 ordinibus
657 3518 816 3599 Episcopo
836 3518 886 3579 vel
907 3518 976 3597 ejus
996 3517 1113 3578 vicario
1133 3516 1167 3575 in
1188 3514 1404 3596 spiritualibus
1424 3512 1508 3573 inira

271 3626 349 3687 duos
371 3645 498 3687 menses
518 3646 538 3686 a
558 3630 700 3704 tempore
721 3623 935 3704 ausoepcionis
956 3622 1097 3703 ipsorum
1117 3622 1234 3683 faceret
1254 3620 1358 3682 fidem.

274 3880 356 3961 Sept.
378 3879 537 3941 22.-The
555 3879 683 3959 Bisbop,
704 3878 835 3959 departed
856 3885 885 3940 to
901 3877 1032 3959 procide
1053 3877 1137 3939 John
1156 3878 1270 3937 Browe
1291 3883 1320 3936 to
1341 3895 1361 3936 a
1382 3874 1507 3953 terrefioe

395 3960 432 4021 ia
453 3961 502 4023 tho
522 3961 581 4039 pist
601 3962 636 4039 os
654 3960 703 4021 the
723 3960 816 4021 Prior
835 3960 871 4039 of
886 3960 1021 4031 Newent,
1042 3958 1106 4020 aad
1128 3957 1257 4019 Theclae
1274 3958 1388 4017 Brown
1403 3963 1432 4017 to
1452 3976 1507 4017 one

393 4041 430 4102 in
451 4041 501 4103 ela
531 4042 591 4122 pist
619 4042 655 4122 os
683 4041 731 4102 the
759 4040 853 4102 Prior
883 4042 921 4121 os
946 4040 1136 4111 Mourmath,
1167 4037 1375 4100 commissione
1405 4037 1508 4097 Adam

396 4122 547 4184 Oarboeel
567 4129 596 4184 to
617 4122 730 4203 uersor
750 4122 871 4183 himin
892 4121 941 4183 the
960 4128 1080 4182 matter.

352 4276 535 4339 Ocurrrssro
556 4294 657 4336 rscrs
671 4292 833 4336 mersrso
855 4276 926 4335 Anu
941 4274 1117 4336 Osasoarn
1138 4290 1199 4333 rao
1220 4272 1373 4333 Josarun
1388 4272 1504 4332 Bacca

271 4401 482 4445 msarrnao
504 4399 565 4443 soa
587 4400 650 4443 sic
672 4382 942 4453 rosus-Adam,
964 4387 1034 4452 etc,
1055 4383 1202 4441 executor
1222 4379 1263 4439 ad
1277 4379 1505 4459 providendum

271 4490 410 4552 Johanni
431 4489 551 4559 Brenn,
572 4490 701 4570 pauperi
722 4489 915 4568 presbytero,
937 4488 976 4549 de
997 4488 1102 4568 aliquo
1122 4486 1274 4548 beneficio
1294 4484 1506 4546 ecclesiastico

271 4600 435 4676 spectante
457 4596 667 4657 communiter
679 4596 730 4657 vel
751 4594 876 4656 divisim
895 4594 935 4655 ad
956 4593 1159 4655 collacionem
1173 4591 1223 4654 vel
1236 4588 1506 4672 presentacionem

270 4704 387 4765 Prioris
409 4707 441 4764 et
464 4702 646 4763 Conventus
667 4702 824 4781 prioratus
845 4700 884 4762 de
906 4700 1050 4768 Newent,
1070 4697 1189 4758 ordinis
1209 4695 1311 4756 sancti
1330 4693 1504 4764 Benedicti,

272 4816 379 4872 nostre
393 4808 537 4879 diocesis,
559 4807 617 4870 sub
638 4813 723 4869 certa
744 4808 845 4868 iorma
866 4827 886 4867 a
902 4806 977 4869 sede
997 4804 1170 4884 apostolica
1190 4802 1368 4882 deputatus,
1390 4799 1506 4860 dilecto

272 4918 338 4978 Ado
366 4914 521 4979 carbonel
556 4916 700 4985 salutem,
737 4918 796 4975 etc.
853 4914 973 4974 Datum
1002 4911 1087 4991 apud
1117 4908 1331 4978 Witeboume‚
1362 4906 1424 4985 xxij
1455 4905 1506 4965 die

273 5024 391 5087 mensis
414 5020 617 5102 Septembris,
639 5040 722 5081 anno
743 5018 873 5080 Domini
895 5015 1178 5095 Mmcccruvijw,
1199 5018 1258 5074 etc.

385 5159 478 5201 l-Thla
491 5161 562 5206 entra
575 5158 595 5200 Ιι
609 5158 678 5200 made
691 5160 717 5200 at
730 5158 772 5199 the
785 5160 827 5205 top
839 5156 865 5199 ci
877 5154 894 5198 i.
907 5156 943 5197 rb.
1138 5152 1262 5199 a-auera
1274 5146 1395 5195 runnevk.
