3850 5917
685 700 837 781 Episcopi
863 700 1108 781 Hercsordensr's.
1474 703 1516 764 87

97 967 98 980 2
129 929 174 968 Α-ὓ·
188 929 237 968 ¹³¹⁸·
276 927 378 1002 gente,
421 923 511 985 vobis
552 925 748 997 mandamus,
784 929 854 996 etc,
893 925 1044 1005 quatinus
1081 926 1201 986 dictum
1240 926 1429 987 Nicholaum
1471 926 1517 987 sic

276 1028 583 1089 excommunicatum
616 1049 686 1091 esse
721 1030 753 1089 in
783 1029 915 1110 singulis
942 1030 1083 1093 ecclesiis
1117 1032 1213 1093 vostri
1238 1033 1410 1093 decanatus
1431 1033 1517 1093 intra

277 1134 445 1195 missarum
467 1135 661 1214 sollempnia,
677 1135 810 1214 pulsatis
831 1137 1003 1215 campanis,
1018 1143 1088 1209 eto,
1108 1138 1232 1217 publice
1251 1142 1283 1199 et
1300 1137 1518 1217 sollempniter

276 1239 483 1310 denuncietis,
512 1260 567 1300 seu
588 1240 770 1301 denunciari
801 1241 933 1312 faciatis,
966 1241 1076 1302 diebus
1116 1242 1293 1303 Dominicis
1327 1248 1359 1303 et
1393 1243 1516 1304 festivis

276 1341 440 1425 quousque
461 1346 544 1406 idem
569 1345 743 1406 Nioholaus
779 1347 990 1408 absolucionis
1022 1347 1209 1408 beneficium
1244 1348 1277 1406 in
1307 1347 1409 1408 forma
1436 1349 1516 1428 juris

277 1451 426 1511 meruerit
447 1451 598 1529 optinere.
641 1451 684 1510 Et
699 1451 777 1530 quid·
788 1452 821 1510 in
841 1451 1014 1530 premissis,
1029 1457 1088 1512 etc.
1125 1453 1245 1512 Datum
1258 1453 1343 1531 apud
1358 1452 1516 1514 Schobbe·

277 1557 357 1617 done
370 1557 475 1636 prima
488 1556 538 1618 die
553 1557 671 1618 mensis
686 1557 879 1629 Decembris,
894 1578 979 1619 anno
1000 1558 1129 1619 Domini
1144 1558 1312 1619 millesimo
1326 1557 1514 1638 ooorxvnp,

277 1667 335 1722 etc.

358 1791 402 1852 Et
427 1793 665 1853 memorandum
687 1794 771 1872 quod
792 1793 894 1854 simile
915 1794 1101 1853 mandatum
1122 1794 1277 1854 directum
1298 1799 1365 1854 erat
1386 1795 1517 1854 Deoano

279 1897 503 1959 Hereiordensi
523 1918 581 1977 pro
601 1898 782 1977 hujusmodi
807 1899 1054 1960 denunciacione
1084 1899 1227 1960 iacienda
1258 1901 1291 1958 in
1315 1899 1516 1979 processione

277 2009 309 2064 et
328 2004 414 2064 intra
441 2004 609 2064 missarum
631 2004 816 2083 sollempnia
838 2010 874 2064 ut
904 2004 1048 2083 superius
1075 2005 1107 2062 in
1135 2005 1268 2065 ecclesia
1289 2004 1516 2066 Hereiordensi

278 2115 309 2170 et
330 2108 444 2170 ceteris
465 2109 605 2170 ecclesiis
626 2106 763 2170 civitatis
785 2113 817 2170 et
838 2110 1010 2171 decanatus
1031 2109 1080 2170 sui
1106 2109 1357 2172 Herefordensis.

278 2415 349 2476 Dec.
385 2415 522 2475 3-th
550 2415 676 2495 Bishop,
715 2416 826 2476 unable
855 2423 883 2476 ιο
913 2416 946 2476 be
981 2424 1104 2495 present
1142 2425 1176 2477 οι
1216 2417 1266 2478 the
1303 2418 1513 2478 consecration

399 2497 435 2574 os
459 2496 592 2575 Stephon
610 2497 648 2557 dc
674 2496 849 2557 Groocscnd
873 2517 907 2557 cs
936 2497 1056 2576 Bisbop
1076 2499 1112 2576 of
1131 2498 1271 2569 Londoo,
1294 2499 1383 2559 seoda
1407 2507 1436 2560 ιο
1462 2500 1512 2559 ilie

400 2577 590 2656 Arcbbishop
612 2598 633 2637 o
655 2577 741 2638 letter
764 2578 799 2656 os
817 2584 939 2638 consent
964 2585 993 2638 ιο
1013 2577 1062 2638 the
1080 2579 1296 2639 corneorotion.
1348 2579 1398 2640 Hc
1422 2580 1512 2640 sorde

400 2658 478 2718 with
505 2660 531 2717 ii
559 2679 579 2718 o
608 2658 741 2737 letlcrof
761 2659 836 2736 qood
863 2658 973 2719 wishes
1009 2666 1039 2719 ιο
1069 2659 1118 2719 tho
1145 2659 1243 2720 Elect.

359 2840 507 2899 Lmrnan
528 2857 593 2898 rsa
620 2839 907 2908 QuasEriscorus
929 2837 1209 2898 Hasnrosnnnsm
1237 2856 1418 2898 consessu·
1439 2857 1516 2899 con·

278 2962 470 3006 sacrescrosi
501 2943 1191 3022 nnaorrInanoarans1s.-Arohiepisoopo,
1222 2949 1282 3004 etc.
1337 2945 1517 3024 Episcopus

277 3050 529 3121 Hereiordensis,
554 3054 613 3111 etc.
657 3051 737 3124 Quia
755 3049 807 3110 die
828 3049 996 3110 Dominica
1017 3049 1159 3128 proxima
1179 3054 1253 3128 post
1275 3049 1393 3111 festum
1411 3052 1514 3112 sancti

278 3157 404 3218 Hillarii
419 3157 452 3216 in
467 3156 705 3217 consecracione
724 3155 909 3216 venerabilis
924 3155 992 3227 viri,
1012 3155 1155 3234 magistri
1174 3154 1204 3215 S.
1220 3156 1259 3216 de
1278 3156 1513 3228 Graveshende‚

276 3263 368 3324 electi
391 3261 630 3333 Londoniensis,
653 3261 686 3319 in
707 3266 811 3322 vestra
833 3259 1052 3322 Cantuariensi
1073 3260 1205 3320 ecclesia
1229 3281 1286 3340 per
1309 3281 1366 3322 vos
1390 3261 1517 3323 favente

277 3369 416 3430 Domino
451 3368 644 3438 celebranda,
679 3372 821 3428 nostram
841 3366 1038 3447 presenciam
1075 3367 1240 3427 commode
1275 3386 1339 3427 non
1373 3368 1517 3428 valemus

276 3474 480 3555 corporaliter
507 3474 661 3545 exhibere,
695 3474 789 3534 variis
817 3472 947 3534 ecclesie
970 3479 1078 3533 nostre
1110 3473 1247 3552 negociis
1278 3473 1442 3552 prepediti,
1474 3494 1516 3535 ne

276 3586 384 3642 tamen
406 3581 513 3641 animo
534 3581 697 3642 videamur
717 3581 825 3641 deesse
855 3579 1086 3640 consecracioni
1107 3579 1290 3659 hujusmodi
1310 3585 1419 3640 tenore
1446 3600 1516 3659 pre·

276 3689 419 3749 cencium
442 3687 667 3748 consentimus.
709 3687 829 3747 Datum
854 3686 938 3766 apud
961 3687 1109 3766 Hergast,
1134 3686 1228 3746 tertia
1249 3685 1299 3746 die
1321 3685 1515 3758 Decembris,

277 3810 361 3851 anno
383 3789 513 3850 Domini
534 3790 769 3869 M⁰ooo⁰xviij⁰.

359 3931 769 3994 Loan0s11s.-Venerabili
791 3931 824 3991 in
846 3931 974 3992 Christo
995 3932 1087 4011 patri,
1109 3933 1237 3993 domino
1263 3933 1304 4005 S,
1328 3933 1388 3993 Dei
1412 3933 1517 4012 gracia

275 4038 377 4098 electo
398 4037 613 4098 Londoniensi
634 4036 828 4108 confirmato,
847 4038 957 4110 Adam,
977 4042 1047 4110 etc,
1069 4038 1218 4118 quicquid
1241 4038 1379 4117 pertinet
1393 4038 1515 4110 salutis,

276 4149 335 4204 eto.
379 4143 470 4203 Licet
494 4147 597 4204 status
617 4144 713 4204 vestri
742 4142 906 4204 honorifici
930 4143 1157 4204 exaltacionem
1180 4148 1212 4204 et
1232 4143 1364 4223 gloriam
1384 4143 1516 4205 sinceris

276 4247 440 4309 desideriis
461 4247 623 4320 afficimus,
645 4268 709 4309 non
730 4249 886 4310 credimus
906 4254 1013 4308 tamen
1034 4249 1118 4328 quod
1140 4248 1389 4309 consecracionis
1411 4254 1516 4310 vestre

276 4353 473 4434 sollempniis
508 4354 541 4413 in
576 4353 708 4415 eeclesia
739 4354 857 4415 christi
882 4353 1102 4414 cantuariensi
1142 4353 1192 4414 die
1232 4353 1408 4424 Dominica,
1443 4359 1515 4425 etc,

277 4463 438 4520 annuente
482 4459 629 4530 Domino,
669 4459 871 4531 celebrandis,
914 4459 1067 4520 interesse
1105 4459 1308 4539 corporaliter
1344 4459 1515 4531 valeamus,

276 4571 406 4644 propter
427 4564 562 4644 quedam
589 4565 686 4625 ardua
713 4565 843 4645 negocia
873 4586 934 4645 que
963 4571 1039 4625 tunc
1069 4565 1103 4623 in
1123 4564 1345 4625 remotioribus
1373 4565 1516 4643 partibus

278 4678 384 4732 nostre
408 4670 542 4732 diocesis
562 4690 659 4750 prope
685 4671 844 4750 Salopiam
865 4676 1007 4732 nostram
1028 4674 1202 4749 exposcunt
1223 4670 1419 4749 presenciam
1446 4691 1516 4749 per-

277 4778 429 4838 sonalem.
472 4777 522 4838 Ne
542 4781 648 4838 tamen
671 4777 776 4839 animo
797 4778 906 4838 deesse
928 4777 1099 4849 videamur,
1123 4774 1355 4837 consecracioni
1376 4775 1518 4855 predicte

278 4891 422 4946 nostrum
456 4883 624 4963 prebemus
658 4903 823 4946 assensum
858 4903 914 4963 per
946 4883 1023 4944 alias
1062 4887 1187 4943 nostras
1221 4885 1367 4960 patentes
1395 4880 1517 4942 litteras

277 4991 406 5051 domino
431 4989 651 5051 cantuariensi
678 4991 822 5061 directas,
847 5009 926 5070 quas
950 5009 1007 5068 per
1033 4988 1166 5048 latorem
1191 4985 1390 5066 presencium
1411 4991 1516 5048 vestre

279 5095 456 5158 reverencie
483 5095 687 5156 destinamus.
730 5096 817 5156 Deus
838 5095 1040 5174 omnipotens
1059 5093 1093 5151 in
1114 5091 1202 5153 omni
1229 5089 1437 5171 prosperitate
1459 5111 1517 5152 vos
