3850 5917
684 693 836 774 Episcopi
862 695 1106 776 Heresorderaris.
1453 698 1513 758 201

113 926 171 965 Μ)-
184 927 234 964 ¹³²¹·
275 927 428 1000 tanquam
456 920 584 980 inutiles
610 919 820 998 negliguntur,
849 939 885 979 ac
913 918 1013 980 ruinis
1038 919 1187 999 exposite,
1212 925 1244 980 et
1272 941 1328 1000 per
1355 921 1511 1000 negligen-

274 1025 355 1086 ciam
388 1025 536 1096 desolate,
565 1045 637 1084 cum
666 1025 860 1085 habitatores
883 1044 948 1084 non
973 1025 1144 1096 inveniant,
1179 1031 1297 1087 statum
1326 1027 1513 1098 deformant,

274 1139 307 1192 et
341 1132 487 1193 decorem
521 1129 707 1191 obnubilant
735 1135 842 1191 nostre
869 1131 1000 1193 ecclesie
1039 1138 1233 1204 memorate;
1276 1139 1403 1214 propter
1430 1135 1514 1214 quod

276 1238 368 1300 nobis
392 1259 465 1299 cum
486 1236 642 1298 instancia
663 1237 879 1316 supplicarunt
907 1244 944 1298 ut
965 1238 1177 1300 ecclesiastico
1199 1241 1309 1300 honori
1333 1246 1364 1301 et
1388 1241 1512 1301 canoni-

275 1365 383 1405 corum
413 1344 543 1404 utilitati
571 1363 752 1404 curaremus
779 1363 836 1422 per
862 1343 989 1404 unionis
1017 1345 1190 1404 remedium
1220 1345 1392 1424 providere,
1415 1365 1463 1416 ne,
1486 1347 1513 1406 si

274 1471 367 1510 secus
388 1449 453 1519 fiat,
478 1449 648 1509 multitudo
672 1449 836 1508 domorum
860 1449 900 1508 ad
920 1449 1112 1527 paucitatem
1142 1450 1233 1528 lapsu
1255 1451 1406 1529 temporis
1434 1451 1511 1510 redi-

273 1559 375 1634 gatur.
419 1554 498 1615 Cum
518 1552 613 1632 igitur
631 1553 744 1613 domus
763 1552 960 1613 canonicales
981 1573 1041 1632 qne
1058 1553 1322 1633 inpresenciarum
1338 1556 1514 1616 inhabitate

275 1663 374 1738 [sunt]
407 1665 439 1720 et
463 1660 576 1719 domus
598 1659 715 1719 eisdem
738 1659 849 1728 vicine,
871 1679 950 1738 quas
975 1659 1055 1720 bone
1078 1661 1227 1721 memorie
1252 1661 1398 1721 dominns
1418 1661 1514 1741 Hugo

273 1765 312 1826 de
330 1765 504 1835 Brehousa‚
523 1766 682 1844 quondam
699 1764 948 1824 Penitenciarius
967 1771 1081 1836 noster,
1098 1765 1294 1836 inhabitavit,
1309 1786 1365 1845 per
1380 1771 1513 1827 mortem

275 1871 375 1950 ipsius
400 1890 485 1930 nunc
510 1875 667 1939 vacantes,
696 1869 858 1948 premissis
882 1875 914 1929 et
939 1869 1009 1930 aliis
1035 1871 1249 1940 incommodis,
1272 1871 1310 1931 de
1339 1872 1451 1951 quibus
1481 1872 1512 1930 in

273 1978 388 2038 litteris
417 1976 517 2037 nostri
546 1976 683 2055 Capituli
708 1977 874 2036 memorati
905 1976 997 2037 nobis
1022 1997 1116 2056 super
1139 1978 1200 2038 hoc
1239 1978 1364 2039 directis
1392 1978 1514 2057 plenior

273 2085 310 2142 fit
332 2082 465 2150 mencio,
488 2082 552 2142 sint
574 2081 723 2160 subjecte,
739 2101 817 2161 quas
838 2102 895 2160 per
918 2086 1006 2142 tuam
1032 2083 1275 2144 sollicitudinem
1298 2090 1329 2144 et
1349 2085 1512 2163 providen-

273 2189 353 2249 ciam
384 2207 548 2267 speramus
576 2185 608 2245 in
638 2186 749 2246 melius
777 2185 1001 2255 reformandae,
1034 2186 1119 2265 ipsas
1147 2187 1257 2248 domos
1288 2194 1445 2256 vacantes,
1478 2194 1514 2249 ut

272 2295 478 2374 premittitur,
514 2293 578 2354 tuis
612 2293 757 2353 domibus
792 2292 830 2351 de
869 2311 1025 2352 consensu
1062 2292 1137 2352 dicti
1173 2292 1310 2372 Capituli
1350 2313 1516 2374 aggregare

274 2401 472 2461 decrevimus
503 2404 535 2460 et
566 2399 664 2468 unire,
696 2418 811 2477 easque
847 2397 903 2458 tibi
933 2397 1123 2459 conferimus
1162 2404 1194 2458 et
1229 2399 1430 2461 concedimus
1469 2401 1514 2461 sic

275 2507 391 2567 unitas.
434 2505 473 2564 In
495 2525 628 2586 quorum
657 2505 884 2574 testimoninm,
910 2509 969 2564 etc.
1012 2504 1132 2565 Datum
1154 2505 1348 2576 Hereiordie,
1371 2506 1418 2584 iij⁰
1444 2507 1514 2567 Kal.

275 2611 431 2680 Octobris,
453 2632 536 2671 anno
561 2610 690 2670 Domini
711 2609 923 2689 M0ccc⁰xxj⁰.

357 2769 401 2827 Et
439 2788 496 2846 pro
527 2767 712 2827 induccione
750 2766 891 2845 ejusdem
930 2766 1072 2846 magistri
1111 2766 1147 2825 R.
1188 2767 1348 2828 mandavit
1387 2767 1515 2828 domino

275 2873 506 2934 Archidiacono
526 2872 751 2933 Herefordensi
768 2878 800 2933 et
818 2871 968 2951 magistro
986 2871 1125 2932 Henrico
1143 2871 1181 2932 de
1198 2871 1346 2942 Schorne,
1362 2874 1514 2934 canonico

276 2980 308 3038 in
338 2979 471 3039 ecclesia
498 2977 722 3040 Hereiordensi
745 2978 934 3057 supradicto.

277 3259 348 3320 Feb.
374 3258 510 3318 a-Tte
535 3257 654 3337 Bisltop
675 3258 711 3337 of
733 3257 897 3335 Saliabrrry
919 3256 1077 3317 institutes
1105 3257 1235 3319 Timores
1260 3259 1296 3319 de
1321 3260 1461 3337 Bosbrrry
1484 3270 1514 3321 to

398 3339 449 3498 gre
458 3339 621 3499 {pppffie
642 3340 678 3418 of
700 3338 861 3416 Shicfield,
887 3358 926 3398 ort
949 3339 998 3399 the
1018 3339 1227 3417 presentation
1249 3341 1284 3419 of
1306 3341 1354 3400 the
1381 3341 1515 3420 Chapter

358 3576 549 3636 Insrrrucro
580 3593 703 3634 vrcnnu
735 3593 778 3634 nn
812 3574 1279 3654 Scearrernnna.-Rogems‚
1308 3577 1516 3655 permissione

276 3682 383 3742 divina
407 3679 649 3742 sarisburiensis
672 3679 859 3759 Episcopus,
883 3679 997 3740 dilecto
1021 3678 1095 3750 filio,
1125 3679 1244 3741 Thome
1273 3681 1311 3742 de
1340 3681 1513 3761 Boeebury,

275 3787 458 3866 presbitero,
490 3786 635 3856 salutem,
670 3791 729 3846 etc.
787 3786 834 3844 Ad
862 3785 1011 3845 vicariam
1046 3785 1177 3846 ecclesie
1205 3787 1243 3846 de
1276 3786 1513 3866 Schenyglelde,

275 3900 383 3954 nostre
407 3891 549 3962 diocesis,
574 3891 613 3950 ad
638 3911 734 3970 quam
754 3911 810 3970 per
833 3890 965 3951 dilectos
990 3890 1079 3950 nobis
1105 3890 1136 3948 in
1159 3889 1294 3962 Christo,
1320 3892 1511 3971 Capitulum²

278 3997 521 4060 Heraiordensis
545 3998 675 4058 ecclesie
697 3996 895 4066 cathedralis,
920 3997 1012 4057 nobis
1034 4002 1234 4074 presentatus
1259 3997 1377 4070 existis,
1400 3998 1515 4061 teleto

277 4106 389 4186 quinto
411 4105 460 4165 die
480 4102 651 4173 Februarii,
671 4122 754 4163 anno
776 4102 904 4162 Domini
926 4101 1093 4162 millesimo
1115 4101 1205 4163 000ο
1226 4103 1383 4175 vicesimo,
1405 4124 1513 4164 secun—

275 4213 351 4272 ‹lum
380 4210 514 4270 formam
553 4208 793 4270 constitucionis
821 4207 940 4268 domini
979 4207 1134 4268 Octoboni
1170 4207 1253 4267 edite
1281 4207 1313 4266 in
1342 4208 1401 4269 hac
1426 4216 1516 4288 parte

276 4319 484 4386 admittimus,
505 4321 538 4377 et
567 4315 718 4375 ricarium
748 4320 936 4394 perpetuum
965 4333 1037 4373 cum
1059 4333 1153 4374 onere
1181 4313 1329 4374 continue
1357 4316 1514 4376 residendi

277 4429 309 4485 et
335 4422 543 4502 personaliter
571 4420 770 4480 ministrandi
798 4418 948 4479 canonice
976 4417 1172 4479 instituimus
1197 4418 1229 4477 in
1258 4419 1389 4490 eadem;
1419 4419 1515 4483 salvis

278 4533 310 4590 in
347 4528 494 4590 omnibus
522 4526 753 4607 episcopalibus
790 4524 912 4605 juribus
950 4530 1000 4586 et.
1021 4525 1301 4586 consuetudinibus
1339 4546 1374 4586 ac
1407 4533 1514 4590 nostre

278 4634 520 4698 Sarisburiensis
552 4633 682 4694 ecclesie
714 4631 875 4711 dignitate,
908 4650 945 4690 ac
973 4630 1071 4691 eciam
1100 4629 1190 4690 nobis
1222 4635 1254 4690 et
1282 4632 1515 4695 successoribus

279 4743 395 4804 nostris
423 4739 600 4819 specialiter
634 4744 792 4819 potestate
830 4737 994 4817 porciones
1023 4737 1105 4797 dicte
1143 4737 1266 4805 vicarie,
1299 4737 1448 4817 quociens
1483 4745 1515 4800 et

277 4849 404 4929 quando
428 4866 508 4925 opus
533 4845 635 4914 luerit,
661 4843 894 4923 augmentandi.
938 4843 977 4902 In
998 4843 1087 4922 cujus
1108 4843 1162 4914 rei,
1188 4849 1247 4903 eto.
1290 4842 1407 4902 Datum
1432 4846 1515 4923 apud

279 4955 416 5016 Poterne
448 4951 498 5012 die
529 4957 562 5011 et
591 4971 674 5010 anno
702 4948 861 5029 predictis,
898 4947 1146 5009 consecracionis
1178 4967 1252 5008 vero
1288 4952 1394 5008 nostre
1431 4969 1515 5010 anno

279 5065 377 5122 sexto.

752 5141 816 5181 l-ln
831 5141 882 5182 MS.
897 5137 1020 5186 causali.
