3850 5917
401 692 461 751 360
774 690 951 768 caccum
978 690 1043 751 Ado
1070 689 1107 750 dc
1137 690 1259 750 0116166

231 922 289 963 Α’ῡ-
305 923 360 963 '⁵⁴²⁸-
402 917 515 978 ceteris
542 916 692 977 faciendis
720 936 781 998 que
811 916 951 995 ipsorum
979 916 1132 977 industrie
1159 915 1409 987 committuntur,
1443 914 1512 975 sine
1546 913 1634 992 gravi

402 1022 541 1103 periculo
565 1023 735 1083 eorundem
759 1026 792 1083 et
814 1022 931 1103 absque
955 1020 1111 1102 vituperio
1133 1020 1263 1082 ecclesie
1286 1020 1429 1087 Romane
1455 1023 1488 1080 et
1514 1018 1635 1079 domini

404 1129 514 1200 nostri,
537 1128 658 1190 Summi
687 1128 859 1201 Pontificis,
881 1128 1063 1206 hujusmodi
1083 1128 1143 1189 iter
1164 1146 1254 1207 agere
1275 1147 1338 1188 non
1360 1126 1516 1198 valebunt,
1538 1126 1636 1187 immo

404 1240 533 1316 propter
557 1254 722 1314 corporum
743 1234 916 1295 cruciatum
937 1240 970 1295 et
991 1234 1213 1313 spoliacionem
1235 1233 1389 1295 bonorum
1412 1252 1473 1313 que
1492 1232 1637 1312 personis

404 1340 525 1402 suiset
549 1340 665 1401 familie
693 1361 749 1402 sue
777 1340 811 1400 in
838 1339 951 1420 Anglia
978 1340 1168 1401 comminata
1195 1339 1351 1410 dicuntur,
1373 1338 1413 1399 ad
1439 1336 1635 1418 presenciam

411 1447 529 1508 domini
550 1446 645 1526 Regia
661 1448 760 1527 ipsius
782 1452 870 1507 tutus
898 1466 960 1507 non
983 1445 1104 1526 patebit
1125 1465 1278 1507 accessus.
1321 1443 1401 1505 (lum
1421 1444 1517 1523 igitur
1536 1462 1637 1504 asser-

408 1553 514 1615 ciones
546 1553 726 1632 hujusmodi
757 1552 852 1613 falsas
876 1552 994 1632 pariter
1027 1556 1060 1612 et
1090 1550 1258 1621 confectas,
1285 1553 1375 1630 patre
1402 1547 1637 1610 mendaciorum

408 1659 517 1719 callide
539 1658 699 1729 suadente,
715 1657 754 1718 ab
773 1656 878 1737 impiis
903 1655 1130 1717 detractoribus
1149 1660 1182 1716 et
1200 1654 1312 1715 emulis
1332 1654 1419 1733 pacis
1441 1658 1547 1714 nostre
1570 1672 1637 1713 non

404 1766 447 1826 sit
474 1764 604 1825 dubium
629 1764 831 1844 processisse,
860 1768 892 1824 et
915 1763 1050 1823 maxime
1074 1762 1157 1842 quod
1189 1761 1329 1841 prefatus
1361 1758 1507 1819 dominus
1529 1763 1638 1818 noster

406 1870 474 1932 Rex
508 1850 572 1949 jam
601 1870 719 1930 dudum
747 1868 836 1949 quasi
871 1889 928 1948 per
962 1872 1092 1928 cunctas
1125 1867 1277 1937 civitates,
1313 1869 1425 1935 castra,
1461 1869 1494 1925 61
1525 1869 1637 1943 portus

406 1976 493 2056 regni
523 1976 571 2037 sui
602 1974 725 2055 publice
757 1975 872 2035 fecerat
899 1972 1085 2054 proclamari
1112 1977 1157 2043 ut,
1189 1971 1438 2052 quandocunque
1476 1968 1637 2029 dominam

405 2082 567 2161 Reginam,
596 2101 668 2141 cum
696 2079 760 2139 filio
787 2100 845 2140 suo
879 2084 1062 2149 memorato,
1091 2078 1131 2137 ad
1165 2083 1270 2157 partes
1298 2075 1408 2156 Anglie
1434 2074 1535 2135 redire
1561 2093 1635 2133 con-

406 2188 520 2267 tigerit,
549 2187 636 2266 regni
664 2186 808 2265 indigene
841 2185 976 2262 majores
1008 2190 1041 2245 et
1079 2184 1215 2245 minores
1239 2182 1325 2262 ipsos
1354 2201 1425 2241 cum
1453 2179 1519 2240 suis
1545 2179 1638 2257 juxta

406 2299 509 2356 status
536 2293 585 2353 sui
623 2292 862 2353 condecenciam
901 2291 1097 2369 susciperent
1133 2310 1205 2349 cum
1233 2287 1411 2349 reverencia
1447 2290 1479 2345 et
1507 2285 1636 2354 honore,

408 2400 526 2461 eisdem
552 2398 701 2459 solacium
727 2398 810 2477 quod
832 2402 961 2477 possent
983 2417 1054 2457 cnm
1080 2394 1281 2476 applausibus
1303 2392 1521 2473 impendendo,
1546 2389 1639 2450 sileat

408 2524 482 2583 ergo
510 2503 661 2565 infrunita
699 2502 892 2563 mendacitas
920 2501 1114 2571 detractoris,
1152 2505 1184 2561 et
1218 2500 1276 2558 viri
1303 2497 1438 2577 linguosi
1475 2494 1639 2556 mendacia

412 2609 644 2689 conquiescant.
686 2608 730 2667 Et
758 2613 794 2667 ut
815 2606 1030 2667 insinuacione
1054 2606 1195 2667 veritatis
1215 2610 1305 2665 tanta
1326 2601 1499 2683 loquacitas
1525 2600 1637 2662 redun-

409 2716 511 2787 datur,
533 2734 573 2775 ne
598 2713 755 2774 diffundat
778 2712 810 2772 in
830 2713 946 2793 populo
970 2712 1069 2773 lacius
1090 2712 1176 2772 virus
1197 2729 1298 2780 suum,
1320 2709 1482 2787 honorque
1506 2706 1636 2767 serenis-

408 2821 480 2883 simi
521 2820 676 2899 Principis
710 2824 742 2879 et
771 2818 890 2879 domini
924 2818 1026 2878 nostri
1064 2817 1167 2896 Regis,
1208 2816 1298 2895 cujus
1340 2814 1522 2874 innocencie
1555 2812 1639 2872 circa

410 2926 564 3007 premissa
586 2926 673 2986 Deus
694 2930 743 2986 est
771 2925 872 2996 testis,
905 2945 923 2984 a
954 2923 1020 2984 suis
1051 2922 1185 2984 subditis
1211 2927 1417 3002 preservetur,
1449 2918 1637 2979 fraternitati

408 3042 512 3097 vestre
540 3033 767 3094 committimus
801 3037 833 3092 et
861 3031 1057 3101 mandamus,
1086 3029 1218 3090 firmiter
1245 3028 1454 3107 injungentes,
1489 3025 1638 3105 quatinus

408 3140 614 3220 suffraganeis
643 3138 760 3199 nostris
783 3157 840 3218 per
872 3135 1131 3197 Oantuariensem
1158 3134 1349 3215 provinciam
1383 3131 1564 3193 constitutis
1585 3131 1635 3191 de·

410 3245 567 3306 nunciatis
602 3244 793 3305 asserciones
825 3243 982 3323 predictas
1023 3242 1062 3302 de
1096 3241 1222 3302 domine
1258 3240 1377 3319 Regina
1414 3244 1446 3300 et
1487 3237 1543 3297 filii
1587 3236 1636 3297 sui

408 3351 594 3412 bannicione
622 3354 654 3410 61
682 3350 720 3409 (16
748 3348 894 3428 periculis
914 3347 1044 3427 prefatis
1068 3347 1191 3407 nunciis
1219 3345 1417 3407 comminatis
1445 3343 1540 3404 falsas
1568 3362 1638 3403 esse

405 3462 439 3518 et
468 3456 627 3525 confictas,
664 3454 811 3533 omnique
849 3453 978 3515 destitui
1006 3452 1138 3513 veritate
1168 3457 1201 3512 et
1240 3470 1297 3530 per
1331 3449 1417 3529 ipsos
1451 3449 1639 3509 adinventas

406 3562 460 3642 qui
481 3562 563 3621 inter
592 3560 713 3621 nobiles
734 3559 845 3637 Anglie
875 3565 908 3619 et
938 3557 1071 3619 Francia
1101 3557 1203 3636 Reges
1235 3562 1267 3616 et
1293 3555 1456 3634 Principes
1493 3573 1636 3634 guerram

408 3667 521 3727 sitiunt
559 3666 630 3745 plus
666 3684 760 3745 quam
788 3683 907 3744 pacem.
962 3662 1091 3723 Eisdem
1123 3660 1328 3741 suffraganeis
1357 3660 1473 3719 nostris
1506 3658 1635 3719 nichilo·

409 3772 515 3832 minus
549 3771 724 3832 districcius
752 3768 923 3848 injungatis
950 3773 987 3827 ut
1021 3767 1054 3827 in
1082 3767 1220 3828 ecclesiis
1251 3785 1379 3826 suarum
1406 3764 1569 3825 civitatum
1604 3769 1639 3824 et

407 3878 578 3939 diocesium
601 3875 713 3955 quibus
741 3874 876 3936 viderint
903 3872 1056 3952 expedire,
1082 3893 1118 3933 ac
1154 3872 1186 3930 in
1215 3869 1411 3932 sermonibus
1438 3870 1570 3949 publicis
1604 3875 1636 3931 et

408 3983 490 4054 alibi,
520 3982 628 4043 diebus
656 3980 831 4041 Dominicis
859 3984 891 4040 61
925 3979 1046 4039 festivis
1073 3978 1156 4038 intra
1186 3977 1353 4038 missarum
1381 3975 1555 4055 solempnia
1581 3995 1638 4054 per

407 4089 547 4168 ipsarum
562 4086 762 4147 ecclesiarum
787 4084 936 4145 Rectores
961 4089 994 4143 et
1014 4083 1146 4145 vicarios
1166 4082 1243 4161 ipsis
1264 4081 1461 4162 parochianis
1484 4081 1639 4159 premissa

408 4192 560 4273 predicari
582 4191 699 4251 faciant
721 4196 753 4251 et
774 4190 895 4269 exponi,
917 4190 1003 4268 ipsos
1023 4188 1246 4249 nichilominus
1270 4192 1419 4247 moneant
1441 4200 1472 4247 et
1487 4187 1639 4246 inducant

408 4299 491 4378 quod
513 4318 570 4378 pro
595 4297 723 4358 domino
747 4301 855 4357 nostro
882 4296 976 4373 Rege,
998 4300 1030 4355 et
1064 4314 1141 4374 pace
1172 4293 1301 4354 ecclesie
1339 4298 1371 4353 et
1407 4292 1502 4371 regni,
1532 4291 1636 4351 Deum

410 4404 531 4465 devotis
567 4402 711 4482 precibus
746 4401 954 4480 interpellent,
990 4406 1023 4460 et
1055 4420 1113 4480 pro
1148 4399 1275 4460 domina
1309 4405 1418 4460 nostra
1451 4398 1572 4476 Regina
1604 4403 1637 4457 et

408 4510 536 4569 domino
558 4507 722 4576 Eduardo,
744 4505 808 4566 filio
830 4526 887 4566 suo
900 4505 1118 4585 primogenito,
1133 4505 1254 4565 devotis
1274 4504 1470 4565 oracionibus
1492 4500 1638 4565 insistere

409 4608 557 4668 studeant
588 4605 672 4683 apud
699 4603 802 4663 Deum
844 4609 880 4663 ut
922 4622 998 4681 ipse,
1031 4603 1121 4681 cujus
1155 4608 1235 4661 nutu
1270 4601 1392 4681 singula
1418 4601 1638 4681 disponuntur,

408 4705 568 4765 dominam
596 4701 748 4781 Reginam
787 4706 819 4760 et
850 4700 950 4760 filium
993 4720 1086 4760 auum
1124 4699 1298 4780 predictum
1339 4699 1372 4758 in
1414 4698 1525 4777 Anglia
1565 4718 1638 4758 cum

411 4802 515 4863 leticia
537 4806 570 4861 et
591 4798 786 4859 exultacione
806 4798 935 4858 reducat
955 4803 988 4858 et
1010 4797 1153 4858 celeriter
1173 4796 1273 4857 redire
1293 4796 1397 4866 faciat,
1425 4796 1464 4855 ad
1486 4794 1638 4856 honorem

409 4899 469 4960 Dei
505 4918 541 4959 ac
577 4896 696 4959 domini
733 4895 833 4957 nostri
868 4895 963 4974 Regis
1001 4899 1033 4954 et
1071 4894 1167 4973 regni,
1204 4894 1236 4953 in
1274 4893 1380 4954 votiva
1420 4898 1452 4954 et
1489 4912 1641 4971 prospera

410 4996 555 5065 sanitate,
590 4993 735 5074 quodque
772 4990 1060 5053 machinacionibus
1088 4990 1207 5052 fallacis
1241 4990 1359 5050 inimici
1381 4988 1519 5069 depulsis
1556 4989 1641 5050 inter

409 5094 511 5172 Reges
545 5096 577 5152 et
608 5110 704 5170 regna
736 5087 986 5150 Christianorum
1014 5108 1075 5168 pax
1099 5088 1210 5168 vigeat,
1242 5106 1361 5148 errores
1388 5092 1421 5147 et
1442 5086 1522 5146 vicia
1548 5086 1640 5147 dissi·
