3850 5917
695 710 846 791 Episcopi
873 711 1117 791 Hercfordensis.
1464 712 1524 773 365

96 938 159 978 Ml·
177 940 242 979 ¹³²⁴·
285 936 357 995 ete.¹
409 934 528 994 Datum
557 934 719 1005 Avinione,
755 933 814 1013 iiij⁰
842 934 911 994 Kal.
942 934 1135 1005 Decembris,
1167 934 1376 996 Pontificatus
1404 935 1524 995 domini

285 1040 442 1101 «Iohannis
470 1041 556 1121 Papo
587 1043 693 1119 [anno]
726 1060 820 1101 none.

98 1314 161 1355 M)-
179 1315 241 1354 ¹³²⁶·
285 1308 363 1385 Jelp
384 1306 540 1367 12.-'.l’be
560 1307 679 1386 Besbop
704 1306 851 1368 instructa
881 1306 930 1367 the
961 1306 1068 1367 Vicere
1090 1307 1125 1385 of
1144 1306 1344 1376 Leominster,
1376 1306 1521 1384 Alnceley,

407 1386 687 1465 Prcston·on·Wpe,
706 1387 908 1456 Enrdislcnd,
925 1387 1077 1457 Slwbdon,
1093 1387 1156 1446 ond
1182 1387 1521 1457 Stcnnton-on-Arrow,

407 1468 470 1527 end
492 1468 541 1529 the
559 1467 671 1547 pericli
688 1469 802 1547 priests
824 1470 859 1548 of
876 1467 1056 1545 Pentridqe
1077 1467 1140 1528 ond
1160 1467 1306 1545 Kinqlon,
1340 1474 1369 1527 to
1390 1487 1522 1546 erratice

401 1549 456 1689 sqr
490 1548 632 1689 imm
669 1548 705 1609 de
741 1550 897 1610 Stcnnton
929 1548 1023 1626 deiero
1053 1547 1161 1627 publio
1198 1568 1334 1627 pencnce
1371 1548 1406 1608 in
1441 1548 1522 1608 their

406 1649 498 1690 onoc
522 1649 561 1689 ec.

369 1798 479 1869 Adam,
502 1804 571 1869 etc,
600 1799 722 1860 dilectis
750 1799 783 1858 in
798 1800 925 1861 Christo
945 1799 1028 1871 filiis,
1051 1799 1090 1860 de
1116 1797 1347 1869 Leoministria,
1370 1797 1525 1877 Aylmaly,

287 1904 472 1975 Presthone,
489 1904 682 1975 Erleslonde,
706 1904 903 1975 Shobbdone,
918 1910 950 1965 et
973 1904 1149 1965 Stauntone
1170 1902 1373 1963 ecclesiarum
1390 1902 1525 1975 vicariis,

287 2017 320 2074 et
341 2010 523 2091 presbiteris
543 2009 775 2090 parochialibus
796 2010 999 2071 eeclesiarum
1013 2008 1052 2069 de
1073 2008 1275 2088 Penebrugge
1291 2012 1324 2068 et
1345 2006 1525 2086 Kyngtone,

286 2124 395 2179 nostre
416 2116 558 2189 diocesia,
582 2116 726 2189 salutem,
741 2120 801 2177 etc.
837 2116 1008 2176 Ricardum
1030 2115 1068 2175 de
1091 2114 1258 2183 staunton,
1280 2112 1396 2173 laicum
1417 2117 1526 2174 nostre

286 2222 429 2292 diocesis,
459 2227 528 2291 etc,
561 2221 747 2282 auctoritate
776 2221 895 2281 domini
926 2222 1013 2300 Pape
1044 2240 1100 2299 per
1128 2220 1227 2299 ipsius
1262 2218 1525 2298 penitenciarinm

287 2327 467 2389 absolutum
488 2327 576 2387 etad
596 2346 654 2388 nos
669 2327 845 2398 remissum,
865 2327 914 2386 cui
933 2347 990 2407 per
1008 2327 1144 2387 eundem
1160 2325 1423 2405 penitenciarium
1442 2324 1526 2385 inter

286 2431 428 2493 eliasub
460 2431 565 2492 debito
594 2431 718 2511 prestiti
752 2432 921 2510 juramenti
957 2431 1136 2510 injunctum
1175 2434 1224 2490 est
1259 2435 1295 2489 ut
1323 2448 1379 2509 per
1413 2447 1525 2490 omnes

287 2538 432 2616 majores,
460 2541 530 2607 etc,
559 2536 738 2597 confitendo
766 2541 897 2607 reatum,
926 2537 966 2596 ad
993 2556 1050 2596 voa
1071 2534 1272 2603 remittimus,
1299 2533 1443 2612 injuncta
1465 2532 1526 2593 sibi

286 2662 422 2723 pernes
452 2641 490 2702 de
521 2646 611 2701 reatu
634 2641 776 2719 predicto
800 2640 979 2720 penitencia
1006 2638 1145 2710 salutari,
1173 2639 1359 2698 mandantes
1381 2637 1471 2698 vobis
1492 2642 1525 2698 et

287 2750 320 2808 in
335 2748 451 2809 virtute
465 2748 645 2809 obediencie
670 2748 802 2809 firmiter
825 2748 1027 2828 injungentes
1041 2747 1190 2825 quatinus
1214 2744 1368 2824 premissa
1389 2744 1422 2802 in
1438 2764 1524 2803 man-

286 2856 362 2916 dato
379 2854 454 2915 dicti
474 2854 691 2933 penitenciarii
707 2859 855 2915 contenta
877 2854 910 2913 in
930 2874 1066 2932 persona
1082 2852 1195 2932 prelati
1216 2850 1353 2922 Ricardi,
1375 2850 1526 2930 quatinus

287 2960 327 3019 ad
348 2978 404 3019 vos
432 2959 555 3028 attinet,
581 2958 697 3019 curetis
718 2959 829 3020 devote
854 2962 886 3019 et
913 2957 1048 3018 fideliter
1075 2956 1255 3036 adimplere.
1300 2943 1525 3033 Datum'apud

287 3063 524 3143 Schenyglelde,
546 3064 602 3143 xij⁰
623 3063 673 3123 die
694 3063 812 3123 mensis
840 3063 927 3134 Julii,
956 3082 1040 3123 anno
1061 3061 1191 3121 Domini
1212 3059 1352 3121 M⁰0000
1373 3058 1524 3119 vicesimo

287 3176 386 3232 sexto.

288 3430 351 3491 The
372 3427 490 3507 Bishop
510 3427 546 3506 of
571 3424 736 3503 Solisbnry
764 3422 973 3485 commissione
1002 3421 1051 3482 the
1079 3419 1277 3481 Arcbdeocon
1305 3417 1341 3496 of
1368 3415 1465 3477 Berke
1494 3423 1524 3476 to

411 3508 481 3568 bold
506 3508 554 3568 the
581 3506 674 3567 aeneai
695 3505 822 3583 inquiry
843 3502 1023 3581 coraceninq
1045 3501 1093 3562 the
1120 3520 1255 3577 noconcp
1277 3500 1312 3578 of
1335 3498 1384 3558 the
1400 3496 1525 3557 Obnrclr

408 3590 443 3669 os
469 3588 515 3649 St.
545 3588 639 3658 Gilee,
669 3586 819 3663 Recdinp,
850 3594 879 3645 to
910 3583 1011 3643 which
1033 3583 1081 3643 ibe
1109 3581 1206 3642 notor
1234 3579 1299 3640 and
1331 3580 1465 3639 Conveni
1492 3578 1529 3657 of

410 3669 552 3747 Reodinq
574 3668 649 3729 liene
665 3666 824 3747 presented
850 3666 894 3725 W.
916 3665 953 3724 de
974 3664 1026 3734 H,
1045 3663 1154 3743 prieet.

309 3869 315 3883 ·
369 3853 550 3913 Counrssro
588 3869 630 3910 un
666 3866 898 3919 rnourssunnn
942 3866 1047 3908 sores
1088 3862 1267 3905 vacamovn
1304 3859 1526 3902 sasamon.-

287 3959 474 4038 Episcopus,
490 3962 559 4027 etc,
578 3956 691 4017 dilecto
712 3956 785 4027 filio,
808 3954 1036 4015 Archidiaoono
1057 3950 1215 4020 Berkerie,
1231 3948 1280 4009 vel
1302 3947 1371 4026 ejus
1391 3944 1524 4006 Officiali

285 4064 431 4135 salutem,
447 4068 505 4125 ete.
548 4062 775 4123 Presentarunt
796 4060 887 4121 nobis
905 4058 1042 4137 religiosi
1062 4057 1130 4127 viri,
1154 4053 1258 4115 Abbas
1285 4057 1317 4114 et
1341 4052 1525 4113 Conventus

287 4168 472 4229 Monasterii
497 4166 659 4246 Radingie,
683 4167 732 4227 W.
761 4166 800 4226 de
825 4166 878 4235 Η.,
903 4162 1122 4244 presbiterum,
1152 4160 1191 4220 ad
1216 4158 1365 4218 vicariam
1392 4155 1524 4217 ecclesie

286 4274 388 4337 sancti
410 4272 523 4353 Egidii,
546 4278 652 4334 nostre
674 4271 815 4342 diocesis,
841 4274 1006 4332 vacantem
1028 4273 1060 4329 et
1086 4272 1119 4327 at
1140 4286 1230 4327 suam
1252 4262 1523 4343 presentacionem

286 4383 493 4460 spectantem,
515 4382 551 4437 ut
572 4378 689 4437 dicunt.
733 4376 885 4451 Quocirca
906 4374 995 4435 vobis
1017 4372 1203 4433 mandamus
1232 4368 1382 4448 quatinus
1403 4366 1524 4428 vocatis

286 4483 436 4545 vocandis
463 4488 529 4543 tam
557 4502 652 4562 super
672 4482 840 4542 vacacione
868 4481 951 4541 dicte
978 4477 1102 4547 vicarie,
1124 4476 1157 4535 in
1185 4473 1299 4555 quibus
1323 4469 1524 4550 porcionibus

286 4588 441 4659 consistit,
479 4608 515 4648 ac
557 4588 596 4648 de
626 4588 731 4648 valore
767 4606 871 4646 annuo
901 4584 1080 4652 earundem,
1123 4585 1155 4641 et
1191 4580 1217 4639 si
1246 4576 1340 4637 fuerit
1370 4574 1523 4644 ordinata,

287 4714 410 4756 necnon
432 4693 470 4753 de
491 4696 585 4764 etate,
610 4692 684 4763 vita,
708 4690 856 4763 moribus,
882 4686 1132 4757 conversacione,
1154 4680 1328 4752 ordinibus,
1350 4684 1382 4740 et
1403 4678 1524 4739 meritis

286 4820 420 4882 persone
435 4800 474 4859 ad
496 4819 566 4860 eam
586 4802 775 4878 presentate,
797 4817 891 4877 quam
912 4796 981 4875 jure
994 4788 1241 4874 presentacionis
1260 4793 1293 4847 et
1311 4785 1524 4865 presentantis

287 4906 400 4967 ultimo
435 4904 475 4965 ad
503 4904 634 4965 eandem
668 4902 700 4962 in
728 4903 821 4983 pleno
850 4902 909 4962 loci
939 4899 1085 4980 capitulo
1114 4895 1287 4958 secundum
1323 4911 1523 4952 communem

287 5030 416 5072 cursum
438 5008 622 5070 celebrando
647 5008 828 5087 diligentem
851 5006 974 5067 faciatis
996 5002 1236 5084 inquisicionem
1257 4997 1430 5058 secundum
1450 4997 1523 5055 arti-

756 5144 825 5185 l-As
837 5154 868 5185 on
882 5154 903 5190 p.
920 5144 955 5183 165
968 5140 1003 5182 ad
1013 5139 1059 5187 sin.
