3850 5917
395 702 456 763 310
769 702 948 780 chiatncm
976 702 1040 763 Adc
1068 702 1104 763 dc
1134 704 1257 763 Orlotorr

224 933 282 973 M>-
296 934 352 973 ¹²⁹⁰·
394 928 631 999 Ptebendarios,
653 929 804 990 Rectores
828 928 1040 999 ecclesiarum,
1062 928 1212 999 Vicarios,
1235 935 1267 991 st
1287 950 1397 991 omnes
1423 929 1500 991 alios
1523 930 1635 1009 hujus-

395 1034 480 1094 modi
511 1034 713 1095 beneficistos
744 1035 777 1093 in
809 1034 936 1096 civitate
973 1040 1005 1095 et
1046 1034 1162 1096 diocesi
1200 1040 1306 1096 vestra
1337 1034 1561 1097 Herelordsnsi
1595 1036 1636 1097 de

396 1140 544 1212 dominio,
579 1146 748 1220 potestate,
782 1140 945 1212 affinitate,
977 1160 1034 1202 seu
1073 1140 1329 1202 confederacione
1367 1142 1463 1221 Regis
1501 1141 1636 1202 Francis

395 1246 576 1317 existentes,
597 1247 704 1307 venire
724 1246 847 1307 facistis
875 1266 981 1307 coram
1003 1246 1211 1307 Thessurario
1234 1251 1266 1307 et
1291 1246 1403 1307 ceteris
1430 1246 1469 1306 de
1494 1246 1635 1307 Consilio

395 1356 504 1413 nostro
535 1352 619 1431 apud
648 1351 967 1413 westmonasterium
999 1352 1039 1413 ad
1070 1356 1172 1413 certos
1197 1352 1272 1423 dies,
1305 1352 1350 1413 eis
1381 1372 1437 1431 per
1461 1372 1517 1413 vos
1544 1352 1636 1431 juxta

395 1455 535 1517 locorum
560 1456 747 1517 distancism
781 1462 814 1517 et
841 1462 980 1517 vestram
1007 1457 1230 1519 discrecionem
1260 1458 1474 1537 assignandos,
1496 1458 1634 1517 audituri

395 1567 472 1622 tunc
493 1561 609 1622 ibidem
633 1582 729 1640 super
749 1561 937 1641 quibusdum
969 1582 1023 1623 eos
1055 1561 1309 1641 contingentibus
1337 1562 1532 1623 voluntatem
1561 1582 1632 1623 nos·

395 1674 487 1738 trum,
509 1667 704 1747 ulteriusque
724 1667 838 1727 lecturi
857 1672 889 1728 et
908 1668 1064 1746 recepturi
1082 1668 1166 1747 quod
1187 1668 1226 1727 de
1245 1668 1355 1727 eodem
1377 1668 1508 1728 consilio
1525 1674 1635 1729 nostro

396 1778 473 1833 tunc
501 1772 667 1858 contigerit
705 1771 851 1831 ordinari.
907 1772 951 1831 Et
979 1771 1081 1832 dictos
1118 1772 1361 1833 Thesaurarium
1389 1778 1421 1832 et
1459 1772 1634 1833 Consilium

394 1879 539 1940 nostrum
567 1878 683 1939 ibidem
718 1878 757 1938 de
784 1877 965 1938 nominibus
993 1877 1135 1938 omnium
1156 1878 1338 1955 hujusmodi
1366 1877 1633 1951 beneficiatorum,

395 1988 557 2045 eteorum
579 1983 811 2053 beneficiorum,
828 2003 951 2044 necnon
973 1983 1012 2045 de
1033 1983 1143 2044 diebus
1164 1983 1209 2045 sic
1230 2004 1286 2063 per
1300 2004 1356 2045 vos
1373 1984 1419 2045 eis
1436 1986 1635 2065 assignandis

394 2090 435 2149 ud
469 2089 596 2149 eosdem
631 2089 715 2149 diem
749 2094 781 2149 et
815 2088 920 2149 locum
954 2088 1093 2149 reddatis
1128 2108 1264 2169 congrue
1298 2088 1357 2150 sub
1392 2089 1493 2169 sigillo
1527 2096 1635 2152 vestro

393 2195 555 2256 cerciores.
593 2194 686 2256 Teste
705 2215 756 2255 me
778 2195 846 2273 ipso
865 2195 948 2273 apud
972 2194 1298 2267 westmonasterium,
1318 2204 1350 2255 x⁰
1366 2196 1417 2257 die
1435 2196 1634 2267 Novembris,

394 2322 479 2363 anno
499 2302 587 2377 regni
607 2302 729 2362 decimo
750 2306 870 2362 octavo.

400 2596 465 2656 Oct.
493 2595 649 2655 30.——Thc
672 2594 863 2673 Arcbbishop
890 2595 926 2673 os
951 2595 1143 2673 Ouatcrbary
1169 2595 1296 2657 tumente
1325 2596 1374 2657 the
1398 2597 1575 2675 proculcare
1602 2599 1639 2677 os

513 2675 643 2756 perjary
665 2675 701 2734 ic
724 2675 773 2735 tho
794 2675 978 2746 low-coorta
1000 2676 1064 2735 aad
1086 2676 1198 2737 directs
1223 2676 1289 2736 thot
1311 2677 1410 2737 notice
1433 2678 1465 2737 te
1487 2678 1576 2755 qicen
1598 2678 1636 2739 ia

520 2756 673 2817 Chorotus
696 2756 764 2816 that
784 2756 830 2816 all
846 2755 992 2835 pcrjcred
1012 2777 1138 2835 persons
1163 2757 1264 2818 would
1289 2758 1322 2818 bc
1346 2759 1634 2829 cocorararmicuted,

517 2837 581 2897 aad
606 2838 655 2897 tho
675 2856 778 2916 power
798 2838 833 2916 os
856 2836 1015 2915 obsolviny
1041 2838 1121 2898 thom
1147 2838 1283 2899 rescrced
1305 2846 1334 2899 to
1364 2839 1413 2899 tho
1441 2840 1636 2920 Archbisbop

519 2918 652 2998 tiburis.

474 3101 621 3160 Inrrnru
651 3100 907 3159 Aacsrnrrscom
933 3098 1197 3160 Gaurusmnssrs
1233 3116 1373 3159 nrnsors
1409 3101 1634 3162 Oourrrsssiuo

391 3224 454 3268 suo
489 3205 955 3274 Gaurusarsusr.-Wclterus,
991 3210 1050 3265 etc.
1107 3204 1188 3279 Quia
1223 3225 1260 3266 ex
1300 3205 1455 3285 perjuriis,
1499 3226 1561 3285 que
1595 3226 1633 3267 ex

392 3311 583 3392 impunitate
610 3312 781 3372 eorundem
809 3316 841 3370 et
866 3309 1122 3371 dissimulatione
1147 3310 1339 3389 dampnabili
1360 3312 1552 3389 prelatorum
1576 3332 1634 3391 per

392 3419 576 3479 continuum
614 3423 741 3477 actuum
784 3416 998 3495 frequenciam
1036 3416 1126 3496 quasi
1162 3417 1195 3475 in
1223 3416 1459 3477 assuetudinem
1498 3417 1634 3478 deducta

395 3527 512 3603 [sunt],
537 3522 690 3584 nonnulla
716 3528 782 3581 tam
805 3522 983 3581 animarum
1008 3543 1103 3601 quam
1128 3542 1334 3601 personarum
1362 3526 1394 3583 st
1422 3542 1526 3583 rerum
1551 3524 1632 3603 peri-

392 3631 464 3692 cula
498 3630 532 3689 in
562 3629 629 3689 dies
663 3628 851 3707 proveniunt
881 3634 913 3688 et
950 3628 1104 3689 hactenus
1136 3634 1357 3707 provenerunt,
1393 3633 1487 3707 prout
1523 3629 1632 3689 efficax

392 3756 498 3797 rerum
536 3733 732 3813 experiencia
759 3733 952 3803 manifestat,
987 3740 1023 3793 ut
1055 3734 1235 3812 hujusmodi
1265 3732 1360 3813 igitur
1388 3733 1536 3813 periculis
1572 3734 1632 3795 viis

393 3839 507 3921 quibus
530 3858 701 3918 possumus
728 3843 928 3898 occurrentes
956 3857 1129 3917 congruum
1153 3840 1184 3897 in
1208 3839 1270 3899 hiis
1292 3840 1464 3899 remedium
1494 3860 1630 3919 appona-

392 3966 474 4017 mus,
496 3944 585 4006 robis
602 3944 832 4004 committimus
852 3949 884 4003 et
906 3943 1039 4004 firmiter
1060 3943 1252 4023 injungendo
1273 3944 1460 4004 mandamus
1481 3946 1631 4023 quatinus

392 4056 426 4112 in
458 4050 590 4130 singulis
610 4048 752 4110 ecclesiis
783 4048 922 4108 civitatis
951 4056 1059 4109 nostre
1090 4054 1122 4109 et
1151 4048 1285 4109 diocesis
1313 4068 1369 4127 per
1396 4049 1536 4128 singulos
1564 4051 1631 4111 dies

394 4158 578 4219 Dominicos
613 4162 645 4217 et
684 4154 815 4216 festivos
850 4154 1038 4234 quantocius
1074 4154 1302 4233 subsequentes
1338 4155 1422 4215 intra
1463 4156 1630 4216 missarum

393 4262 568 4343 solempnia
588 4261 775 4323 auctoritate
792 4266 901 4321 nostra
920 4260 1043 4339 publice
1065 4260 1233 4321 inhibeatis
1253 4280 1309 4321 ssu
1326 4280 1382 4339 per
1398 4260 1477 4321 alios
1497 4261 1630 4323 inhiberi

393 4370 517 4430 faciatis
545 4389 585 4429 ne
612 4367 684 4447 quis
712 4367 745 4425 in
773 4366 890 4438 assisis,
919 4366 1032 4444 juratis
1061 4366 1330 4446 inquisicionibus,
1359 4372 1413 4427 aut
1441 4365 1533 4429 factis
1561 4368 1631 4431 aliis

393 4472 508 4553 quibus
527 4470 697 4551 requiritur
722 4470 947 4549 juramentum,
969 4475 1079 4530 contra
1099 4470 1327 4531 conscienciam
1349 4472 1388 4531 de
1409 4473 1541 4534 veritate
1562 4474 1630 4554 ejus

393 4580 477 4659 quod
498 4578 639 4657 queritur
659 4574 861 4635 informatam
882 4574 946 4635 ullo
979 4574 1071 4636 modo
1096 4575 1180 4635 dicat
1201 4581 1256 4636 aut
1277 4576 1413 4654 deponat
1434 4576 1492 4637 sub
1520 4580 1631 4658 quavis

392 4684 579 4765 palliacione
600 4681 766 4743 verborum
787 4685 842 4740 cut
863 4680 966 4741 colore
987 4700 1175 4760 quocunque
1206 4681 1338 4761 quesito,
1360 4688 1482 4742 reatum
1501 4686 1631 4763 perjurii

393 4789 628 4872 quomodolibet
656 4788 862 4856 incurrendo;
889 4792 962 4866 post
982 4805 1061 4865 quas
1090 4786 1215 4866 quidem
1243 4786 1449 4847 inhibicionss
1480 4808 1536 4867 per
1567 4796 1632 4851 tres

394 4898 480 4957 vices
507 4893 712 4972 solempniter
749 4892 795 4952 sic
833 4890 933 4951 lactas
961 4911 1017 4971 per
1044 4892 1120 4962 dies,
1149 4897 1185 4951 ut
1218 4891 1420 4970 premittitur,
1453 4893 1632 4973 solempnes

395 5008 428 5063 et
458 5000 588 5061 iestivos
619 4997 769 5058 continue
799 5002 978 5075 sequentes,
1007 5016 1117 5057 omnes
1147 4996 1329 5075 hujusmodi
1357 4997 1486 5076 perjurii
1506 5019 1577 5059 reos
1598 5001 1631 5061 in

396 5105 536 5168 ecclesiis
557 5104 634 5184 ipsis
655 5104 689 5163 in
709 5122 823 5183 genere
845 5101 1132 5173 excommunicetis,
1154 5106 1186 5161 et
1217 5100 1323 5163 taliter
1343 5104 1633 5169 excommunicatos
