3850 5917
413 683 473 741 208
787 684 966 762 Registram
992 685 1057 747 Ado
1084 686 1121 746 de
1151 687 1274 748 oraton

240 915 299 955 ΑΒ·
314 916 370 954 ¹³²¹·
412 908 561 978 extendit,
597 910 635 968 de
670 914 735 969 tam
771 911 964 990 dampnabili
1000 913 1190 992 negligencia
1228 914 1404 976 deferemus
1441 916 1510 976 sine
1548 937 1642 977 mora.

412 1013 594 1074 Terminum
629 1035 702 1074 vero
735 1016 974 1094 comparicionis
999 1018 1103 1078 taliter
1134 1019 1313 1080 abbreviare
1345 1022 1484 1099 oportuit
1519 1027 1645 1101 propter

412 1118 613 1178 imminencia
634 1125 666 1179 et
687 1121 810 1180 notoria
831 1121 970 1200 pericula
991 1143 1052 1202 que
1074 1125 1113 1183 ad
1134 1123 1313 1202 hujusmodi
1333 1126 1419 1204 regni
1441 1127 1645 1188 desolacionis

413 1223 572 1284 miseriam
603 1226 732 1287 tendere
764 1227 980 1298 dinoscuntur,
1015 1234 1047 1289 et
1082 1229 1267 1290 dilacionem
1299 1230 1478 1292 ulteriorem
1504 1252 1567 1292 uon
1595 1253 1643 1294 ex·

411 1335 534 1408 petunt,
563 1332 623 1391 nisi
649 1334 841 1411 competenti
863 1334 1002 1395 remedio
1024 1335 1142 1395 eisdem
1172 1336 1302 1396 celerius
1336 1342 1525 1397 occurratur.
1581 1339 1644 1399 Vos

411 1437 511 1497 eciam
539 1438 714 1516 predictum
746 1445 890 1499 nostrum
921 1441 1116 1511 mandatum,
1148 1447 1302 1520 quantum
1333 1463 1389 1503 vos
1421 1443 1585 1503 Decanum
1613 1449 1645 1505 et

412 1544 593 1623 Capitulum
618 1550 767 1614 vestrum,
792 1545 1036 1605 Archidiaconos
1065 1552 1097 1606 et
1122 1545 1267 1616 Abbates,
1293 1547 1427 1618 Priores,
1453 1548 1643 1620 Conventus,

410 1655 443 1710 et
471 1649 589 1709 clerum
618 1655 758 1710 vestrum
782 1651 945 1728 contingit,
967 1652 1150 1730 peremnia
1172 1652 1304 1713 fideliter
1333 1653 1454 1714 faciatis
1482 1675 1519 1714 aa
1546 1654 1643 1715 eciam

410 1755 592 1816 observetis.
618 1755 678 1825 ¹Et
707 1775 746 1815 ue
774 1756 958 1815 mandatum
981 1762 1124 1816 nostrum
1149 1756 1330 1834 hujusmodi
1356 1762 1431 1829 arte,
1453 1758 1588 1838 ingenio,
1609 1780 1644 1819 ac

412 1862 605 1942 negligencia
635 1862 808 1933 deludatur,
837 1862 926 1923 vobis
950 1869 987 1923 ut
1012 1883 1106 1943 supra
1127 1865 1321 1944 injungimus
1342 1866 1425 1944 quod
1453 1867 1645 1946 coepiscopis

411 1968 537 2038 nostris,
558 1974 591 2028 et
620 1967 826 2046 suffraganeis
848 1968 995 2029 omnibus
1016 1977 1048 2030 et
1073 1969 1204 2049 singulis
1239 1971 1443 2031 consimiliter
1464 1972 1643 2052 injungatis,

411 2081 448 2134 ut
466 2074 580 2153 singuli
602 2074 742 2153 ipsorum
765 2074 804 2133 de
824 2073 891 2134 suis
915 2075 1154 2135 execucionibus
1177 2095 1247 2134 cum
1270 2076 1435 2136 citatorum
1465 2077 1644 2138 nominibus

413 2180 506 2259 plene
540 2199 600 2239 nos
638 2179 812 2239 certificent
849 2179 899 2239 die
942 2185 975 2239 et
1013 2179 1081 2240 loco
1123 2181 1280 2259 predictis,
1319 2187 1475 2260 quatenus
1513 2183 1553 2242 ad
1591 2201 1644 2243 eos

412 2285 558 2353 attinent,
594 2284 766 2344 secundum
799 2283 932 2343 formam
964 2283 1109 2363 superius
1149 2291 1341 2345 annotatam.
1398 2287 1446 2346 De
1481 2286 1531 2348 die
1573 2308 1645 2348 vero

412 2388 604 2466 recepcionis
635 2387 831 2467 presencium
859 2394 892 2448 et
925 2388 1000 2466 quid
1032 2388 1070 2449 de
1106 2389 1291 2449 execucione
1321 2392 1476 2468 presentis
1504 2393 1644 2452 mandati

413 2492 559 2564 feceritis,
581 2499 639 2553 etc.
696 2494 815 2553 Datum
837 2495 921 2572 apud
952 2494 1137 2566 Lamhethe,
1170 2496 1257 2574 xviij⁰
1289 2495 1357 2554 Kal.
1385 2496 1539 2568 Octobris,
1562 2519 1644 2558 anno

413 2598 542 2658 Domini
564 2597 774 2677 M00000xxj⁰.

493 2753 663 2832 Cupientes
686 2753 780 2832 igitur
802 2754 877 2814 dicti
906 2757 1005 2834 patris
1035 2757 1217 2816 mandatum
1242 2778 1313 2817 cum
1341 2760 1519 2820 reverencia
1541 2761 1645 2822 debita

411 2859 531 2939 exequi,
564 2865 599 2919 ut
627 2867 779 2929 tenemur,
801 2880 858 2922 vos
893 2866 1001 2922 tenore
1036 2864 1232 2941 presencium
1265 2867 1473 2944 peremptorie
1501 2867 1643 2936 citamus,

412 2985 449 3024 ac
470 2985 602 3044 parvos
623 2971 743 3025 ceteras
771 2986 930 3045 personas,
964 2967 1003 3028 de
1024 2967 1137 3046 quibus
1158 2988 1254 3047 supra
1274 2969 1310 3030 fit
1335 2972 1466 3042 mencio,
1488 2978 1645 3052 quatenus

411 3077 548 3134 vestram
570 3072 719 3132 diocesim
741 3073 903 3152 contingit,
926 3073 1015 3133 citari
1035 3074 1180 3135 volumus
1201 3081 1233 3135 et
1254 3077 1439 3137 mandamus
1457 3079 1540 3157 quod
1562 3099 1643 3138 com·

410 3177 548 3257 pareatis
569 3183 601 3237 et
622 3184 824 3256 compareant
844 3177 936 3238 dictis
954 3178 1004 3238 die
1026 3184 1058 3238 et
1078 3179 1155 3250 loco,
1179 3179 1291 3240 facturi
1312 3201 1384 3240 cum
1406 3183 1644 3244 continuacione

410 3286 443 3343 et
472 3283 694 3362 prorogacione
735 3283 855 3343 dierum
892 3284 976 3362 quod
1011 3285 1086 3344 dicti
1128 3287 1227 3365 patris
1263 3287 1445 3347 mandatum
1483 3289 1577 3368 exigit
1612 3295 1643 3350 et

411 3388 549 3467 requirit.
606 3388 649 3447 Et
670 3389 745 3468 quid
767 3389 799 3447 in
821 3389 983 3468 premissis
1006 3389 1151 3462 feceritis,
1167 3397 1225 3452 etc.
1269 3393 1387 3452 Datum
1409 3395 1492 3472 apud
1515 3395 1642 3456 Steben-

412 3494 517 3563 hethe,
535 3493 611 3572 xvij⁰
632 3494 702 3554 Kal.
730 3495 922 3566 Decembris,
945 3515 1029 3556 anno
1054 3496 1182 3557 Domini
1198 3497 1385 3576 supradicto.
1429 3499 1535 3577 Hujus
1549 3500 1645 3578 igitur

412 3600 599 3660 auctoritate
627 3601 767 3661 mandati
805 3622 915 3662 omnes
951 3603 1021 3662 illos
1050 3622 1182 3682 quorum
1212 3603 1340 3663 nomina
1368 3603 1400 3662 in
1428 3605 1538 3664 cedula
1575 3579 1641 3684 pre-

412 3705 554 3766 sentibus
576 3726 698 3767 annexa
726 3708 927 3767 coutinentur
955 3707 1044 3767 citari
1080 3707 1210 3768 fecimus
1245 3709 1417 3768 secundum
1452 3710 1642 3790 exigenciam

412 3811 508 3870 vestri
529 3811 670 3871 mandati
690 3811 832 3890 predicti.
874 3812 1054 3892 Verumque
1079 3817 1207 3891 propter
1226 3813 1376 3891 temporis
1398 3812 1582 3874 brevitatem
1610 3821 1643 3876 et

412 3916 653 3978 inundacionem
668 3937 819 3997 aquarum
834 3917 994 3978 insolitam
1017 3917 1118 3978 clerus
1130 3922 1235 3978 nostre
1251 3917 1382 3979 diocesis
1397 3939 1468 3978 cum
1490 3939 1528 3980 ea
1548 3939 1642 3999 quam

411 4023 585 4083 mandastis
613 4023 772 4084 celeritate
799 4043 863 4082 non
892 4023 997 4102 potuit
1021 4023 1209 4102 congregari,
1243 4043 1336 4102 super
1357 4024 1543 4084 execucione
1567 4023 1643 4084 dicti

411 4130 562 4200 mandati,
593 4130 675 4190 circa
704 4149 798 4209 quam
831 4129 880 4189 vel
912 4129 950 4190 de
980 4129 1243 4208 contingentibus,
1275 4137 1431 4208 quatenus
1462 4131 1552 4191 nobis
1584 4130 1643 4190 fuit

411 4235 569 4315 possibile,
591 4241 640 4296 est
661 4236 873 4305 commissum,
903 4241 1040 4296 vestram
1069 4235 1290 4314 paternitatem
1323 4236 1362 4295 ad
1394 4235 1530 4314 primum
1559 4237 1641 4296 diem

413 4341 595 4402 Decembris
609 4341 780 4401 certificare
801 4360 865 4400 non
885 4341 1057 4420 potuimus,
1079 4345 1114 4400 ut
1136 4340 1325 4410 mandastis;
1348 4360 1442 4419 super
1462 4360 1524 4420 quo
1539 4347 1642 4402 vestra

412 4446 588 4526 benignitas
610 4466 667 4506 nos
682 4446 795 4507 habere
816 4447 961 4526 dignetur
980 4445 1192 4507 favorabiliter
1210 4451 1383 4506 excusatos.
1425 4447 1545 4506 Datum
1559 4446 1643 4526 apud

413 4552 586 4632 Bosebmy,
611 4552 658 4631 iij⁰
679 4552 749 4612 Kal.
772 4552 964 4623 Decembris,
988 4572 1071 4612 anno
1093 4551 1222 4612 Domini
1251 4551 1439 4630 supradicte.
