3850 5917
415 703 456 766 ao
789 705 968 785 sacrm
993 707 1059 768 Aa
1086 706 1124 768 a
1153 707 1276 768 aaron

245 935 374 977 1-0·¹³¹⁷·
416 930 539 992 collatis
566 931 749 993 muneribus
775 932 865 994 uxori
892 953 958 1004 sue,
993 953 1088 1013 quam
1115 953 1223 994 secum
1261 933 1294 994 in
1322 933 1510 996 Hereiordia
1536 936 1649 1007 tenuit,

417 1036 618 1100 vexacionem
649 1057 740 1099 suam
771 1037 924 1100 redimere
952 1044 1028 1100 sunt
1059 1039 1169 1108 exacti,
1194 1043 1227 1100 et
1247 1039 1330 1118 quod
1354 1039 1482 1119 justicia
1507 1039 1652 1120 optinere

414 1162 481 1203 non
514 1142 618 1222 potuit
653 1142 823 1204 ambiciosa
864 1148 896 1205 et
930 1143 1074 1224 improba
1106 1143 1220 1206 mulier
1259 1144 1449 1225 impetravit.
1505 1145 1555 1207 De
1587 1145 1650 1208 alio

419 1247 548 1329 insuper
567 1247 654 1328 gravi
678 1249 851 1328 prejudicio
880 1268 938 1328 per
964 1255 1070 1310 vestra
1095 1249 1219 1311 diversa
1245 1250 1394 1310 mandata
1424 1248 1517 1311 nobis
1543 1255 1576 1311 et
1602 1251 1650 1312 eis

418 1354 507 1416 illato
534 1355 754 1418 admiracionis
782 1360 815 1416 et
842 1355 946 1436 gravis
974 1355 1209 1436 conquestionis
1239 1356 1372 1418 materia
1401 1356 1649 1436 ministrs[tur].

276 1483 373 1528 suaa
416 1461 594 1524 Mandastis
632 1461 748 1524 etenim
784 1462 825 1522 ad
858 1461 1021 1523 subdolam
1063 1467 1096 1523 et
1128 1461 1269 1542 iniquam
1305 1461 1537 1541 suggestionem
1573 1462 1650 1523 dicti

418 1567 544 1647 bigami,
566 1587 661 1648 quam
677 1567 782 1630 ioman
796 1573 901 1629 vestre
922 1568 1116 1630 consciencie
1137 1567 1315 1628 columbina
1336 1566 1523 1647 simplicitas
1542 1588 1650 1630 veram

415 1678 448 1734 et
472 1672 591 1752 justam
611 1672 678 1734 iore
699 1673 807 1744 credit,
823 1673 940 1734 multos
962 1673 1001 1733 de
1022 1670 1156 1734 subditis
1177 1671 1303 1745 nostrie,
1324 1693 1383 1752 pro
1400 1671 1506 1752 parvis
1521 1673 1649 1752 pecuni-

416 1799 507 1840 arum
532 1777 746 1858 poroiunoulis
773 1784 806 1840 et
834 1798 871 1839 ex
898 1782 1015 1858 questu
1037 1777 1179 1857 predicto
1202 1777 1301 1848 vobis,
1324 1783 1362 1838 ut
1385 1778 1509 1849 dicitur,
1534 1778 1649 1840 debitis

417 1891 449 1948 et
474 1883 740 1964 proquibusdam
758 1884 1003 1963 comtemptibus
1025 1884 1070 1946 eis
1089 1883 1168 1945 falso
1190 1883 1356 1963 impositis,
1378 1883 1419 1944 ed
1439 1888 1543 1945 certos
1564 1884 1649 1946 diem

416 1996 449 2054 et
484 1991 589 2052 locum
616 2009 721 2050 coram
749 1989 847 2061 vobis,
881 1989 1061 2070 ubieunque
1090 1991 1124 2049 in
1145 1992 1250 2050 vestra
1280 1988 1418 2060 civitate,
1447 1989 1573 2061 diocesi,
1598 1989 1649 2052 vel

417 2095 579 2176 provincia
603 2095 823 2156 cantuariensi
843 2095 975 2166 fueritis,
996 2095 1128 2165 evocari,
1142 2099 1179 2154 ut
1199 2099 1272 2174 post
1297 2094 1487 2156 afflicciones
1507 2094 1650 2158 crudeles
1682 2119 1686 2124 ·

417 2200 577 2264 laboribus
604 2206 636 2262 et
664 2201 809 2280 expensis
841 2200 950 2261 durius
981 2199 1167 2280 affligantur,
1200 2200 1278 2261 adeo
1304 2205 1342 2260 ut
1376 2199 1578 2261 tollerabilior
1608 2200 1651 2262 sit

418 2307 593 2368 Judeorum
621 2305 773 2378 condicio,
797 2325 886 2386 quos,
907 2311 944 2366 ut
971 2304 1126 2384 scripture
1146 2324 1236 2366 sacra
1261 2311 1496 2378 commemorat,
1524 2306 1650 2386 Egipoii

415 2413 590 2492 affligentes
624 2432 732 2474 eorum
768 2412 866 2474 vitam
901 2413 942 2474 ad
977 2411 1219 2472 amaritudinem
1252 2411 1473 2490 perducebant,
1516 2417 1550 2473 et
1593 2433 1650 2494 per

415 2521 568 2582 duriciam
608 2539 717 2582 eorum
754 2519 808 2600 qui
847 2518 996 2598 operibus
1030 2523 1178 2598 preerant
1208 2517 1356 2579 oneribus
1395 2518 1482 2579 duris
1519 2518 1579 2581 luti
1613 2525 1646 2581 et

414 2626 522 2688 lateris
551 2624 779 2706 opprimebant.
842 2624 923 2686 Oum
951 2624 1047 2703 igitur
1074 2643 1143 2693 nos,
1172 2623 1227 2702 qui
1258 2623 1297 2685 de
1317 2629 1423 2685 vestra
1451 2625 1650 2704 protecoione

417 2731 566 2793 fiduciam
596 2731 734 2811 gerimus
768 2729 946 2811 specialem,
978 2728 1080 2809 parati
1100 2728 1209 2798 simus,
1240 2727 1324 2789 sicut
1354 2729 1395 2788 ad
1418 2749 1476 2790 nos
1500 2729 1648 2808 pertinet,

416 2837 564 2900 omnibus
585 2838 624 2899 de
638 2836 773 2899 subditis
797 2835 914 2897 nostris
942 2833 1092 2914 conqueri
1111 2833 1290 2895 volentibus
1309 2834 1468 2914 justiciam
1493 2835 1649 2907 exhibere,

414 2949 447 3006 et
477 2945 503 3005 si
532 2963 593 3024 que
613 2941 702 3004 vobis
727 2940 900 3002 debeantur
926 2939 1051 3000 racione
1081 2939 1311 3020 jurisdiocionis
1340 2940 1528 3020 episcopalis
1558 2941 1650 3021 cujus

415 3048 591 3110 custodiam
612 3047 768 3109 habuistis
789 3045 869 3124 exigi
890 3045 1001 3115 facere,
1023 3044 1105 3104 sicut
1125 3045 1224 3116 decet,
1243 3046 1494 3108 dominacionem
1510 3053 1649 3109 vestram

415 3154 577 3216 humiliter
599 3152 803 3233 imploramus
834 3151 985 3231 quatinus
1014 3149 1196 3229 hujusmodi
1226 3151 1376 3212 mandata
1403 3157 1469 3212 tam
1497 3152 1650 3232 injuriosa

331 3305 335 3313 ,
414 3259 531 3320 saniori
556 3257 687 3320 consilio
715 3255 887 3336 dignemini
917 3274 1073 3326 revocare,
1108 3259 1140 3316 et
1168 3255 1308 3316 ulteriori
1342 3257 1503 3336 processui
1538 3263 1649 3319 contra

414 3364 515 3426 dictos
537 3363 679 3425 subditos
700 3367 826 3424 nostros
845 3361 1057 3441 supersedere,
1078 3380 1241 3441 quousque
1261 3381 1356 3440 super
1376 3360 1438 3422 biis
1462 3367 1495 3422 et
1517 3362 1588 3423 aliis
1608 3363 1648 3424 de

413 3469 528 3549 quibus
548 3473 652 3530 vestre
673 3467 884 3528 dominacioni
915 3486 1016 3545 nuper
1043 3466 1227 3545 scripsimus
1255 3466 1416 3527 vobiscum
1444 3467 1649 3530 habuerimus

414 3573 604 3654 colloquium
625 3573 798 3653 personale,
827 3573 1038 3642 attendentes,
1066 3571 1093 3633 si
1120 3572 1233 3651 placet,
1258 3573 1342 3651 quod
1363 3579 1472 3634 sancte
1496 3575 1648 3637 memorie
1746 3626 1754 3643 ,

413 3680 561 3741 dominus
582 3678 719 3739 Thomas
733 3678 772 3739 de
787 3676 965 3756 Cantilupo,
986 3676 1187 3755 predecessor
1204 3681 1320 3747 noster,
1342 3681 1452 3737 eontra
1472 3678 1649 3740 consimilia

413 3787 564 3846 mandata
591 3785 710 3864 injusta
737 3784 843 3845 sedem
879 3782 1084 3863 apostolicam
1118 3781 1281 3860 appellans
1321 3783 1529 3862 personaliter
1559 3785 1647 3859 adiit,

413 3894 504 3973 eujus
526 3911 619 3953 cause
647 3890 806 3971 justiciam
827 3889 934 3950 divina
955 3887 1126 3950 clemencia
1149 3894 1300 3967 operante
1321 3889 1419 3968 signa,
1440 3891 1591 3970 prodigia,
1615 3897 1648 3953 et

414 3999 637 4060 miraculorum
656 3996 818 4058 evidencia
841 3995 1055 4055 manifestant.
1098 3992 1225 4054 Placeat
1249 3999 1356 4054 autem
1384 4000 1488 4055 vestre
1508 3997 1647 4076 paterni-

414 4105 473 4166 tati
508 4105 547 4166 ad
582 4102 833 4165 consolationem
860 4106 1002 4162 nostram
1040 4104 1072 4160 et
1110 4099 1306 4160 subditorum
1334 4105 1515 4161 nostrorum
1555 4102 1648 4165 nobis

413 4209 583 4272 rescribere
611 4229 705 4288 super
743 4207 805 4268 biis
842 4203 966 4285 paterni
1003 4202 1133 4264 remedii
1166 4204 1377 4264 moderamen.
1430 4205 1479 4265 Ad
1516 4207 1648 4270 ecclesie

413 4338 471 4380 sue
490 4317 629 4397 regimen
651 4317 684 4376 in
707 4313 793 4376 omni
814 4311 1023 4392 prosperitate
1041 4329 1098 4371 vos
1116 4315 1281 4371 conservet
1302 4310 1484 4373 Altissimus
1505 4318 1537 4373 et
1558 4313 1649 4376 vobis

414 4424 568 4502 adaugeat
588 4422 706 4481 donum
727 4418 830 4499 gracie
858 4415 1015 4478 salutaris.
1057 4413 1176 4473 Datum
1204 4416 1287 4494 apud
1317 4415 1456 4495 Sugwas,
1486 4416 1554 4497 iiijr
1574 4417 1647 4480 Kal.

414 4527 569 4589 Octobris.

496 4658 618 4719 Littera
652 4653 843 4736 responsalis
877 4652 917 4712 ad
947 4651 1080 4712 eandem
1118 4650 1337 4712 transcribitur
1371 4652 1404 4711 in
1438 4653 1536 4714 tercio
1570 4652 1648 4716 folio

414 4768 576 4845 sequente.
