3850 5917
696 700 848 781 Episcopi
873 702 1118 782 Hcrcfcrdcnais.
1466 709 1527 770 139

129 923 247 964 tlt-¹³²2
288 925 392 984 antes
403 940 412 992 ;
433 922 538 985 dando
566 923 669 984 eidem
696 944 792 1003 super
822 925 882 986 hoc
906 925 1029 988 litteras
1060 947 1134 989 suas
1156 933 1311 1007 patentes.
1374 931 1418 992 Et
1448 937 1526 994 tunc

287 1026 414 1108 scripsit
451 1028 637 1090 litteratorie
672 1030 854 1102 senescallo,
897 1031 1037 1112 Hugoni,
1083 1034 1232 1094 servienti
1277 1034 1448 1108 Berthone‚
1494 1043 1527 1099 et

286 1132 426 1194 Johanni
456 1134 496 1196 de
528 1134 723 1207 Frendvvike,
745 1136 874 1214 janitori
903 1157 961 1199 suo
996 1138 1231 1212 Herelordensi,
1256 1161 1313 1221 pro
1341 1141 1528 1206 induccione

286 1257 396 1318 lpslus.

367 1383 526 1445 Innovata
549 1389 599 1445 cst
626 1384 689 1446 ista
716 1384 845 1447 collacio
873 1392 906 1448 et
933 1387 1078 1450 induccio
1106 1393 1142 1450 ut
1166 1395 1255 1470 patet
1286 1363 1319 1450 in
1347 1390 1408 1452 alia
1436 1397 1526 1473 parte

285 1486 380 1550 istius
400 1487 476 1549 folii.

287 1770 372 1851 Sept.
394 1771 531 1832 a-Tta
554 1770 674 1851 Biabop
695 1773 731 1851 cf
748 1772 901 1852 Hercford
920 1774 1023 1835 writes
1046 1782 1075 1836 to
1097 1775 1147 1835 the
1172 1776 1364 1857 Arcbbiabop
1391 1777 1470 1856 (aaa
1495 1787 1524 1840 tc

410 1851 460 1912 the
494 1851 581 1912 other
611 1853 747 1930 Eapliab
777 1853 924 1934 Biehcpr)
955 1855 1068 1934 arpina
1096 1877 1117 1916 a
1148 1857 1264 1936 special
1290 1859 1530 1940 celebrationes

410 1932 460 1993 the
478 1932 553 2011 first
573 1933 705 2013 festival
733 1934 780 1994 St.
805 1934 935 1996 Thomas
958 1936 1124 2017 Cantilcpc
1148 1957 1188 1998 oa
1218 1937 1282 1999 Oct.
1311 1944 1340 1999 2.

366 2113 515 2174 erraas
535 2132 629 2175 ursei
650 2114 823 2176 Errsoorrs
838 2116 966 2175 Aroma
989 2134 1051 2177 rao
1071 2135 1310 2178 rusnroaoroun
1343 2119 1522 2181 Geronian-

283 2236 393 2280 crosrs
414 2236 530 2279 ssucrr
545 2219 665 2281 Treoua
687 2238 729 2280 ar
750 2221 859 2281 Fasro
880 2238 985 2282 rrsrus
1017 2223 1468 2285 caesareano—Reverendo
1490 2225 1524 2285 in

284 2326 413 2388 Christo
431 2326 514 2407 patri
535 2347 571 2387 ac
592 2327 720 2388 domino
742 2347 809 2398 suo,
831 2325 959 2386 domino
981 2325 1130 2399 Waltero,
1153 2328 1213 2389 Dei
1235 2329 1340 2408 gracia
1359 2329 1522 2391 Gantuari-

282 2433 352 2494 ensi
394 2432 647 2512 Archiepiscopo,
682 2433 781 2494 totius
826 2430 936 2512 Anglie
972 2431 1113 2504 Primati,
1151 2433 1252 2494 Adam
1286 2435 1428 2515 ejusdem
1463 2437 1525 2498 Dei

284 2538 492 2619 permissione
519 2538 650 2599 ecclesie
674 2537 917 2599 Herefordensis
941 2537 1095 2609 minister,
1117 2539 1266 2618 quicquid
1291 2545 1397 2620 potest
1418 2541 1522 2602 obedi-

283 2644 382 2715 encie,
407 2643 602 2729 reverencie,
622 2647 654 2704 et
682 2643 820 2704 honoris.
876 2643 1007 2704 Exultet
1035 2643 1100 2721 jam
1127 2643 1222 2725 pleno
1249 2647 1364 2725 gaudio
1391 2647 1525 2710 eeclesia

283 2749 466 2828 Anglicana,
501 2748 535 2808 in
564 2749 654 2828 cujus
685 2747 842 2829 plantario
869 2748 1012 2830 plantula
1040 2749 1164 2810 novella
1191 2751 1282 2830 quasi
1309 2752 1429 2832 lignum
1457 2753 1523 2814 vite

282 2856 411 2917 dextera
447 2854 627 2936 plantatum
662 2854 769 2914 divina
796 2874 997 2916 succrescens
1035 2855 1177 2918 novellus
1206 2856 1266 2945 sibi
1299 2859 1382 2938 apud
1417 2859 1522 2920 Deum

280 2966 437 3041 patronus
464 2960 609 3031 accrevit,
640 2964 673 3021 et
708 2961 798 3022 adest
831 2980 889 3040 pro
916 2959 1019 3021 salute
1047 2960 1188 3021 fidelium
1222 2982 1327 3023 coram
1356 2963 1425 3042 ipso
1456 2964 1521 3044 pla-

280 3068 371 3130 cidus
406 3067 604 3138 intercessor,
642 3067 754 3128 beatus
789 3065 935 3127 videlicet
976 3066 1125 3138 Thomas,
1163 3067 1366 3145 predecessor
1403 3074 1519 3142 noster,

280 3174 442 3255 quondam
458 3173 636 3253 Episcopus
653 3171 905 3233 Herefordensis.
948 3171 1102 3251 Ejusdem
1119 3171 1205 3232 enim
1220 3172 1359 3234 nominis
1377 3173 1521 3253 patronis

279 3277 511 3342 venerabilibus
544 3276 710 3357 gloriosius
743 3276 891 3337 decorata
917 3275 950 3334 in
982 3275 1127 3336 orientali
1154 3274 1246 3356 plaga
1277 3277 1371 3338 unius
1399 3277 1520 3339 Thome

281 3385 424 3446 Mertiris
446 3384 631 3456 rubricatur,
657 3388 689 3445 et
714 3383 747 3442 in
771 3382 957 3444 occidentali
982 3382 1113 3443 secundi
1134 3382 1255 3444 Thome
1279 3383 1391 3463 prioris
1416 3405 1521 3446 mores

281 3497 377 3572 atque
404 3490 564 3571 justiciam
596 3489 760 3561 imitantis,
784 3487 884 3568 cujus,
919 3493 955 3549 ut
984 3487 1149 3559 credimus
1179 3487 1252 3550 felix
1280 3489 1394 3560 anima,
1423 3510 1521 3570 quam

279 3599 341 3660 etsi
374 3596 498 3677 gladius
534 3595 729 3675 percussoris
764 3613 828 3654 non
864 3592 1004 3664 abstulit,
1040 3598 1147 3654 tamen
1182 3613 1239 3673 per
1271 3594 1336 3655 vite
1372 3595 1521 3655 meritum

279 3705 419 3785 palmam
438 3702 577 3763 martirii
591 3722 656 3763 non
677 3701 793 3772 amisit,
812 3699 1011 3761 confessione
1029 3699 1162 3760 mirifica
1181 3701 1374 3761 candidatur.
1419 3701 1521 3782 Super

278 3811 371 3892 cujus
396 3808 639 3871 canoniracione
663 3812 695 3868 et
717 3807 807 3879 festo,
829 3807 883 3886 vj‘0
907 3805 1018 3867 Nonas
1041 3805 1186 3867 Octobris
1207 3807 1381 3879 annuatim,
1407 3808 1520 3870 devote

282 3925 315 3981 et
343 3917 560 3997 sollempniter
580 3915 775 3986 celebrando,
796 3914 982 3974 mandatum
1004 3912 1212 3994 apostolicum
1241 3913 1329 3974 vobis
1351 3913 1518 3994 inspicien-
1624 3969 1629 3980 ,

280 4025 357 4086 dum
385 4023 543 4084 mittimus
564 4042 621 4102 per
655 4021 805 4082 dilectum
830 4019 950 4080 socium
979 4023 1132 4089 nostrum,
1157 4018 1342 4098 magistrum
1364 4019 1518 4081 Thomam

280 4131 320 4192 de
354 4130 474 4209 aynae,
501 4127 701 4210 presencium
734 4125 930 4206 portitorem,
963 4124 1186 4204 paternitatem
1221 4129 1358 4185 vestram
1397 4125 1520 4188 devotis

280 4236 427 4317 precibus
452 4238 626 4304 exorantes,
648 4232 797 4313 quatinus
824 4235 951 4310 recepta
975 4230 1065 4310 copia
1088 4249 1163 4290 vera
1187 4229 1329 4308 ejusdem
1367 4232 1517 4304 mandati,

282 4344 367 4425 quod
395 4346 580 4422 preceptum
607 4338 749 4400 continet
777 4336 945 4416 specialem
966 4334 1146 4397 devocionis
1181 4335 1331 4396 affectum
1356 4357 1450 4416 quem
1478 4339 1518 4398 ad

280 4451 402 4511 dictum
430 4452 577 4510 sanctum
603 4445 721 4526 geritis,
749 4441 962 4504 favorabiliter
985 4445 1220 4521 prosequentes,
1247 4440 1325 4500 illud
1353 4441 1386 4500 in
1414 4447 1519 4504 ve'stra

280 4557 419 4627 civitate,
447 4553 573 4624 diocesi,
598 4557 631 4614 et
653 4549 816 4631 provincia
842 4548 975 4618 faciatis,
1008 4547 1035 4608 si
1064 4546 1178 4626 placet,
1200 4545 1379 4607 exeeucioni
1414 4547 1520 4611 debite

281 4662 475 4734 demandari,
502 4665 540 4721 nt
565 4659 666 4739 ipsius
694 4657 796 4738 prima
827 4655 984 4717 festivitas
1008 4653 1145 4716 iminens
1166 4653 1278 4715 devote
1310 4659 1343 4714 et
1372 4655 1517 4736 sollemp-

281 4770 365 4831 niter
384 4765 545 4829 communi
565 4764 671 4826 leticia
700 4763 804 4825 valeat
830 4760 989 4823 celebrari.
1040 4759 1129 4821 Licet
1157 4779 1294 4840 namque
1322 4765 1453 4821 cunctos
1484 4761 1518 4821 in

282 4874 451 4938 celestibus
486 4871 591 4952 regnis
620 4868 811 4930 constitutos
838 4867 952 4928 studiis
979 4864 1147 4926 conveniat
1183 4863 1326 4925 sollicitis
1354 4865 1518 4939 honorare,

280 4983 407 5045 illorum
431 4985 538 5041 tamen
572 4976 703 5057 gloriam
727 4979 759 5035 et
789 4971 1016 5036 exaltacionem
1047 4969 1191 5032 festivius
1222 4969 1350 5031 devocio
1377 4969 1515 5032 fidelium

281 5089 441 5154 laudanda
461 5086 687 5147 commemorat
701 5101 835 5162 quorum
849 5079 998 5161 preclaris
1017 5077 1138 5139 meritis
1160 5096 1198 5138 ex
1218 5076 1353 5156 quadam
1366 5077 1516 5156 peculiari
