3850 5917
688 673 838 754 Episcopi
865 671 1109 754 Hcrcscrdcasic.
1457 674 1517 734 103

129 904 174 943 ΑΒ·
188 905 237 944 ¹³¹⁹·
278 903 309 960 et
331 905 473 958 vestrum
496 897 623 958 cuilibet
649 897 842 977 conjunctim
867 903 899 959 st
924 897 1049 958 divisim
1075 903 1184 958 tenore
1210 898 1408 977 presencium
1431 918 1514 958 com-

277 1003 432 1064 mittimus
464 1003 547 1064 vices
568 1008 693 1064 nostras
731 1004 830 1065 donec
858 1024 911 1064 eas
942 1003 1123 1064 duxerimus
1152 1005 1352 1065 revocandas.
1395 1005 1516 1064 Datum

279 1109 460 1181 londoniis,
485 1109 521 1190 ij⁰
540 1110 590 1172 die
616 1109 785 1182 Februarii,
814 1131 897 1170 anno
922 1110 1052 1171 Domini
1073 1109 1308 1190 M0ooc⁰xviij⁰,
1330 1117 1390 1171 etc.

359 1240 479 1301 Similis
513 1239 693 1300 commissio
728 1239 812 1300 facts
842 1239 901 1300 fuit
932 1241 1084 1320 magistro
1118 1241 1238 1302 Thome
1276 1242 1315 1302 de
1354 1241 1514 1314 Orletone,

278 1347 389 1407 rectori
412 1347 450 1407 de
471 1345 555 1432 Acle,
582 1347 793 1408 Ncrwicensis
815 1347 956 1408 diocesis.

279 1601 393 1662 Second
418 1601 503 1661 loltcr
523 1602 559 1680 os
580 1601 629 1662 tho
651 1603 770 1682 Bisbop
792 1603 827 1681 os
848 1602 999 1681 Horcford
1026 1610 1055 1662 to
1081 1602 1130 1662 the
1144 1603 1262 1682 Bisbop
1284 1604 1319 1684 ο]
1339 1605 1425 1664 Bait
1446 1606 1511 1665 aad

402 1681 493 1742 Wclls
521 1683 633 1760 ccrpinp
662 1683 727 1743 tim
755 1691 784 1744 to
812 1689 861 1743 oct
890 1683 925 1743 ic
949 1683 999 1743 tbc
1025 1691 1137 1743 cmiter
1164 1685 1199 1762 os
1223 1685 1272 1744 tho
1299 1685 1452 1764 receptior
1478 1687 1514 1765 of

401 1763 531 1824 Thorius
567 1763 704 1824 Picbcrd
732 1765 770 1842 by
799 1764 848 1824 cte
879 1763 977 1824 Absor
1004 1764 1067 1824 aad
1098 1765 1231 1824 Conveni
1258 1766 1294 1844 cf
1325 1766 1511 1844 Kcyrcrhom,

398 1845 462 1904 aad
491 1843 681 1923 tbrcotacinp
709 1865 752 1905 aa
778 1845 889 1924 cppccl
918 1853 946 1904 to
976 1845 1025 1904 tho
1052 1844 1254 1924 Archbishop.

358 2011 505 2071 errass
529 2029 677 2072 saccum
705 2029 847 2072 nrascca
868 2013 1030 2072 Earsooro
1051 2011 1279 2074 Bacaoussssr
1301 2031 1363 2075 rso
1392 2015 1511 2074 Treoua

277 2117 435 2186 Pmsaan,
471 2134 631 2180 casoruco
669 2135 714 2176 na
749 2117 1174 2198 Wrccsuoss.-Episcopo
1193 2119 1402 2181 Bathoniensi
1437 2121 1512 2200 Epi-

277 2243 390 2303 scopus
420 2222 670 2293 Herefordensis,
696 2223 838 2295 salutem,
864 2228 923 2284 etc.
988 2222 1098 2303 Nuper
1122 2229 1226 2285 vestre
1249 2226 1434 2304 paternitati
1456 2247 1514 2306 per

277 2329 352 2390 alias
388 2333 514 2390 nostras
545 2328 666 2389 litteras
701 2328 879 2389 curavimus
900 2327 1046 2389 intimare
1075 2330 1159 2408 quod
1184 2349 1251 2400 nos,
1287 2335 1514 2392 monasterium

276 2436 499 2496 canonicorum
534 2435 572 2495 de
607 2435 805 2514 Wiggemore
834 2435 904 2514 jure
939 2435 1097 2495 Ordinarii
1127 2435 1302 2508 visitantes,
1334 2437 1513 2498 invenimus

275 2541 405 2604 fratrem
426 2541 579 2601 'rhomam
600 2541 744 2611 Pichard,
763 2541 838 2600 dicti
858 2541 1040 2601 monasterii
1061 2530 1256 2612 canonicum,
1276 2546 1309 2602 et
1325 2541 1512 2621 professum,

275 2652 385 2708 contra
405 2645 564 2724 religionis
595 2645 795 2706 honestatem
823 2651 855 2706 et
886 2666 942 2707 sue
973 2646 1177 2725 professionis
1208 2646 1349 2708 debitum
1377 2649 1514 2728 graviter

275 2753 454 2833 deliquisse,
490 2772 526 2812 ac
547 2771 614 2821 nos,
637 2752 740 2812 anime
761 2771 817 2812 sue
839 2751 932 2812 saluti
953 2752 1133 2831 prospicere
1154 2752 1326 2832 cupientes,
1348 2753 1452 2833 ipsum
1473 2775 1513 2815 ex

274 2860 360 2937 justa
378 2858 435 2940 [et]
453 2857 566 2918 intima
580 2877 675 2917 causa
696 2857 735 2917 ad
757 2857 983 2918 monasterium
1000 2858 1039 2917 de
1057 2857 1269 2936 Keyncsham,
1284 2858 1426 2936 ejusdem
1441 2859 1510 2920 reli-

274 2965 376 3045 gionis
397 2970 430 3025 et
455 2962 655 3024 observancie
683 2983 719 3022 ac
747 2962 897 3042 regularis
921 2963 1021 3024 eciam
1046 2963 1219 3042 discipline,
1240 2968 1344 3024 vestre
1366 2963 1509 3037 diocesis,

275 3076 470 3132 moraturum
509 3069 625 3130 ibidem
653 3067 692 3128 ad
720 3075 845 3148 tempus
873 3088 930 3147 pro
965 3073 1074 3128 nostro
1109 3068 1237 3129 arbitrio
1271 3069 1508 3142 moderandum,

274 3197 345 3238 cum
368 3175 487 3237 nostris
515 3175 628 3236 litteris
657 3175 690 3233 in
719 3175 778 3234 hac
809 3179 899 3254 parte
927 3173 1154 3234 sufficientibus
1182 3173 1329 3236 duximus
1357 3176 1397 3235 ad
1421 3177 1508 3254 peni-

274 3283 412 3344 tenciam
433 3281 603 3342 salutarem
632 3279 708 3340 inibi
734 3280 943 3359 peragendam
973 3278 1262 3350 transmittendum,
1284 3280 1513 3342 denunciantes

275 3388 388 3449 Abbati
418 3393 451 3447 et
480 3387 656 3448 Oonventui
688 3387 829 3466 ejusdem
858 3385 918 3446 loci
949 3391 986 3446 ut
1017 3386 1154 3466 aliquem
1185 3387 1223 3447 de
1255 3388 1414 3449 canonicis
1442 3389 1509 3450 suis

274 3514 366 3574 quem
396 3494 547 3553 ducerent
568 3492 745 3572 eligendum
770 3492 839 3552 loco
866 3492 942 3552 dicti
971 3492 1077 3552 fratris
1111 3492 1240 3562 Thome,
1266 3493 1293 3553 si
1321 3494 1446 3565 vellent,
1469 3497 1509 3554 ad

274 3600 432 3680 prefatum
455 3599 679 3659 monasterium
702 3599 741 3658 de
760 3597 954 3677 Wiggemore
981 3598 1050 3658 vice
1077 3617 1168 3659 versa
1198 3599 1370 3671 mitterent,
1395 3599 1512 3661 ibidem

274 3708 402 3769 interim
424 3713 628 3778 moraturum,
651 3726 690 3767 ne
718 3707 823 3767 forsan
844 3706 957 3767 domus
984 3725 1094 3767 eorum
1121 3725 1160 3767 ex
1189 3726 1277 3767 mora
1304 3707 1381 3772 dlcti
1406 3707 1513 3770 fratris

273 3815 394 3875 Thomo
416 3813 488 3892 plus
510 3813 615 3873 debito
634 3818 824 3892 gravaretur.
866 3812 910 3872 Et
935 3812 1009 3892 quia
1029 3811 1142 3892 prefati
1157 3811 1262 3873 Abbas
1280 3818 1313 3874 et
1328 3811 1510 3874 Conventus

273 3921 312 3981 de
341 3919 545 3998 Keynesham
570 3919 686 3978 nostris
714 3918 747 3976 in
770 3937 807 3979 ea
828 3923 917 3996 parte
936 3918 1031 3997 justis
1052 3917 1197 3997 precibus
1225 3919 1422 3998 acquiescere
1447 3939 1511 3980 non

273 4030 434 4094 curarunt,
456 4043 512 4084 vos
535 4028 644 4083 mutue
664 4023 889 4084 vicissitudinis
911 4028 1045 4102 optentu
1063 4023 1095 4082 in
1115 4022 1193 4102 juris
1214 4023 1389 4084 subsidium
1409 4025 1511 4105 roqui-

274 4132 417 4200 sivimus‚
440 4134 475 4189 ut
496 4149 550 4190 eos
571 4130 611 4189 ad
631 4129 845 4208 recepcionem
867 4128 943 4189 dicti
965 4129 1070 4190 fratris
1097 4129 1227 4198 Thome,
1250 4136 1286 4189 ut
1308 4131 1511 4209 premittitur,

273 4239 362 4317 justa
396 4236 475 4316 juris
509 4237 701 4316 erigenoiam
735 4235 922 4315 compellere
956 4235 1116 4296 curaretis.
1174 4235 1218 4295 Et
1252 4235 1326 4296 licet
1353 4255 1392 4297 ex
1418 4237 1512 4298 officii

274 4343 370 4404 vestri
399 4341 505 4403 debito
525 4342 595 4403 sitis
623 4342 656 4400 in
681 4341 740 4402 hac
764 4346 853 4420 parte
881 4340 973 4402 nobis
1000 4341 1033 4401 in
1060 4341 1187 4421 justicia
1215 4341 1379 4414 debitores,
1405 4350 1512 4405 vestra

274 4454 382 4508 tamen
403 4447 577 4526 paternitas
598 4447 679 4508 votis
701 4447 817 4507 nostris
842 4446 1022 4508 satisfacere
1043 4446 1229 4516 dissimulat,
1252 4447 1383 4507 aliorum
1401 4449 1511 4509 volun-

274 4553 362 4614 tariis
382 4551 638 4632 persuasionibus
660 4551 792 4613 forsitan
813 4551 1036 4622 circumventa,
1058 4571 1122 4612 non
1143 4550 1261 4631 absque
1281 4550 1399 4613 lesione
1419 4556 1509 4614 nervi

273 4659 484 4721 ecclesiastice
505 4657 677 4737 discipline,
710 4658 881 4719 multorum
909 4658 1066 4727 scandalo,
1089 4663 1122 4718 et
1156 4659 1242 4737 gravi
1275 4657 1414 4736 periculo
1445 4660 1511 4720 ani-

274 4785 406 4824 marum.
449 4763 601 4848 Quocirca
620 4769 758 4824 vestram
778 4763 1003 4843 paternitatem
1027 4768 1136 4824 tenore
1156 4763 1363 4842 presencium,
1385 4783 1511 4826 cumea

273 4889 336 4950 qua
355 4887 526 4949 mamus
547 4869 726 4930 reverencia
756 4873 787 4929 et
810 4867 975 4940 instancia,
998 4872 1108 4929 mutue
1128 4867 1354 4929 vicissitudinis
1375 4874 1510 4948 optentu

275 4977 308 5037 in
328 4977 408 5056 juris
431 4975 604 5037 subsidium
622 4975 735 5035 iterato
752 4974 939 5054 requirimus
960 4978 993 5035 et
1021 4991 1167 5053 rogamus
1187 4972 1336 5053 quatinus
1356 4973 1510 5036 Abbatem

275 5087 307 5144 et
331 5081 531 5145 Conventum
565 5081 604 5142 de
639 5079 851 5160 Keynesham,
886 5078 1029 5141 subditos
1060 5082 1191 5150 vestros,
1220 5078 1260 5138 ad
1294 5077 1510 5157 recepcionem
