3850 5917
396 677 457 736 222
773 678 952 759 chirtrum
979 680 1045 743 Ado
1071 682 1108 744 dc
1138 683 1260 745 Orlctcn

224 908 284 948 ab·
298 908 355 948 tm
396 918 456 960 nos
482 919 541 979 pro
568 900 670 973 nobis,
689 902 923 964 successoribus
960 904 1087 977 nostris,
1117 911 1150 967 et
1176 907 1286 969 ordine
1320 912 1428 969 nostro
1459 908 1634 989 obligamus

396 1004 554 1085 predictas
581 1011 682 1068 terras
709 1012 742 1067 et
764 1013 946 1069 tenementa
974 1010 1167 1073 districcioni
1191 1012 1323 1091 predicti
1345 1014 1464 1074 domini
1482 1014 1633 1095 Episcopi

395 1115 429 1171 et
456 1130 673 1172 successorum
701 1132 840 1183 suorum,
868 1112 914 1173 its
933 1113 1088 1185 videlicet,
1117 1117 1202 1196 quod
1231 1117 1505 1198 quocienscunque
1529 1118 1633 1181 dictus

395 1217 538 1279 redditus
557 1238 681 1280 annuus
704 1219 743 1281 de
763 1220 868 1301 aliquo
888 1222 1024 1283 termino
1039 1228 1142 1285 aratro
1163 1219 1257 1285 fuerit
1278 1224 1310 1283 in
1331 1230 1399 1286 toto
1420 1225 1469 1287 vel
1485 1226 1519 1285 in
1532 1232 1631 1306 parte,

395 1323 492 1385 libere
522 1324 616 1385 liceat
646 1326 788 1405 predicto
816 1328 945 1389 domino
980 1330 1139 1411 Episcopo
1167 1336 1199 1392 et
1234 1332 1466 1393 successoribus
1500 1333 1566 1394 suis
1599 1338 1633 1395 et

395 1429 518 1491 ballivis
549 1431 615 1493 suis
649 1432 750 1493 dictae
784 1439 884 1496 terras
923 1440 956 1495 et
985 1442 1167 1498 tenemento
1195 1438 1315 1518 ingredi
1349 1444 1382 1501 et
1416 1440 1631 1503 districciones

395 1555 508 1615 capere
528 1541 561 1598 et
581 1538 708 1598 easdem
736 1539 872 1601 retinere
893 1560 1056 1621 quousque
1088 1543 1127 1604 de
1157 1543 1227 1622 ipso
1258 1545 1382 1605 redditu
1406 1550 1438 1606 et
1469 1546 1633 1626 arreragiis

394 1640 513 1703 eisdem
534 1644 673 1722 plenarie
693 1644 789 1705 fuerit
816 1645 1025 1707 satisfactum.
1077 1648 1121 1708 Et
1148 1668 1207 1709 nos
1226 1650 1315 1711 Prior
1335 1650 1535 1729 provincialis
1562 1672 1630 1732 prc-

394 1748 498 1810 dictns
536 1750 673 1829 sigillum
701 1751 795 1811 officii
825 1753 926 1812 nostri
956 1753 1155 1832 presentibus
1184 1755 1371 1834 apponimus
1405 1754 1438 1814 in
1469 1754 1563 1816 fidem
1598 1760 1631 1817 et

395 1860 428 1916 et
456 1841 674 1917 testimoninm
701 1857 937 1937 premissorum.
994 1860 1114 1920 Datum
1150 1859 1345 1931 Herefordie,
1374 1860 1424 1922 die
1460 1860 1574 1923 Martis
1597 1862 1630 1921 in

395 1962 478 2024 festo
502 1963 617 2024 Sancte
645 1963 800 2043 Milburge
824 1964 972 2043 Virginis,
1001 1985 1084 2026 anno
1106 1965 1235 2026 Domini
1259 1964 1471 2045 M00000x1j0,
1494 1971 1632 2027 stanno

395 2060 483 2139 regni
504 2060 599 2139 Regis
620 2060 778 2131 Edwardi,
806 2061 863 2121 filii
892 2062 987 2141 Regis
1009 2062 1166 2135 Edwardi,
1194 2072 1254 2123 xv⁰.

477 2191 685 2253 Confirmacio
713 2192 925 2253 concessionis
949 2198 1201 2255 tenementorum
1227 2194 1308 2257 facte
1336 2195 1453 2257 eisdem
1482 2194 1631 2257 fratribus

393 2317 451 2377 per
472 2296 653 2377 Capitulum
681 2298 862 2359 continetur
889 2298 923 2357 in
950 2299 1003 2378 viij
1028 2299 1102 2360 lolio
1127 2301 1280 2381 sequenti.

395 2576 491 2656 April
517 2577 672 2637 22.-Tte
707 2577 826 2658 Bisbop
860 2577 1009 2639 irretrcwts
1045 2579 1093 2639 the
1127 2580 1217 2641 Decu
1244 2580 1279 2659 of
1310 2580 1484 2641 Stcttesdcn
1515 2587 1544 2641 ιο
1571 2580 1631 2641 cite

521 2658 633 2730 Hecto,
665 2658 757 2719 Vicar
784 2659 819 2738 cs
850 2659 1034 2731 Stottcsdoc,
1071 2666 1100 2721 ιο
1127 2660 1209 2721 show
1237 2680 1326 2721 cause
1353 2661 1421 2739 wby
1451 2660 1499 2721 the
1534 2660 1631 2722 Abbot

520 2738 584 2798 aad
614 2738 748 2800 Conveni
771 2740 807 2819 of
831 2740 1040 2819 Sirrcwsbury,
1066 2761 1100 2801 os
1124 2748 1264 2821 patrone,
1291 2742 1402 2802 should
1426 2748 1479 2802 not
1502 2742 1631 2822 appoict

524 2820 640 2880 Walter
673 2820 710 2881 dc
744 2820 960 2899 Ftnninqhom
995 2829 1024 2881 ιο
1058 2822 1106 2882 the
1138 2822 1292 2901 Viccrcqc,
1327 2822 1409 2883 since
1438 2823 1540 2883 Hooro
1569 2822 1632 2883 bod

520 2900 627 2979 totally
654 2900 790 2961 descrtcd
820 2902 856 2961 it.

477 3080 610 3141 Crrscro
631 3098 732 3140 uacua
753 3098 878 3141 course
899 3082 1082 3155 Hesionen,
1097 3100 1256 3144 vicanum
1277 3102 1321 3143 uu
1344 3084 1630 3145 Sternumentu—

394 3187 504 3258 Adam,
533 3192 603 3259 etc,
632 3186 760 3248 Decanc
789 3188 827 3248 de
857 3187 1069 3259 Stottesdone,
1102 3188 1245 3249 salutem.
1308 3194 1388 3250 Cum
1416 3209 1472 3268 per
1498 3189 1626 3269 inquisi-

393 3292 517 3353 cionem
541 3312 636 3372 super
663 3292 830 3354 vacacione
857 3292 973 3353 vicarie
1000 3293 1038 3353 de
1064 3293 1267 3355 Stcttesdone
1295 3294 1334 3353 ad
1358 3294 1627 3373 presentacionem

393 3398 609 3478 religiosorum
637 3399 774 3459 virorum
804 3398 935 3459 Abbatis
973 3404 1005 3459 et
1040 3398 1222 3459 Conventus
1254 3399 1292 3459 de
1321 3399 1455 3478 Salopia,
1483 3419 1627 3460 verorum

393 3510 597 3584 patronorum
626 3505 777 3583 ejusdem,
817 3505 856 3565 dc
891 3504 1033 3565 Waltero
1068 3505 1107 3566 de
1135 3504 1321 3584 Fynigham,
1344 3504 1526 3584 presbitero,
1568 3506 1628 3567 rite

391 3612 517 3683 factam,
535 3618 568 3673 et
590 3611 665 3672 facti
685 3611 887 3682 evidenciam,
903 3616 1027 3671 constet
1046 3611 1168 3672 notorie
1186 3612 1287 3690 ipsum
1302 3610 1450 3671 vicariam
1465 3630 1483 3670 a
1499 3610 1626 3671 domino

392 3717 542 3788 Hemoni,
570 3717 683 3777 ultimo
707 3716 822 3777 ibidem
846 3716 972 3787 vicario,
1001 3717 1141 3777 totaliter
1167 3717 1323 3777 desertam
1348 3717 1386 3777 de
1413 3716 1481 3795 jure
1505 3736 1624 3787 vacare,

391 3824 480 3884 vobis
508 3822 736 3884 committimus
765 3828 797 3883 ct
835 3822 1021 3883 mandamus
1049 3821 1198 3902 quatinus
1226 3822 1345 3882 dictum
1378 3822 1558 3883 Hemonam
1592 3822 1625 3881 in

393 3926 515 4006 prefata
550 3928 682 3989 ecclesia
712 3926 816 3987 citetis
844 3946 900 3987 seu
929 3927 1018 3987 citari
1047 3926 1169 3987 faciatis
1197 3930 1405 4008 peremptorie
1433 3933 1466 3989 et
1492 3927 1625 4008 publice,

391 4033 475 4112 quod
496 4038 676 4111 compareat
703 4052 809 4092 coram
836 4030 927 4092 nobis
955 4031 1005 4092 vel
1030 4037 1138 4093 nostro
1166 4031 1198 4091 in
1219 4032 1279 4093 hac
1300 4037 1389 4112 parte
1412 4032 1627 4093 commissario

392 4138 426 4197 in
457 4138 588 4200 ecclesia
628 4137 800 4217 parochiali
836 4138 874 4198 de
915 4138 1089 4217 Boscbury‚
1126 4144 1234 4199 nostre
1274 4138 1417 4209 diocesis,
1459 4138 1509 4199 die
1536 4138 1626 4199 Jovie

393 4244 535 4323 proximo
576 4248 648 4322 post
686 4242 802 4304 festum
842 4242 951 4304 Sancti
990 4243 1090 4303 Marci
1125 4243 1326 4323 Evangeliste
1364 4244 1504 4323 proxime
1541 4262 1626 4304 nunc

390 4350 542 4420 futurum,
570 4350 788 4430 propositurus
818 4354 851 4410 et
884 4354 1069 4411 ostensurus
1105 4350 1299 4421 canonicum,
1332 4350 1359 4412 si
1390 4350 1472 4431 quod
1500 4350 1623 4421 habeat,

391 4474 487 4534 qnare
509 4455 612 4515 dictus
636 4454 796 4516 Walterus
820 4455 860 4515 ad
882 4455 1036 4534 prefatam
1058 4455 1206 4516 vicariam
1229 4456 1353 4517 admitti
1375 4456 1407 4516 in
1430 4458 1530 4517 forma
1545 4457 1625 4537 juris

392 4580 456 4620 non
488 4560 609 4630 debeat,
645 4580 701 4621 seu
728 4560 760 4619 in
789 4561 932 4640 ejusdcm
959 4561 1073 4623 vicarie
1101 4562 1293 4641 corporalem
1320 4562 1551 4642 possessionem
1579 4564 1624 4623 in-

392 4666 474 4737 duci,
496 4666 618 4747 sibique
640 4666 773 4727 ulterius
790 4666 823 4725 in
844 4667 904 4727 hac
926 4672 1015 4746 parte
1039 4687 1096 4746 per
1115 4688 1173 4729 nos
1192 4668 1259 4730 lieri
1279 4668 1457 4748 quodjuris
1477 4668 1572 4730 fuerit
1593 4674 1628 4730 et

390 4772 534 4833 racionis.
591 4772 674 4847 Quid
694 4777 801 4833 autem
830 4772 862 4831 in
889 4773 1060 4852 premissis,
1089 4778 1148 4835 etc.
1199 4774 1318 4835 Datum
1341 4775 1423 4854 apud
1451 4775 1626 4855 Bosebury,

392 4878 469 4959 xxij⁰
489 4878 539 4940 die
561 4879 681 4940 mensis
702 4878 827 4959 Aprilis,
849 4899 933 4940 anno
956 4879 1085 4941 Domini
1109 4880 1330 4961 M⁰CCC⁰xxij⁶.
