3850 5917
690 671 845 761 Episcopi
868 660 1114 761 sarsenatae:
1460 662 1521 738 e‘cs

84 916 157 955 M>-
176 916 239 955 ¹³²⁴·
283 906 485 970 indicendum
506 906 608 969 eidem
635 899 764 988 propter
791 905 1025 968 conviccionem
1053 896 1234 986 hujusmodi
1256 902 1419 965 diffamato
1447 902 1518 982 pu'r-

283 1012 446 1093 gacionem
468 1012 652 1074 canonicam
676 1031 772 1093 quam
793 1029 828 1074 se
848 1017 990 1092 prestare
1018 1026 1111 1091 posse
1132 1010 1245 1072 asserit
1266 1010 1299 1069 in
1321 1000 1421 1070 iorma
1442 1008 1521 1088 juris

284 1120 452 1200 procedere
480 1139 670 1181 curaremus.
727 1119 795 1180 Nos
823 1124 938 1190 autem,
960 1118 1103 1180 volentes
1127 1116 1205 1197 juris
1233 1116 1375 1177 ordinem
1403 1116 1457 1196 qui
1488 1116 1525 1175 in*

285 1226 345 1287 hac
375 1231 464 1306 parte
492 1225 661 1305 requiritur
692 1225 865 1297 observare,
888 1224 977 1286 vobis
1001 1224 1197 1304 conjunctim
1228 1227 1260 1284 et
1284 1222 1408 1284 divisim
1438 1242 1520 1283 com·

285 1331 442 1393 mittimus
477 1336 510 1392 et
545 1331 732 1392 mandamus
767 1331 916 1411 quatinus
943 1350 1001 1410 per
1033 1329 1117 1391 viros
1149 1328 1331 1409 fidedignos,
1361 1327 1414 1409 qui
1446 1328 1522 1389 dicti

287 1437 439 1517 Stephani
466 1437 565 1497 vitam
603 1442 635 1497 et
663 1436 938 1498 conversacionem
962 1440 1143 1516 agnoscant,
1177 1434 1217 1497 de
1250 1434 1335 1495 lama
1362 1434 1462 1514 ipsius
1490 1439 1523 1495 st

285 1544 417 1605 veritate
437 1543 662 1623 premissorum
682 1542 849 1622 inquiratis
870 1542 1054 1621 diligencius
1075 1541 1250 1602 veritatem.
1306 1540 1350 1600 Et
1371 1540 1446 1619 quid
1466 1559 1523 1620 per

286 1649 417 1711 eandem
442 1649 681 1729 inquisicionem
706 1648 898 1719 inveneritis,
924 1653 983 1710 etc.
1040 1636 1160 1707 Datum
1185 1646 1269 1726 apud
1297 1635 1521 1725 Wormesleye‚

286 1756 351 1835 xvj⁰
371 1756 421 1817 die
450 1754 567 1818 mensis
595 1755 692 1827 Junii,
721 1774 804 1816 anno
832 1754 961 1815 Domini
990 1734 1237 1833 Mecolrxxiiijn
1266 1740 1334 1814 etc(

288 1997 369 2059 June
395 1977 710 2139 13'-fflatm
739 1996 868 2075 qrcatcd
897 2002 926 2057 to
961 1995 1077 2087 Heary⁸
1101 1996 1137 2076 of
1167 1994 1324 2074 Burphill,
1358 1995 1425 2057 who
1461 1995 1523 2056 hac

407 2078 492 2139 ottae
579 2076 662 2154 Holy
694 2076 804 2138 Orderr
832 2097 872 2137 oa
899 2096 919 2137 a
940 2076 1024 2156 salae
1053 2074 1128 2137 title.

368 2230 587 2291 Drsrsrvssmo
621 2247 683 2290 eno
718 2228 883 2300 Hnnarco,
918 2248 1006 2290 rrnro
1041 2230 1189 2290 Hnnaror
1225 2248 1269 2290 nn
1304 2230 1523 2304 Bonosum,

287 2352 449 2396 onnmnro
492 2352 556 2394 raa
597 2352 726 2395 rnnsmr
760 2335 1202 2396 mrunuu.—Memorandnm
1241 2337 1325 2417 quod
1352 2336 1440 2417 xviij⁰
1474 2336 1525 2399 die

287 2441 406 2503 mensis
432 2440 530 2512 Junii,
547 2459 639 2511 anno,
661 2445 731 2512 etc,
752 2439 851 2521 xxiiij⁰
878 2440 962 2519 apud
988 2439 1212 2521 Wormeslsye,
1231 2441 1377 2503 dominus
1398 2442 1523 2522 dispen-

287 2545 370 2608 savit
397 2565 469 2607 cum
490 2545 618 2607 domino
639 2544 787 2617 ilenrico,
816 2546 881 2607 lilio
909 2546 1041 2607 Henrici
1076 2548 1117 2607 de
1136 2547 1317 2627 Burghulle‚
1339 2548 1527 2628 presbiter-05

288 2670 382 2732 super
402 2670 440 2712 eo
473 2652 558 2731 quod
588 2650 691 2712 iuerat
718 2650 881 2711 ordinatus
911 2651 1001 2729 juxta
1028 2651 1144 2713 ielsum
1175 2658 1208 2714 et
1246 2652 1356 2713 fictum
1384 2652 1523 2725 titulum,

288 2757 475 2818 auctoritate
502 2756 678 2817 litterarum
705 2756 921 2835 penitenciarii
950 2757 1069 2817 domini
1098 2758 1184 2837 Pape
1208 2758 1267 2819 sibi
1288 2759 1321 2818 in
1343 2759 1402 2820 lr‘ao
1432 2765 1522 2839 parte

288 2863 486 2933 directarum,
511 2881 645 2943 quarum
673 2867 764 2923 tenor
790 2861 863 2923 talis
894 2862 1183 2924 est2—Venerebili
1215 2863 1248 2924 in
1277 2864 1403 2927 Christo
1430 2867 1523 2946 patri,

289 2968 349 3030 Dei
375 2967 479 3048 gracia
501 2967 660 3046 Episcopo
684 2967 919 3039 Herefordensi,
943 2968 994 3029 vel
1017 2969 1087 3046 ejus
1106 2968 1222 3029 vicario
1241 2969 1274 3029 in
1297 2970 1522 3049 spiritualibus,

289 3074 489 3145 Gaucelinns,
509 3074 714 3134 miseracione
735 3072 842 3133 divina
861 3073 946 3133 tituli
966 3079 1148 3134 sanctorum
1176 3074 1352 3135 Marcellini
1373 3082 1405 3137 st
1436 3078 1523 3138 Petri

288 3178 442 3259 presbiter
479 3178 663 3251 Cardinalis,
695 3178 829 3240 salutem
857 3185 890 3240 et
927 3179 1083 3241 sinceram
1119 3180 1152 3239 in
1188 3181 1316 3242 domino
1350 3182 1523 3245 ceritatem.

289 3284 371 3359 Quis
396 3283 488 3346 nobis
517 3284 685 3355 Henricus,
713 3284 797 3345 filius
825 3284 957 3345 Henrici
987 3284 1138 3347 Hosberti
1160 3286 1198 3347 ds
1226 3287 1408 3367 Burghulle‚
1437 3308 1523 3369 pres·

288 3389 370 3451 biter
392 3395 496 3451 vestre
520 3390 662 3461 diocesis,
687 3389 769 3450 lator
801 3389 1009 3469 presencium,
1031 3391 1188 3470 peticione
1216 3393 1403 3454 monstravit
1442 3395 1524 3474 quod

289 3514 362 3556 cum
386 3481 461 3556 olim
480 3495 574 3557 vellet
596 3495 636 3556 ad
650 3516 756 3557 sacros
778 3496 903 3557 ordines
913 3497 1099 3575 promoveri,
1121 3500 1154 3557 et
1173 3497 1380 3559 sufficientem
1395 3499 1523 3559 titulum

288 3621 352 3663 non
374 3602 512 3672 haberet,
532 3601 688 3681 quendam
708 3600 822 3663 falsum
843 3621 900 3663 seu
920 3602 1030 3663 fictum
1047 3602 1176 3663 titulum
1196 3602 1257 3664 sibi
1275 3602 1419 3664 fabricari
1440 3605 1523 3677 iecit,

288 3712 434 3788 pretextu
461 3707 552 3786 cnjus
573 3726 607 3768 se
627 3707 702 3769 iecit
723 3707 800 3767 alias
824 3712 932 3768 tamen
951 3708 1011 3767 rite
1030 3707 1211 3786 peremis
1231 3708 1270 3768 ad
1290 3727 1400 3770 omnes
1418 3729 1523 3772 sacros

289 3813 414 3875 ordines
436 3813 621 3893 promoveri,
650 3818 682 3874 et
704 3812 737 3871 in
760 3812 837 3892 ipsis
864 3813 983 3874 nonin
1009 3816 1224 3893 contemptum
1254 3813 1389 3875 clavium
1417 3816 1523 3896 sepius

289 3918 489 3991 ministravit,
511 3923 544 3979 et
567 3912 645 3979 alles
666 3919 838 3979 immiscuit
865 3938 899 3979 se
923 3918 1047 3989 divinis,
1073 3936 1109 3979 ac
1131 3919 1261 3999 insuper
1283 3938 1389 3980 coram
1409 3921 1524 3982 erami-

289 4025 455 4087 natoribus
489 4025 648 4086 diocesani
675 4025 725 4086 sui
759 4024 875 4103 junavit
910 4043 1020 4086 verum
1050 4030 1083 4086 et
1113 4024 1289 4104 legitimum
1327 4024 1461 4086 titulum*
1491 4038 1531 4089 se'

290 4133 414 4205 habere,
435 4132 561 4212 cognlts
588 4132 716 4192 tandem
744 4132 836 4211 culpa
863 4136 895 4192 et
926 4131 1044 4211 apertis
1075 4130 1285 4211 intelligencie
1313 4131 1421 4203 oculis,
1452 4132 1524 4213 sup-

289 4237 418 4318 plicavit
446 4237 608 4298 hnmiliter
636 4236 695 4298 sibl
724 4255 819 4316 snper
848 4236 911 4297 hiis
937 4240 995 4316 pei*
1023 4234 1134 4297 Sedem
1164 4234 1378 4315 Apostoliccm
1406 4236 1523 4299 miseri-

290 4345 427 4406 corditer
461 4343 627 4427 provideri.
682 4342 751 4404 Nos
784 4342 880 4421 igitur
917 4341 1104 4402 anctoritate
1142 4338 1261 4401 domini
1296 4340 1392 4421 Pape,
1434 4344 1525 4421 cujus

290 4449 513 4531 penitencicrie
541 4468 648 4510 curam
677 4448 823 4529 gerimus,
852 4448 957 4527 ipsum
990 4446 1198 4527 presbiterum
1227 4447 1265 4507 ad
1293 4466 1350 4508 vos
1377 4446 1524 4509 carinus

290 4555 524 4629 remittendum,
539 4558 643 4616 vestre
657 4552 933 4634 circumspeccioni
955 4554 1142 4614 anctoritate
1156 4552 1391 4615 committentes
1405 4554 1530 4626 ecdem·

290 4661 447 4743 quatinus*
464 4660 607 4739 injuncta
634 4660 709 4720 inde
735 4659 794 4721 sibi
825 4658 1026 4720 sbtoldcione
1054 4658 1160 4738 provin
1187 4658 1227 4719 ab
1258 4660 1389 4719 excessu
1417 4656 1524 4739 hujus'·

152 4818 185 4847 ο,
231 4834 237 4844 ,
289 4768 374 4829 niodi
399 4771 431 4829 et
452 4787 471 4827 a
491 4771 585 4827 rectu·
600 4764 729 4846 perjurii
750 4764 930 4845 penitencia
953 4762 1093 4835 salutari,
1118 4768 1150 4824 et
1173 4746 1242 4825 ullis
1271 4783 1331 4843 que
1352 4762 1381 4825 ei
1409 4764 1526 4825 fuerint

289 4871 490 4952 injungenda,
512 4888 613 4949 eoque
639 4872 678 4930 ad
706 4875 849 4949 tempuss
869 4874 967 4949 prout·
995 4868 1140 4948 expedire
1168 4848 1317 4940 videritis,
1351 4888 1369 4929 a
1396 4872 1525 4931 suorum

290 4978 434 5040 ordinum
462 4976 514 5039 sic
530 4977 752 5056 susceptorum
775 4975 962 5037 execucione
990 4992 1153 5055 suspenso,
1175 4969 1302 5035 dbmum
1326 4972 1524 5055 suffraganti-

289 5084 349 5145 bus
379 5083 409 5145 ei
437 5081 722 5163 mendacioque
756 5100 821 5142 non
850 5080 997 5142 obstante
1029 5081 1188 5153 canonico3
1218 5088 1312 5161 supet
1338 5081 1524 5143 execucione
