<?xml version="1.0" encoding="UTF-8"?>
<!DOCTYPE html PUBLIC "-//W3C//DTD XHTML 1.0 Transitional//EN"
    "http://www.w3.org/TR/xhtml1/DTD/xhtml1-transitional.dtd">
<html xmlns="http://www.w3.org/1999/xhtml" xml:lang="en" lang="en">
 <head>
  <title>
</title>
<meta http-equiv="Content-Type" content="text/html;charset=utf-8" />
  <meta name='ocr-system' content='tesseract 3.04.00' />
  <meta name='ocr-capabilities' content='ocr_page ocr_carea ocr_par ocr_line ocrx_word'/>
</head>
<body>
  <div class='ocr_page' id='page_1' title='image "./registrumadedeo00banngoog_0124.png"; bbox 0 0 3850 5917; ppageno 0'>
   <div class='ocr_carea' id='block_1_1' title="bbox 690 694 1520 777">
    <p class='ocr_par' dir='ltr' id='par_1_1' title="bbox 690 694 1520 777">
     <span class='ocr_line' id='line_1_1' title="bbox 690 694 1520 777; baseline 0.01 -23"><span class='ocrx_word' id='word_1_1' title='bbox 690 694 841 775; x_wconf 74' lang='lat' dir='ltr'><strong>Episcopi</strong></span> <span class='ocrx_word' id='word_1_2' title='bbox 868 696 1111 777; x_wconf 76' lang='lat' dir='ltr'><strong>Horesordcruir.</strong></span> <span class='ocrx_word' id='word_1_3' title='bbox 1478 701 1520 762; x_wconf 80' lang='lat'><strong>59</strong></span> 
     </span>
    </p>
   </div>
   <div class='ocr_carea' id='block_1_2' title="bbox 129 918 1520 1634">
    <p class='ocr_par' dir='ltr' id='par_1_2' title="bbox 129 918 1520 1634">
     <span class='ocr_line' id='line_1_2' title="bbox 129 918 1518 999; baseline 0.004 -22"><span class='ocrx_word' id='word_1_4' title='bbox 129 920 178 957; x_wconf 58' lang='lat'><strong>⁸¹²</strong></span> <span class='ocrx_word' id='word_1_5' title='bbox 192 921 240 960; x_wconf 57' lang='lat'><strong>¹³¹⁸</strong></span> <span class='ocrx_word' id='word_1_6' title='bbox 278 918 530 980; x_wconf 87' lang='lat' dir='ltr'><strong>construccionis</strong></span> <span class='ocrx_word' id='word_1_7' title='bbox 551 939 608 980; x_wconf 87' lang='lat' dir='ltr'><strong>seu</strong></span> <span class='ocrx_word' id='word_1_8' title='bbox 635 920 846 999; x_wconf 85' lang='lat' dir='ltr'><strong>reparaoionis</strong></span> <span class='ocrx_word' id='word_1_9' title='bbox 874 920 970 981; x_wconf 85' lang='lat' dir='ltr'><strong>castri</strong></span> <span class='ocrx_word' id='word_1_10' title='bbox 1000 920 1101 982; x_wconf 88' lang='lat' dir='ltr'><strong>nostri</strong></span> <span class='ocrx_word' id='word_1_11' title='bbox 1122 926 1155 982; x_wconf 92' lang='lat' dir='ltr'><strong>et</strong></span> <span class='ocrx_word' id='word_1_12' title='bbox 1189 922 1321 983; x_wconf 84' lang='lat' dir='ltr'><strong>aliarum</strong></span> <span class='ocrx_word' id='word_1_13' title='bbox 1353 923 1518 983; x_wconf 90' lang='lat' dir='ltr'><strong>domorum</strong></span> 
     </span>
     <span class='ocr_line' id='line_1_3' title="bbox 277 1024 1520 1106; baseline 0.005 -23"><span class='ocrx_word' id='word_1_14' title='bbox 277 1024 459 1106; x_wconf 89' lang='lat' dir='ltr'><strong>ubicunque</strong></span> <span class='ocrx_word' id='word_1_15' title='bbox 489 1045 547 1105; x_wconf 89' lang='lat' dir='ltr'><strong>per</strong></span> <span class='ocrx_word' id='word_1_16' title='bbox 582 1027 723 1087; x_wconf 89' lang='lat' dir='ltr'><strong>maneria</strong></span> <span class='ocrx_word' id='word_1_17' title='bbox 753 1033 863 1088; x_wconf 85' lang='lat' dir='ltr'><strong>nostra</strong></span> <span class='ocrx_word' id='word_1_18' title='bbox 895 1032 959 1087; x_wconf 88' lang='lat' dir='ltr'><strong>tarn</strong></span> <span class='ocrx_word' id='word_1_19' title='bbox 996 1026 1077 1088; x_wconf 83' lang='lat' dir='ltr'><strong>inira</strong></span> <span class='ocrx_word' id='word_1_20' title='bbox 1111 1028 1297 1088; x_wconf 87' lang='lat' dir='ltr'><strong>comitatum</strong></span> <span class='ocrx_word' id='word_1_21' title='bbox 1333 1028 1520 1090; x_wconf 80' lang='lat' dir='ltr'><strong>Herefordie</strong></span> 
     </span>
     <span class='ocr_line' id='line_1_4' title="bbox 276 1129 1519 1213; baseline 0.005 -25"><span class='ocrx_word' id='word_1_22' title='bbox 276 1149 372 1208; x_wconf 80' lang='lat' dir='ltr'><strong>quam</strong></span> <span class='ocrx_word' id='word_1_23' title='bbox 393 1134 491 1190; x_wconf 87' lang='lat' dir='ltr'><strong>extra.</strong></span> <span class='ocrx_word' id='word_1_24' title='bbox 534 1129 586 1190; x_wconf 92' lang='lat' dir='ltr'><strong>Ita</strong></span> <span class='ocrx_word' id='word_1_25' title='bbox 613 1131 697 1210; x_wconf 91' lang='lat' dir='ltr'><strong>quod</strong></span> <span class='ocrx_word' id='word_1_26' title='bbox 719 1131 864 1192; x_wconf 89' lang='lat' dir='ltr'><strong>decetero</strong></span> <span class='ocrx_word' id='word_1_27' title='bbox 892 1131 931 1191; x_wconf 88' lang='lat' dir='ltr'><strong>ab</strong></span> <span class='ocrx_word' id='word_1_28' title='bbox 952 1132 1072 1192; x_wconf 86' lang='lat' dir='ltr'><strong>eisdem</strong></span> <span class='ocrx_word' id='word_1_29' title='bbox 1095 1132 1313 1193; x_wconf 77' lang='lat' dir='ltr'>executoribus</span> <span class='ocrx_word' id='word_1_30' title='bbox 1335 1133 1375 1194; x_wconf 93' lang='lat' dir='ltr'><strong>ob</strong></span> <span class='ocrx_word' id='word_1_31' title='bbox 1397 1133 1519 1213; x_wconf 89' lang='lat' dir='ltr'><strong>aliquos</strong></span> 
     </span>
     <span class='ocr_line' id='line_1_5' title="bbox 278 1233 1518 1319; baseline 0.007 -27"><span class='ocrx_word' id='word_1_32' title='bbox 278 1233 422 1295; x_wconf 83' lang='lat' dir='ltr'><strong>deiectus</strong></span> <span class='ocrx_word' id='word_1_33' title='bbox 449 1235 545 1296; x_wconf 88' lang='lat' dir='ltr'><strong>castri</strong></span> <span class='ocrx_word' id='word_1_34' title='bbox 572 1255 629 1296; x_wconf 91' lang='lat' dir='ltr'><strong>seu</strong></span> <span class='ocrx_word' id='word_1_35' title='bbox 662 1235 827 1297; x_wconf 89' lang='lat' dir='ltr'><strong>domorum</strong></span> <span class='ocrx_word' id='word_1_36' title='bbox 856 1235 1025 1316; x_wconf 89' lang='lat' dir='ltr'><strong>quicquam</strong></span> <span class='ocrx_word' id='word_1_37' title='bbox 1057 1237 1239 1299; x_wconf 87' lang='lat' dir='ltr'><strong>nullatenus</strong></span> <span class='ocrx_word' id='word_1_38' title='bbox 1267 1239 1427 1319; x_wconf 82' lang='lat' dir='ltr'><strong>exigemus</strong></span> <span class='ocrx_word' id='word_1_39' title='bbox 1462 1241 1518 1301; x_wconf 85' lang='lat' dir='ltr'><strong>sed</strong></span> 
     </span>
     <span class='ocr_line' id='line_1_6' title="bbox 277 1339 1519 1424; baseline 0.005 -24"><span class='ocrx_word' id='word_1_40' title='bbox 277 1339 317 1400; x_wconf 82' lang='lat' dir='ltr'><strong>ab</strong></span> <span class='ocrx_word' id='word_1_41' title='bbox 348 1339 437 1400; x_wconf 91' lang='lat' dir='ltr'><strong>omni</strong></span> <span class='ocrx_word' id='word_1_42' title='bbox 468 1339 596 1402; x_wconf 85' lang='lat' dir='ltr'><strong>accione</strong></span> <span class='ocrx_word' id='word_1_43' title='bbox 620 1341 693 1402; x_wconf 88' lang='lat' dir='ltr'><strong>inde</strong></span> <span class='ocrx_word' id='word_1_44' title='bbox 720 1341 843 1402; x_wconf 79' lang='lat' dir='ltr'><strong>excludi</strong></span> <span class='ocrx_word' id='word_1_45' title='bbox 870 1342 1016 1404; x_wconf 87' lang='lat' dir='ltr'><strong>volumus</strong></span> <span class='ocrx_word' id='word_1_46' title='bbox 1046 1362 1104 1422; x_wconf 92' lang='lat' dir='ltr'><strong>per</strong></span> <span class='ocrx_word' id='word_1_47' title='bbox 1130 1346 1303 1422; x_wconf 77' lang='lat' dir='ltr'><strong>presentes.</strong></span> <span class='ocrx_word' id='word_1_48' title='bbox 1359 1343 1399 1403; x_wconf 93' lang='lat' dir='ltr'><strong>In</strong></span> <span class='ocrx_word' id='word_1_49' title='bbox 1427 1344 1519 1424; x_wconf 84' lang='lat' dir='ltr'><strong>eujus</strong></span> 
     </span>
     <span class='ocr_line' id='line_1_7' title="bbox 274 1445 1518 1526; baseline 0.004 -21"><span class='ocrx_word' id='word_1_50' title='bbox 274 1445 330 1516; x_wconf 91' lang='lat' dir='ltr'><strong>rei,</strong></span> <span class='ocrx_word' id='word_1_51' title='bbox 366 1450 427 1506; x_wconf 91' lang='lat' dir='ltr'><strong>etc.</strong></span> <span class='ocrx_word' id='word_1_52' title='bbox 483 1446 603 1506; x_wconf 83' lang='lat' dir='ltr'><strong>Datum</strong></span> <span class='ocrx_word' id='word_1_53' title='bbox 640 1447 724 1526; x_wconf 86' lang='lat' dir='ltr'><strong>apud</strong></span> <span class='ocrx_word' id='word_1_54' title='bbox 752 1446 926 1526; x_wconf 85' lang='lat' dir='ltr'><strong>Bosebury,</strong></span> <span class='ocrx_word' id='word_1_55' title='bbox 959 1447 1010 1508; x_wconf 90' lang='lat' dir='ltr'><strong>die</strong></span> <span class='ocrx_word' id='word_1_56' title='bbox 1031 1447 1200 1508; x_wconf 86' lang='lat' dir='ltr'><strong>Dominiea</strong></span> <span class='ocrx_word' id='word_1_57' title='bbox 1230 1448 1264 1507; x_wconf 93' lang='lat' dir='ltr'><strong>in</strong></span> <span class='ocrx_word' id='word_1_58' title='bbox 1298 1447 1380 1510; x_wconf 79' lang='lat' dir='ltr'><strong>festo</strong></span> <span class='ocrx_word' id='word_1_59' title='bbox 1408 1456 1518 1510; x_wconf 87' lang='lat' dir='ltr'><strong>sancte</strong></span> 
     </span>
     <span class='ocr_line' id='line_1_8' title="bbox 277 1550 1053 1634; baseline 0.005 -25"><span class='ocrx_word' id='word_1_60' title='bbox 277 1550 400 1628; x_wconf 84' lang='lat' dir='ltr'><strong>Agathe</strong></span> <span class='ocrx_word' id='word_1_61' title='bbox 421 1551 561 1632; x_wconf 79' lang='lat' dir='ltr'><strong>virginis,</strong></span> <span class='ocrx_word' id='word_1_62' title='bbox 583 1572 667 1612; x_wconf 89' lang='lat' dir='ltr'><strong>anno</strong></span> <span class='ocrx_word' id='word_1_63' title='bbox 689 1552 818 1613; x_wconf 90' lang='lat' dir='ltr'>Domini</span> <span class='ocrx_word' id='word_1_64' title='bbox 840 1551 1053 1634; x_wconf 55' lang='lat' dir='ltr'><strong>Mrooorxvij.</strong></span> 
     </span>
    </p>
   </div>
   <div class='ocr_carea' id='block_1_3' title="bbox 276 1867 1515 2028">
    <p class='ocr_par' dir='ltr' id='par_1_3' title="bbox 276 1867 1515 2028">
     <span class='ocr_line' id='line_1_9' title="bbox 276 1867 1515 1952; baseline 0.006 -26"><span class='ocrx_word' id='word_1_65' title='bbox 276 1869 337 1928; x_wconf 78' lang='lat' dir='ltr'><strong>The</strong></span> <span class='ocrx_word' id='word_1_66' title='bbox 362 1867 515 1948; x_wconf 82' lang='lat' dir='ltr'><strong>Priores</strong></span> <span class='ocrx_word' id='word_1_67' title='bbox 539 1868 719 1946; x_wconf 75' lang='lat' dir='ltr'><strong>Wormcslcy</strong></span> <span class='ocrx_word' id='word_1_68' title='bbox 742 1867 845 1928; x_wconf 81' lang='lat' dir='ltr'><strong>writes</strong></span> <span class='ocrx_word' id='word_1_69' title='bbox 872 1867 939 1928; x_wconf 81' lang='lat' dir='ltr'><strong>thot</strong></span> <span class='ocrx_word' id='word_1_70' title='bbox 963 1867 999 1929; x_wconf 80' lang='lat' dir='ltr'><strong>te</strong></span> <span class='ocrx_word' id='word_1_71' title='bbox 1020 1868 1087 1928; x_wconf 80' lang='lat' dir='ltr'><strong>will</strong></span> <span class='ocrx_word' id='word_1_72' title='bbox 1108 1889 1199 1948; x_wconf 65' lang='lat' dir='ltr'><strong>corr‘y</strong></span> <span class='ocrx_word' id='word_1_73' title='bbox 1221 1877 1274 1930; x_wconf 82' lang='lat' dir='ltr'><strong>out</strong></span> <span class='ocrx_word' id='word_1_74' title='bbox 1298 1871 1347 1931; x_wconf 78' lang='lat' dir='ltr'><strong>the</strong></span> <span class='ocrx_word' id='word_1_75' title='bbox 1369 1871 1515 1952; x_wconf 81' lang='lat' dir='ltr'><strong>Bisbop&#39;c</strong></span> 
     </span>
     <span class='ocr_line' id='line_1_10' title="bbox 396 1947 1188 2028; baseline 0.001 -19"><span class='ocrx_word' id='word_1_76' title='bbox 396 1947 506 2009; x_wconf 72' lang='lat' dir='ltr'><strong>soisbm</strong></span> <span class='ocrx_word' id='word_1_77' title='bbox 527 1947 563 2008; x_wconf 81' lang='lat' dir='ltr'><strong>ic</strong></span> <span class='ocrx_word' id='word_1_78' title='bbox 584 1948 633 2009; x_wconf 80' lang='lat' dir='ltr'><strong>the</strong></span> <span class='ocrx_word' id='word_1_79' title='bbox 653 1955 765 2009; x_wconf 74' lang='lat' dir='ltr'><strong>cmiter</strong></span> <span class='ocrx_word' id='word_1_80' title='bbox 785 1948 820 2028; x_wconf 86' lang='lat' dir='ltr'><strong>os</strong></span> <span class='ocrx_word' id='word_1_81' title='bbox 844 1948 986 2008; x_wconf 81' lang='lat' dir='ltr'><strong>Wiltiom</strong></span> <span class='ocrx_word' id='word_1_82' title='bbox 1005 1949 1188 2010; x_wconf 80' lang='lat' dir='ltr'><strong>Moaiword.</strong></span> 
     </span>
    </p>
   </div>
   <div class='ocr_carea' id='block_1_4' title="bbox 270 2105 1558 3676">
    <p class='ocr_par' dir='ltr' id='par_1_4' title="bbox 270 2105 1558 3676">
     <span class='ocr_line' id='line_1_11' title="bbox 356 2105 1558 2180; baseline 0.002 -3"><span class='ocrx_word' id='word_1_83' title='bbox 356 2118 541 2178; x_wconf 77' lang='lat' dir='ltr'><strong>Rneeonsro</strong></span> <span class='ocrx_word' id='word_1_84' title='bbox 571 2118 705 2177; x_wconf 79' lang='lat' dir='ltr'><strong>Pruorns</strong></span> <span class='ocrx_word' id='word_1_85' title='bbox 735 2135 778 2176; x_wconf 87' lang='lat' dir='ltr'><strong>nn</strong></span> <span class='ocrx_word' id='word_1_86' title='bbox 801 2117 1039 2176; x_wconf 80' lang='lat' dir='ltr'><strong>Wonunsnnrn</strong></span> <span class='ocrx_word' id='word_1_87' title='bbox 1070 2135 1176 2177; x_wconf 78' lang='lat' dir='ltr'><strong>sures</strong></span> <span class='ocrx_word' id='word_1_88' title='bbox 1199 2136 1373 2178; x_wconf 77' lang='lat' dir='ltr'><strong>Pnrrcrous</strong></span> <span class='ocrx_word' id='word_1_89' title='bbox 1396 2136 1515 2180; x_wconf 82' lang='lat' dir='ltr'><strong>nouuu</strong></span> <span class='ocrx_word' id='word_1_90' title='bbox 1552 2105 1558 2116; x_wconf 53' lang='lat'><strong>¹</strong></span> 
     </span>
     <span class='ocr_line' id='line_1_12' title="bbox 274 2222 1516 2287; baseline 0.002 -3"><span class='ocrx_word' id='word_1_91' title='bbox 274 2225 432 2284; x_wconf 81' lang='lat' dir='ltr'><strong>Erreoorr</strong></span> <span class='ocrx_word' id='word_1_92' title='bbox 453 2241 612 2284; x_wconf 77' lang='lat' dir='ltr'><strong>susumus</strong></span> <span class='ocrx_word' id='word_1_93' title='bbox 633 2240 803 2283; x_wconf 78' lang='lat' dir='ltr'><strong>oorrnnrs</strong></span> <span class='ocrx_word' id='word_1_94' title='bbox 825 2239 886 2282; x_wconf 77' lang='lat' dir='ltr'><strong>rso</strong></span> <span class='ocrx_word' id='word_1_95' title='bbox 917 2239 1006 2283; x_wconf 79' lang='lat' dir='ltr'><strong>muro</strong></span> <span class='ocrx_word' id='word_1_96' title='bbox 1037 2222 1066 2283; x_wconf 88' lang='lat' dir='ltr'><strong>J.</strong></span> <span class='ocrx_word' id='word_1_97' title='bbox 1089 2223 1516 2287; x_wconf 66' lang='lat' dir='ltr'><strong>Mommsen-Reverendo</strong></span> 
     </span>
     <span class='ocr_line' id='line_1_13' title="bbox 273 2328 1515 2410; baseline 0.002 -20"><span class='ocrx_word' id='word_1_98' title='bbox 273 2330 356 2410; x_wconf 89' lang='lat' dir='ltr'><strong>patri</strong></span> <span class='ocrx_word' id='word_1_99' title='bbox 382 2331 415 2390; x_wconf 90' lang='lat' dir='ltr'><strong>in</strong></span> <span class='ocrx_word' id='word_1_100' title='bbox 449 2329 585 2400; x_wconf 78' lang='lat' dir='ltr'><strong>Christe,</strong></span> <span class='ocrx_word' id='word_1_101' title='bbox 614 2329 742 2390; x_wconf 91' lang='lat' dir='ltr'><strong>domino</strong></span> <span class='ocrx_word' id='word_1_102' title='bbox 771 2328 846 2398; x_wconf 84' lang='lat' dir='ltr'><strong>Ado,</strong></span> <span class='ocrx_word' id='word_1_103' title='bbox 877 2333 947 2399; x_wconf 79' lang='lat' dir='ltr'><strong>eto,</strong></span> <span class='ocrx_word' id='word_1_104' title='bbox 978 2328 1026 2388; x_wconf 88' lang='lat' dir='ltr'><strong>sui</strong></span> <span class='ocrx_word' id='word_1_105' title='bbox 1055 2328 1235 2390; x_wconf 91' lang='lat' dir='ltr'><strong>obediencie</strong></span> <span class='ocrx_word' id='word_1_106' title='bbox 1266 2329 1323 2388; x_wconf 93' lang='lat' dir='ltr'><strong>filii</strong></span> <span class='ocrx_word' id='word_1_107' title='bbox 1358 2331 1448 2393; x_wconf 86' lang='lat' dir='ltr'>Prior</span> <span class='ocrx_word' id='word_1_108' title='bbox 1481 2337 1515 2393; x_wconf 92' lang='lat' dir='ltr'><strong>et</strong></span> 
     </span>
     <span class='ocr_line' id='line_1_14' title="bbox 272 2433 1513 2514; baseline -0.002 -17"><span class='ocrx_word' id='word_1_109' title='bbox 272 2437 458 2498; x_wconf 85' lang='lat' dir='ltr'><strong>Conventus</strong></span> <span class='ocrx_word' id='word_1_110' title='bbox 490 2436 529 2497; x_wconf 94' lang='lat' dir='ltr'><strong>de</strong></span> <span class='ocrx_word' id='word_1_111' title='bbox 562 2434 751 2514; x_wconf 88' lang='lat' dir='ltr'><strong>Wormeley,</strong></span> <span class='ocrx_word' id='word_1_112' title='bbox 790 2433 1016 2503; x_wconf 79' lang='lat' dir='ltr'><strong>obedienciam,</strong></span> <span class='ocrx_word' id='word_1_113' title='bbox 1047 2434 1259 2494; x_wconf 82' lang='lat' dir='ltr'><strong>reverenciam</strong></span> <span class='ocrx_word' id='word_1_114' title='bbox 1290 2438 1324 2494; x_wconf 89' lang='lat' dir='ltr'><strong>et</strong></span> <span class='ocrx_word' id='word_1_115' title='bbox 1351 2435 1513 2497; x_wconf 89' lang='lat' dir='ltr'><strong>honorem.</strong></span> 
     </span>
     <span class='ocr_line' id='line_1_15' title="bbox 272 2537 1513 2620; baseline 0 -18"><span class='ocrx_word' id='word_1_116' title='bbox 272 2543 355 2603; x_wconf 84' lang='lat' dir='ltr'><strong>Eam</strong></span> <span class='ocrx_word' id='word_1_117' title='bbox 378 2547 483 2603; x_wconf 87' lang='lat' dir='ltr'><strong>vestre</strong></span> <span class='ocrx_word' id='word_1_118' title='bbox 502 2537 611 2602; x_wconf 78' lang='lat' dir='ltr'><strong>sancte</strong></span> <span class='ocrx_word' id='word_1_119' title='bbox 631 2538 816 2620; x_wconf 73' lang='lat' dir='ltr'><strong>paternitati</strong></span> <span class='ocrx_word' id='word_1_120' title='bbox 835 2558 930 2618; x_wconf 85' lang='lat' dir='ltr'><strong>quarn</strong></span> <span class='ocrx_word' id='word_1_121' title='bbox 949 2557 1121 2617; x_wconf 88' lang='lat' dir='ltr'><strong>possumus</strong></span> <span class='ocrx_word' id='word_1_122' title='bbox 1142 2543 1175 2599; x_wconf 91' lang='lat' dir='ltr'><strong>et</strong></span> <span class='ocrx_word' id='word_1_123' title='bbox 1196 2539 1347 2601; x_wconf 78' lang='lat' dir='ltr'><strong>debemus</strong></span> <span class='ocrx_word' id='word_1_124' title='bbox 1370 2561 1513 2602; x_wconf 85' lang='lat' dir='ltr'><strong>reveren·</strong></span> 
     </span>
     <span class='ocr_line' id='line_1_16' title="bbox 272 2642 1513 2726; baseline 0 -18"><span class='ocrx_word' id='word_1_125' title='bbox 272 2649 354 2709; x_wconf 89' lang='lat' dir='ltr'><strong>ciam</strong></span> <span class='ocrx_word' id='word_1_126' title='bbox 376 2652 472 2726; x_wconf 79' lang='lat' dir='ltr'><strong>etque</strong></span> <span class='ocrx_word' id='word_1_127' title='bbox 493 2645 708 2707; x_wconf 88' lang='lat' dir='ltr'><strong>obedienciam</strong></span> <span class='ocrx_word' id='word_1_128' title='bbox 733 2642 918 2724; x_wconf 88' lang='lat' dir='ltr'><strong>suppliciter</strong></span> <span class='ocrx_word' id='word_1_129' title='bbox 938 2642 1109 2704; x_wconf 84' lang='lat' dir='ltr'><strong>offerentes</strong></span> <span class='ocrx_word' id='word_1_130' title='bbox 1129 2645 1277 2724; x_wconf 87' lang='lat' dir='ltr'><strong>prosequi</strong></span> <span class='ocrx_word' id='word_1_131' title='bbox 1298 2646 1453 2724; x_wconf 89' lang='lat' dir='ltr'><strong>cupimus,</strong></span> <span class='ocrx_word' id='word_1_132' title='bbox 1479 2653 1513 2708; x_wconf 91' lang='lat' dir='ltr'><strong>et</strong></span> 
     </span>
     <span class='ocr_line' id='line_1_17' title="bbox 273 2746 1514 2831; baseline 0 -19"><span class='ocrx_word' id='word_1_133' title='bbox 273 2751 430 2813; x_wconf 89' lang='lat' dir='ltr'><strong>desiderio</strong></span> <span class='ocrx_word' id='word_1_134' title='bbox 453 2750 563 2831; x_wconf 79' lang='lat' dir='ltr'><strong>grandi</strong></span> <span class='ocrx_word' id='word_1_135' title='bbox 584 2749 800 2810; x_wconf 90' lang='lat' dir='ltr'><strong>desideramus</strong></span> <span class='ocrx_word' id='word_1_136' title='bbox 828 2767 865 2808; x_wconf 88' lang='lat' dir='ltr'><strong>ea</strong></span> <span class='ocrx_word' id='word_1_137' title='bbox 886 2746 1044 2826; x_wconf 85' lang='lat' dir='ltr'><strong>complere</strong></span> <span class='ocrx_word' id='word_1_138' title='bbox 1065 2767 1126 2826; x_wconf 93' lang='lat' dir='ltr'><strong>que</strong></span> <span class='ocrx_word' id='word_1_139' title='bbox 1146 2748 1358 2828; x_wconf 88' lang='lat' dir='ltr'><strong>omnipotenti</strong></span> <span class='ocrx_word' id='word_1_140' title='bbox 1383 2751 1452 2811; x_wconf 94' lang='lat' dir='ltr'><strong>Deo</strong></span> <span class='ocrx_word' id='word_1_141' title='bbox 1479 2757 1514 2812; x_wconf 88' lang='lat' dir='ltr'><strong>et</strong></span> 
     </span>
     <span class='ocr_line' id='line_1_18' title="bbox 272 2853 1514 2936; baseline -0.001 -18"><span class='ocrx_word' id='word_1_142' title='bbox 272 2864 376 2918; x_wconf 86' lang='lat' dir='ltr'><strong>vestre</strong></span> <span class='ocrx_word' id='word_1_143' title='bbox 397 2855 537 2936; x_wconf 88' lang='lat' dir='ltr'><strong>preclare</strong></span> <span class='ocrx_word' id='word_1_144' title='bbox 564 2853 776 2916; x_wconf 87' lang='lat' dir='ltr'><strong>dominacioni</strong></span> <span class='ocrx_word' id='word_1_145' title='bbox 810 2859 960 2933; x_wconf 91' lang='lat' dir='ltr'><strong>poterunt</strong></span> <span class='ocrx_word' id='word_1_146' title='bbox 985 2873 1055 2915; x_wconf 89' lang='lat' dir='ltr'><strong>esse</strong></span> <span class='ocrx_word' id='word_1_147' title='bbox 1082 2858 1180 2932; x_wconf 82' lang='lat' dir='ltr'><strong>grata.</strong></span> <span class='ocrx_word' id='word_1_148' title='bbox 1237 2854 1324 2915; x_wconf 89' lang='lat' dir='ltr'><strong>Hinc</strong></span> <span class='ocrx_word' id='word_1_149' title='bbox 1351 2861 1401 2917; x_wconf 89' lang='lat' dir='ltr'><strong>est</strong></span> <span class='ocrx_word' id='word_1_150' title='bbox 1428 2857 1514 2936; x_wconf 93' lang='lat' dir='ltr'><strong>quod</strong></span> 
     </span>
     <span class='ocr_line' id='line_1_19' title="bbox 272 2959 1511 3042; baseline -0.001 -18"><span class='ocrx_word' id='word_1_151' title='bbox 272 2969 378 3024; x_wconf 84' lang='lat' dir='ltr'><strong>vestre</strong></span> <span class='ocrx_word' id='word_1_152' title='bbox 408 2967 518 3023; x_wconf 87' lang='lat' dir='ltr'><strong>sancte</strong></span> <span class='ocrx_word' id='word_1_153' title='bbox 544 2960 746 3040; x_wconf 77' lang='lat' dir='ltr'><strong>paternitatis</strong></span> <span class='ocrx_word' id='word_1_154' title='bbox 773 2959 955 3039; x_wconf 80' lang='lat' dir='ltr'><strong>precamine</strong></span> <span class='ocrx_word' id='word_1_155' title='bbox 979 2979 1040 3039; x_wconf 91' lang='lat' dir='ltr'><strong>que</strong></span> <span class='ocrx_word' id='word_1_156' title='bbox 1064 2959 1133 3020; x_wconf 93' lang='lat' dir='ltr'><strong>loco</strong></span> <span class='ocrx_word' id='word_1_157' title='bbox 1158 2960 1355 3039; x_wconf 83' lang='lat' dir='ltr'><strong>suscepimus</strong></span> <span class='ocrx_word' id='word_1_158' title='bbox 1383 2981 1511 3042; x_wconf 91' lang='lat' dir='ltr'><strong>precep-</strong></span> 
     </span>
     <span class='ocr_line' id='line_1_20' title="bbox 272 3064 1511 3148; baseline -0.002 -18"><span class='ocrx_word' id='word_1_159' title='bbox 272 3075 377 3130; x_wconf 87' lang='lat' dir='ltr'><strong>torum</strong></span> <span class='ocrx_word' id='word_1_160' title='bbox 398 3089 457 3148; x_wconf 91' lang='lat' dir='ltr'><strong>pro</strong></span> <span class='ocrx_word' id='word_1_161' title='bbox 478 3067 638 3128; x_wconf 92' lang='lat' dir='ltr'><strong>Willelmo</strong></span> <span class='ocrx_word' id='word_1_162' title='bbox 665 3067 730 3126; x_wconf 87' lang='lat' dir='ltr'><strong>filio</strong></span> <span class='ocrx_word' id='word_1_163' title='bbox 754 3065 912 3127; x_wconf 87' lang='lat' dir='ltr'><strong>Johannis</strong></span> <span class='ocrx_word' id='word_1_164' title='bbox 940 3064 1127 3136; x_wconf 89' lang='lat' dir='ltr'><strong>Moniword,</strong></span> <span class='ocrx_word' id='word_1_165' title='bbox 1155 3065 1233 3126; x_wconf 90' lang='lat' dir='ltr'><strong>civis</strong></span> <span class='ocrx_word' id='word_1_166' title='bbox 1259 3066 1511 3139; x_wconf 84' lang='lat' dir='ltr'><strong>Hereiordensis‚</strong></span> 
     </span>
     <span class='ocr_line' id='line_1_21' title="bbox 272 3171 1511 3256; baseline -0.003 -20"><span class='ocrx_word' id='word_1_167' title='bbox 272 3177 363 3256; x_wconf 87' lang='lat' dir='ltr'><strong>cujus</strong></span> <span class='ocrx_word' id='word_1_168' title='bbox 399 3179 545 3236; x_wconf 85' lang='lat' dir='ltr'><strong>sanctum</strong></span> <span class='ocrx_word' id='word_1_169' title='bbox 585 3172 785 3253; x_wconf 88' lang='lat' dir='ltr'><strong>propositum</strong></span> <span class='ocrx_word' id='word_1_170' title='bbox 826 3171 1001 3232; x_wconf 91' lang='lat' dir='ltr'><strong>secundum</strong></span> <span class='ocrx_word' id='word_1_171' title='bbox 1035 3175 1177 3232; x_wconf 87' lang='lat' dir='ltr'><strong>vestrum</strong></span> <span class='ocrx_word' id='word_1_172' title='bbox 1211 3191 1324 3231; x_wconf 87' lang='lat' dir='ltr'><strong>sanum</strong></span> <span class='ocrx_word' id='word_1_173' title='bbox 1360 3171 1511 3235; x_wconf 79' lang='lat' dir='ltr'><strong>effectum</strong></span> 
     </span>
     <span class='ocr_line' id='line_1_22' title="bbox 271 3278 1512 3358; baseline 0.002 -18"><span class='ocrx_word' id='word_1_174' title='bbox 271 3281 384 3342; x_wconf 85' lang='lat' dir='ltr'><strong>ducere</strong></span> <span class='ocrx_word' id='word_1_175' title='bbox 404 3280 551 3340; x_wconf 82' lang='lat' dir='ltr'><strong>volumus</strong></span> <span class='ocrx_word' id='word_1_176' title='bbox 571 3279 612 3339; x_wconf 88' lang='lat' dir='ltr'><strong>ad</strong></span> <span class='ocrx_word' id='word_1_177' title='bbox 633 3278 792 3349; x_wconf 85' lang='lat' dir='ltr'><strong>effectum,</strong></span> <span class='ocrx_word' id='word_1_178' title='bbox 821 3298 893 3338; x_wconf 90' lang='lat' dir='ltr'><strong>oum</strong></span> <span class='ocrx_word' id='word_1_179' title='bbox 922 3298 1018 3358; x_wconf 87' lang='lat' dir='ltr'><strong>super</strong></span> <span class='ocrx_word' id='word_1_180' title='bbox 1038 3278 1099 3339; x_wconf 91' lang='lat' dir='ltr'><strong>hoo</strong></span> <span class='ocrx_word' id='word_1_181' title='bbox 1122 3278 1285 3339; x_wconf 87' lang='lat' dir='ltr'><strong>vobiscum</strong></span> <span class='ocrx_word' id='word_1_182' title='bbox 1308 3279 1512 3342; x_wconf 88' lang='lat' dir='ltr'><strong>habuerimus</strong></span> 
     </span>
     <span class='ocr_line' id='line_1_23' title="bbox 270 3383 1511 3467; baseline -0.001 -20"><span class='ocrx_word' id='word_1_183' title='bbox 270 3386 461 3467; x_wconf 86' lang='lat' dir='ltr'><strong>colloquium</strong></span> <span class='ocrx_word' id='word_1_184' title='bbox 482 3384 656 3465; x_wconf 87' lang='lat' dir='ltr'><strong>personale,</strong></span> <span class='ocrx_word' id='word_1_185' title='bbox 678 3389 782 3445; x_wconf 88' lang='lat' dir='ltr'><strong>vestre</strong></span> <span class='ocrx_word' id='word_1_186' title='bbox 801 3383 1028 3464; x_wconf 89' lang='lat' dir='ltr'><strong>circumspecte</strong></span> <span class='ocrx_word' id='word_1_187' title='bbox 1045 3383 1256 3445; x_wconf 81' lang='lat' dir='ltr'><strong>dominacioni</strong></span> <span class='ocrx_word' id='word_1_188' title='bbox 1273 3404 1332 3445; x_wconf 85' lang='lat' dir='ltr'><strong>noe</strong></span> <span class='ocrx_word' id='word_1_189' title='bbox 1353 3391 1385 3446; x_wconf 91' lang='lat' dir='ltr'><strong>et</strong></span> <span class='ocrx_word' id='word_1_190' title='bbox 1402 3392 1511 3446; x_wconf 88' lang='lat' dir='ltr'><strong>nostra</strong></span> 
     </span>
     <span class='ocr_line' id='line_1_24' title="bbox 271 3488 1510 3569; baseline -0.001 -16"><span class='ocrx_word' id='word_1_191' title='bbox 271 3492 504 3553; x_wconf 85' lang='lat' dir='ltr'><strong>submittentes.</strong></span> <span class='ocrx_word' id='word_1_192' title='bbox 565 3489 697 3569; x_wconf 82' lang='lat' dir='ltr'><strong>Fulgeat</strong></span> <span class='ocrx_word' id='word_1_193' title='bbox 733 3489 765 3548; x_wconf 94' lang='lat' dir='ltr'><strong>in</strong></span> <span class='ocrx_word' id='word_1_194' title='bbox 801 3488 933 3549; x_wconf 89' lang='lat' dir='ltr'><strong>eeclesia</strong></span> <span class='ocrx_word' id='word_1_195' title='bbox 961 3489 1022 3549; x_wconf 91' lang='lat' dir='ltr'><strong>Dei</strong></span> <span class='ocrx_word' id='word_1_196' title='bbox 1050 3494 1155 3549; x_wconf 81' lang='lat' dir='ltr'><strong>vestra</strong></span> <span class='ocrx_word' id='word_1_197' title='bbox 1191 3495 1301 3550; x_wconf 82' lang='lat' dir='ltr'><strong>sancte</strong></span> <span class='ocrx_word' id='word_1_198' title='bbox 1334 3491 1510 3568; x_wconf 89' lang='lat' dir='ltr'><strong>paternitas</strong></span> 
     </span>
     <span class='ocr_line' id='line_1_25' title="bbox 270 3593 1488 3676; baseline -0.002 -17"><span class='ocrx_word' id='word_1_199' title='bbox 270 3598 451 3668; x_wconf 81' lang='lat' dir='ltr'><strong>reverenda,</strong></span> <span class='ocrx_word' id='word_1_200' title='bbox 479 3596 602 3675; x_wconf 87' lang='lat' dir='ltr'><strong>etipsa</strong></span> <span class='ocrx_word' id='word_1_201' title='bbox 623 3600 724 3656; x_wconf 88' lang='lat' dir='ltr'><strong>mater</strong></span> <span class='ocrx_word' id='word_1_202' title='bbox 746 3596 785 3656; x_wconf 89' lang='lat' dir='ltr'><strong>ds</strong></span> <span class='ocrx_word' id='word_1_203' title='bbox 810 3593 865 3655; x_wconf 89' lang='lat' dir='ltr'><strong>tali</strong></span> <span class='ocrx_word' id='word_1_204' title='bbox 887 3594 952 3656; x_wconf 89' lang='lat' dir='ltr'><strong>filio</strong></span> <span class='ocrx_word' id='word_1_205' title='bbox 973 3614 1067 3675; x_wconf 91' lang='lat' dir='ltr'><strong>quem</strong></span> <span class='ocrx_word' id='word_1_206' title='bbox 1089 3594 1233 3674; x_wconf 84' lang='lat' dir='ltr'><strong>amplexa</strong></span> <span class='ocrx_word' id='word_1_207' title='bbox 1253 3601 1303 3656; x_wconf 90' lang='lat' dir='ltr'><strong>est</strong></span> <span class='ocrx_word' id='word_1_208' title='bbox 1329 3596 1488 3676; x_wconf 83' lang='lat' dir='ltr'><strong>glorietur.</strong></span> 
     </span>
    </p>
   </div>
   <div class='ocr_carea' id='block_1_5' title="bbox 270 3923 1510 4087">
    <p class='ocr_par' dir='ltr' id='par_1_5' title="bbox 270 3923 1510 4087">
     <span class='ocr_line' id='line_1_26' title="bbox 270 3923 1510 4014; baseline -0.002 -27"><span class='ocrx_word' id='word_1_209' title='bbox 270 3927 342 3988; x_wconf 84' lang='lat' dir='ltr'><strong>Feb.</strong></span> <span class='ocrx_word' id='word_1_210' title='bbox 371 3925 586 3988; x_wconf 81' lang='lat' dir='ltr'><strong>2.-Richord</strong></span> <span class='ocrx_word' id='word_1_211' title='bbox 610 3925 647 3986; x_wconf 81' lang='lat' dir='ltr'><strong>dc</strong></span> <span class='ocrx_word' id='word_1_212' title='bbox 675 3925 801 3996; x_wconf 78' lang='lat' dir='ltr'><strong>Vomors,</strong></span> <span class='ocrx_word' id='word_1_213' title='bbox 828 3923 916 4002; x_wconf 82' lang='lat' dir='ltr'><strong>boinp</strong></span> <span class='ocrx_word' id='word_1_214' title='bbox 940 3945 961 3984; x_wconf 89' lang='lat' dir='ltr'><strong><em>a</em></strong></span> <span class='ocrx_word' id='word_1_215' title='bbox 981 3923 1141 4014; x_wconf 73' lang='lat' dir='ltr'><strong>plumbet,</strong></span> <span class='ocrx_word' id='word_1_216' title='bbox 1169 3923 1287 4002; x_wconf 79' lang='lat' dir='ltr'><strong>rosipcs</strong></span> <span class='ocrx_word' id='word_1_217' title='bbox 1317 3923 1366 3984; x_wconf 82' lang='lat' dir='ltr'><strong>his</strong></span> <span class='ocrx_word' id='word_1_218' title='bbox 1394 3924 1510 3986; x_wconf 80' lang='lat' dir='ltr'><strong>choreb</strong></span> 
     </span>
     <span class='ocr_line' id='line_1_27' title="bbox 392 4004 1509 4087; baseline -0.003 -18"><span class='ocrx_word' id='word_1_219' title='bbox 392 4010 429 4087; x_wconf 86' lang='lat' dir='ltr'><strong>os</strong></span> <span class='ocrx_word' id='word_1_220' title='bbox 452 4007 642 4077; x_wconf 74' lang='lat' dir='ltr'><strong>Ducentem,</strong></span> <span class='ocrx_word' id='word_1_221' title='bbox 671 4006 707 4066; x_wconf 83' lang='lat' dir='ltr'><strong>ia</strong></span> <span class='ocrx_word' id='word_1_222' title='bbox 733 4005 917 4067; x_wconf 80' lang='lat' dir='ltr'><strong>cocordococ</strong></span> <span class='ocrx_word' id='word_1_223' title='bbox 944 4004 1023 4065; x_wconf 65' lang='lat' dir='ltr'><strong>with</strong></span> <span class='ocrx_word' id='word_1_224' title='bbox 1050 4005 1099 4065; x_wconf 84' lang='lat' dir='ltr'><strong>the</strong></span> <span class='ocrx_word' id='word_1_225' title='bbox 1129 4005 1338 4066; x_wconf 70' lang='lat' dir='ltr'><strong>Ouerourion</strong></span> <span class='ocrx_word' id='word_1_226' title='bbox 1364 4006 1400 4085; x_wconf 78' lang='lat' dir='ltr'><strong>os</strong></span> <span class='ocrx_word' id='word_1_227' title='bbox 1427 4006 1509 4085; x_wconf 85' lang='lat' dir='ltr'><strong>Popc</strong></span> 
     </span>
    </p>
   </div>
   <div class='ocr_carea' id='block_1_6' title="bbox 393 4089 620 4150">
    <p class='ocr_par' dir='ltr' id='par_1_6' title="bbox 393 4089 620 4150">
     <span class='ocr_line' id='line_1_28' title="bbox 393 4089 620 4150; baseline -0.013 0"><span class='ocrx_word' id='word_1_228' title='bbox 393 4089 478 4150; x_wconf 76' lang='lat' dir='ltr'><strong>John</strong></span> <span class='ocrx_word' id='word_1_229' title='bbox 506 4089 620 4148; x_wconf 86' lang='lat' dir='ltr'><strong>XXII.</strong></span> 
     </span>
    </p>
   </div>
   <div class='ocr_carea' id='block_1_7' title="bbox 269 4239 1510 5046">
    <p class='ocr_par' dir='ltr' id='par_1_7' title="bbox 269 4239 1510 5046">
     <span class='ocr_line' id='line_1_29' title="bbox 351 4239 1508 4322; baseline -0.006 -15"><span class='ocrx_word' id='word_1_230' title='bbox 351 4244 594 4307; x_wconf 89' lang='lat' dir='ltr'><strong>Memorandum</strong></span> <span class='ocrx_word' id='word_1_231' title='bbox 629 4242 714 4322; x_wconf 92' lang='lat' dir='ltr'><strong>quod</strong></span> <span class='ocrx_word' id='word_1_232' title='bbox 748 4242 784 4321; x_wconf 81' lang='lat' dir='ltr'><strong>ij0</strong></span> <span class='ocrx_word' id='word_1_233' title='bbox 818 4241 868 4302; x_wconf 92' lang='lat' dir='ltr'><strong>die</strong></span> <span class='ocrx_word' id='word_1_234' title='bbox 896 4239 1016 4302; x_wconf 87' lang='lat' dir='ltr'><strong>mensis</strong></span> <span class='ocrx_word' id='word_1_235' title='bbox 1060 4239 1232 4311; x_wconf 85' lang='lat' dir='ltr'><strong>Februarii,</strong></span> <span class='ocrx_word' id='word_1_236' title='bbox 1263 4259 1347 4300; x_wconf 82' lang='lat' dir='ltr'><strong>anno</strong></span> <span class='ocrx_word' id='word_1_237' title='bbox 1379 4240 1508 4301; x_wconf 90' lang='lat' dir='ltr'><strong>Domini</strong></span> 
     </span>
     <span class='ocr_line' id='line_1_30' title="bbox 274 4345 1510 4430; baseline -0.004 -18"><span class='ocrx_word' id='word_1_238' title='bbox 274 4351 488 4430; x_wconf 60' lang='lat' dir='ltr'><strong>Moccuvip</strong></span> <span class='ocrx_word' id='word_1_239' title='bbox 509 4349 593 4428; x_wconf 79' lang='lat' dir='ltr'><strong>opud</strong></span> <span class='ocrx_word' id='word_1_240' title='bbox 613 4347 788 4426; x_wconf 87' lang='lat' dir='ltr'><strong>Bosebury,</strong></span> <span class='ocrx_word' id='word_1_241' title='bbox 808 4345 959 4426; x_wconf 81' lang='lat' dir='ltr'><strong>magister</strong></span> <span class='ocrx_word' id='word_1_242' title='bbox 979 4346 1133 4407; x_wconf 85' lang='lat' dir='ltr'><strong>Ricardns</strong></span> <span class='ocrx_word' id='word_1_243' title='bbox 1154 4345 1193 4406; x_wconf 93' lang='lat' dir='ltr'><strong>de</strong></span> <span class='ocrx_word' id='word_1_244' title='bbox 1215 4345 1365 4405; x_wconf 89' lang='lat' dir='ltr'><strong>Vernoun</strong></span> <span class='ocrx_word' id='word_1_245' title='bbox 1388 4345 1510 4407; x_wconf 86' lang='lat' dir='ltr'><strong>dimisit</strong></span> 
     </span>
     <span class='ocr_line' id='line_1_31' title="bbox 271 4451 1507 4534; baseline -0.006 -16"><span class='ocrx_word' id='word_1_246' title='bbox 271 4460 302 4518; x_wconf 91' lang='lat' dir='ltr'><strong>in</strong></span> <span class='ocrx_word' id='word_1_247' title='bbox 323 4477 455 4518; x_wconf 85' lang='lat' dir='ltr'><strong>manum</strong></span> <span class='ocrx_word' id='word_1_248' title='bbox 477 4454 627 4534; x_wconf 89' lang='lat' dir='ltr'><strong>Episcopi</strong></span> <span class='ocrx_word' id='word_1_249' title='bbox 649 4453 891 4514; x_wconf 82' lang='lat' dir='ltr'><strong>Hereiordensis</strong></span> <span class='ocrx_word' id='word_1_250' title='bbox 914 4452 1079 4514; x_wconf 88' lang='lat' dir='ltr'><strong>ecclesiam</strong></span> <span class='ocrx_word' id='word_1_251' title='bbox 1101 4452 1141 4512; x_wconf 90' lang='lat' dir='ltr'><strong>de</strong></span> <span class='ocrx_word' id='word_1_252' title='bbox 1165 4451 1362 4522; x_wconf 85' lang='lat' dir='ltr'><strong>Davenham,</strong></span> <span class='ocrx_word' id='word_1_253' title='bbox 1388 4451 1507 4513; x_wconf 86' lang='lat' dir='ltr'><strong>Coven·</strong></span> 
     </span>
     <span class='ocr_line' id='line_1_32' title="bbox 270 4556 1508 4636; baseline -0.005 -13"><span class='ocrx_word' id='word_1_254' title='bbox 270 4561 387 4623; x_wconf 76' lang='lat' dir='ltr'><strong>nensis</strong></span> <span class='ocrx_word' id='word_1_255' title='bbox 433 4565 466 4621; x_wconf 87' lang='lat' dir='ltr'><strong>et</strong></span> <span class='ocrx_word' id='word_1_256' title='bbox 512 4557 741 4620; x_wconf 80' lang='lat' dir='ltr'><strong>Lichisldeneis</strong></span> <span class='ocrx_word' id='word_1_257' title='bbox 785 4556 929 4628; x_wconf 85' lang='lat' dir='ltr'><strong>diocesis,</strong></span> <span class='ocrx_word' id='word_1_258' title='bbox 976 4557 1066 4636; x_wconf 82' lang='lat' dir='ltr'><strong>juxta</strong></span> <span class='ocrx_word' id='word_1_259' title='bbox 1110 4562 1251 4617; x_wconf 90' lang='lat' dir='ltr'><strong>tenorem</strong></span> <span class='ocrx_word' id='word_1_260' title='bbox 1300 4562 1333 4617; x_wconf 91' lang='lat' dir='ltr'><strong>et</strong></span> <span class='ocrx_word' id='word_1_261' title='bbox 1374 4557 1508 4618; x_wconf 82' lang='lat' dir='ltr'><strong>formam</strong></span> 
     </span>
     <span class='ocr_line' id='line_1_33' title="bbox 269 4662 1507 4743; baseline -0.002 -15"><span class='ocrx_word' id='word_1_262' title='bbox 269 4665 511 4728; x_wconf 87' lang='lat' dir='ltr'><strong>constitucionis</strong></span> <span class='ocrx_word' id='word_1_263' title='bbox 542 4665 661 4725; x_wconf 91' lang='lat' dir='ltr'><strong>domini</strong></span> <span class='ocrx_word' id='word_1_264' title='bbox 692 4663 849 4725; x_wconf 82' lang='lat' dir='ltr'><strong>Johennis</strong></span> <span class='ocrx_word' id='word_1_265' title='bbox 880 4664 967 4743; x_wconf 88' lang='lat' dir='ltr'><strong>Papo</strong></span> <span class='ocrx_word' id='word_1_266' title='bbox 997 4663 1058 4742; x_wconf 79' lang='lat' dir='ltr'><strong>xxij</strong></span> <span class='ocrx_word' id='word_1_267' title='bbox 1092 4668 1202 4723; x_wconf 88' lang='lat' dir='ltr'><strong>contra</strong></span> <span class='ocrx_word' id='word_1_268' title='bbox 1235 4662 1372 4742; x_wconf 89' lang='lat' dir='ltr'><strong>plurales</strong></span> <span class='ocrx_word' id='word_1_269' title='bbox 1404 4664 1507 4735; x_wconf 86' lang='lat' dir='ltr'><strong>edite;</strong></span> 
     </span>
     <span class='ocr_line' id='line_1_34' title="bbox 269 4768 1508 4853; baseline -0.002 -21"><span class='ocrx_word' id='word_1_270' title='bbox 269 4771 470 4853; x_wconf 85' lang='lat' dir='ltr'><strong>presentibus</strong></span> <span class='ocrx_word' id='word_1_271' title='bbox 505 4771 655 4850; x_wconf 82' lang='lat' dir='ltr'><strong>magistro</strong></span> <span class='ocrx_word' id='word_1_272' title='bbox 690 4768 843 4850; x_wconf 84' lang='lat' dir='ltr'><strong>T[homa]</strong></span> <span class='ocrx_word' id='word_1_273' title='bbox 875 4769 914 4830; x_wconf 92' lang='lat' dir='ltr'><strong>de</strong></span> <span class='ocrx_word' id='word_1_274' title='bbox 950 4769 1109 4840; x_wconf 89' lang='lat' dir='ltr'><strong>Orletone‚</strong></span> <span class='ocrx_word' id='word_1_275' title='bbox 1147 4768 1275 4829; x_wconf 91' lang='lat' dir='ltr'><strong>domino</strong></span> <span class='ocrx_word' id='word_1_276' title='bbox 1311 4768 1434 4849; x_wconf 86' lang='lat' dir='ltr'><strong>Rogero</strong></span> <span class='ocrx_word' id='word_1_277' title='bbox 1469 4770 1508 4831; x_wconf 94' lang='lat' dir='ltr'><strong>de</strong></span> 
     </span>
     <span class='ocr_line' id='line_1_35' title="bbox 269 4873 1507 4958; baseline -0.002 -20"><span class='ocrx_word' id='word_1_278' title='bbox 269 4877 464 4958; x_wconf 83' lang='lat' dir='ltr'><strong>Breyntone,</strong></span> <span class='ocrx_word' id='word_1_279' title='bbox 483 4875 520 4936; x_wconf 87' lang='lat' dir='ltr'><strong>A.</strong></span> <span class='ocrx_word' id='word_1_280' title='bbox 538 4875 577 4937; x_wconf 90' lang='lat' dir='ltr'><strong>de</strong></span> <span class='ocrx_word' id='word_1_281' title='bbox 592 4875 789 4955; x_wconf 87' lang='lat' dir='ltr'><strong>Ailynetone‚</strong></span> <span class='ocrx_word' id='word_1_282' title='bbox 804 4879 836 4936; x_wconf 87' lang='lat' dir='ltr'><strong>et</strong></span> <span class='ocrx_word' id='word_1_283' title='bbox 850 4874 992 4935; x_wconf 89' lang='lat' dir='ltr'><strong>Waltero</strong></span> <span class='ocrx_word' id='word_1_284' title='bbox 1011 4875 1050 4935; x_wconf 91' lang='lat' dir='ltr'><strong>de</strong></span> <span class='ocrx_word' id='word_1_285' title='bbox 1064 4873 1219 4945; x_wconf 70' lang='lat' dir='ltr'><strong>Modesto,</strong></span> <span class='ocrx_word' id='word_1_286' title='bbox 1233 4874 1359 4954; x_wconf 88' lang='lat' dir='ltr'><strong>publico</strong></span> <span class='ocrx_word' id='word_1_287' title='bbox 1373 4876 1507 4947; x_wconf 85' lang='lat' dir='ltr'><strong>notario,</strong></span> 
     </span>
     <span class='ocr_line' id='line_1_36' title="bbox 270 4982 703 5046; baseline -0.009 0"><span class='ocrx_word' id='word_1_288' title='bbox 270 4985 408 5046; x_wconf 85' lang='lat' dir='ltr'><strong>testibus</strong></span> <span class='ocrx_word' id='word_1_289' title='bbox 432 4983 472 5044; x_wconf 89' lang='lat' dir='ltr'><strong>ad</strong></span> <span class='ocrx_word' id='word_1_290' title='bbox 493 4982 553 5044; x_wconf 89' lang='lat' dir='ltr'><strong>hoo</strong></span> <span class='ocrx_word' id='word_1_291' title='bbox 573 4982 703 5044; x_wconf 86' lang='lat' dir='ltr'><strong>vocatis.</strong></span> 
     </span>
    </p>
   </div>
   <div class='ocr_carea' id='block_1_8' title="bbox 0 0 1930 5917">
    <p class='ocr_par' dir='ltr' id='par_1_8' title="bbox 0 0 1930 5917">
     <span class='ocr_line' id='line_1_37' title="bbox 0 0 1930 5917; baseline 0 4"><span class='ocrx_word' id='word_1_292' title='bbox 0 0 1930 5917; x_wconf 95' lang='lat' dir='ltr'><strong> </strong></span> 
     </span>
    </p>
   </div>
  </div>
 </body>
</html>
