3850 5917
401 672 469 751 a'a'a'
776 690 961 769 nactam·
983 687 1050 751 Aa
1076 689 1119 750 a
1144 681 1267 750 acan

229 920 288 961 M)-
303 920 359 961 ¹³²⁴·
401 916 543 995 generari
564 915 597 976 in
619 916 735 987 futuro,
761 934 801 977 ne
832 933 889 977 vos
917 935 974 977 seu
995 915 1098 996 quivis
1130 912 1210 976 alins
1239 918 1345 976 restra
1376 914 1564 975 auctoritate
1585 920 1649 975 seb·

401 1020 551 1080 mandato
571 1019 604 1079 in
630 1020 730 1099 ipsius
750 1033 807 1082 sen
828 1012 1051 1081 adhetencium
1074 1020 1283 1100 prejudicium
1311 1020 1479 1100 quicquam
1507 1020 1641 1099 attemp-

400 1126 510 1186 taretis
532 1146 588 1187 sen
611 1130 824 1206 attemptaret,
846 1120 992 1188 faceretis
1014 1142 1070 1188 seu
1101 1125 1219 1187 iaceret
1243 1125 1421 1199 aliqualiter
1448 1124 1641 1205 rittemptan',

400 1231 439 1291 ad
462 1230 575 1292 Sedem
597 1230 811 1311 Apostolicam
832 1236 865 1293 et
892 1252 950 1312 pro
980 1222 1118 1293 tuicione
1150 1227 1243 1293 Curia
1271 1225 1508 1293 Cantuariensis
1535 1230 1646 1310 palam'

346 1405 349 1409 ,
399 1340 432 1397 et
452 1336 577 1415 publice
596 1357 633 1398 ac
651 1336 790 1417 legitime
811 1337 1041 1417 interpositam,
1062 1358 1098 1399 ac
1115 1337 1204 1399 vobis
1224 1337 1416 1399 sufficienter
1435 1337 1641 1409 notificatam',

400 1442 433 1502 in
460 1443 596 1503 eundem
625 1442 755 1504 fratrem
783 1431 977 1505 Willelmum
1006 1442 1095 1505 vobis
1133 1442 1315 1504 immediate
1349 1462 1414 1504 non
1453 1443 1641 1523 subjectum,

399 1546 557 1627 prelatum
578 1549 762 1608 mandatum
785 1548 817 1608 in
839 1548 950 1609 eadem
971 1548 1103 1609 ecclesia
1118 1553 1259 1627 tempore
1276 1545 1469 1627 competenti
1490 1548 1523 1607 in
1541 1546 1643 1609 forma

398 1651 477 1731 juris
505 1653 616 1733 exequi
647 1657 854 1733 satagentem,
886 1672 950 1714 non
972 1654 1138 1725 monitum,
1160 1672 1225 1715 non
1257 1650 1446 1725 confessum,
1472 1672 1536 1714 non
1568 1669 1642 1715 con·-

399 1757 528 1829 victum,
550 1778 609 1819 nec
639 1779 696 1838 per
726 1759 959 1820 contumaciam
988 1759 1152 1821 absentem
1180 1760 1298 1839 absque
1326 1769 1422 1820 causa
1449 1760 1642 1832 racionabili,

399 1869 432 1924 et
449 1870 559 1924 contra
583 1868 705 1926 statuta
732 1865 856 1925 concilii
880 1865 1035 1945 generalia
1056 1865 1185 1946 majoris
1205 1866 1543 1927 excommunicacionis
1570 1886 1642 1928 sen-

400 1969 537 2030 tenciam
567 1969 767 2042 fulminastia,
789 1975 821 2032 et
842 1971 948 2051 ipsum
970 1970 1015 2033 sic
1036 1971 1342 2032 excommunicatum
1363 1970 1430 2032 lore
1451 1970 1643 2033 denunciare

399 2073 523 2154 publice
552 2063 767 2137 demandastis
794 2082 827 2138 et
851 2066 980 2149 lecistis,
1009 2077 1043 2137 in
1067 2076 1167 2157 ipsius
1191 2076 1298 2139 fratris
1322 2077 1473 2139 Willelmi
1501 2077 1540 2139 de
1565 2076 1643 2157 Irby

400 2180 608 2259 prejudicium
629 2200 694 2242 non
715 2183 881 2243 modicum*
895 2188 928 2244 et
957 2190 1136 2262 gravamen.
1193 2184 1287 2245 Unde
1315 2188 1465 2264 exparte
1498 2184 1642 2263 ejusdam

401 2286 572 2347 sancientis
595 2306 629 2348 se
653 2305 692 2348 en
712 2288 774 2349 hiis
795 2292 958 2349 eteorum
979 2288 1118 2369 quolibet
1138 2290 1196 2369 p'er
1216 2295 1272 2350 vos
1297 2289 1435 2351 indebite
1463 2290 1642 2369 pregravari

400 2392 439 2452 ad
461 2392 562 2455 dictas
584 2394 698 2456 Sedem
718 2400 751 2457 et
772 2395 900 2456 Curiam
928 2396 1043 2467 extitit,
1065 2400 1102 2457 ut
1131 2396 1252 2468 asserit,
1273 2396 1413 2477 legitime
1437 2397 1641 2477 appellatum.

401 2491 504 2572 Quare
532 2497 621 2560 vobis
649 2518 722 2560 cum
746 2520 784 2561 ea
811 2520 874 2580 qua
901 2500 992 2561 decet
1020 2500 1199 2562 reverencia
1229 2500 1418 2573 inhibemus,
1441 2506 1473 2562 et
1501 2521 1558 2581 per
1584 2520 1643 2563 vos

400 2603 546 2666 omnibus
567 2610 600 2666 et
620 2604 753 2685 singulis
767 2605 880 2685 quibus
896 2606 948 2686 jus
965 2605 1063 2684 exigit
1081 2605 1216 2667 inhiberi
1234 2606 1380 2667 volumus
1401 2611 1434 2668 st
1453 2606 1643 2667 mandamus

400 2732 450 2784 ne,
471 2712 630 2791 pendente
650 2711 684 2771 in
704 2710 799 2773 Curia
823 2712 1043 2773 Cantuariensi
1062 2692 1244 2791 hujusmodi
1265 2710 1393 2772 tuitcrie
1417 2711 1643 2791 appellacionis

400 2816 540 2895 negocio,
562 2816 729 2896 quicquam
762 2817 822 2876 hac
842 2817 1007 2878 occasione
1028 2816 1059 2875 in
1092 2816 1175 2877 dicte
1206 2816 1306 2895 partis
1327 2816 1515 2896 appellantis
1536 2816 1640 2896 preju-

400 2918 517 2982 dicium
549 2922 746 3001 attemptatis
766 2921 817 2982 vei
848 2908 1049 3001 attemptent,
1081 2920 1204 2984 faciatis
1236 2926 1291 2982 aut
1322 2922 1440 2983 iaciant
1464 2921 1642 3003 aliqualiter

400 3025 583 3107 attemptari
616 3026 785 3107 quominus
820 3025 951 3089 liberam
986 3027 1101 3089 habeat
1139 3010 1362 3107 appellacionis
1403 3047 1459 3089 sue
1493 3048 1638 3109 prosecu-

399 3131 532 3203 cicnem,
553 3137 648 3211 prout
667 3131 789 3211 justum
813 3131 908 3193 fuerit
928 3132 1102 3214 utriusque.
1158 3132 1279 3194 Tenere
1309 3132 1409 3193 eciam
1440 3135 1638 3213 presencium

400 3238 609 3317 peremptorie
633 3256 690 3298 vos
717 3237 852 3299 citamus
880 3238 965 3318 quod
986 3238 1194 3318 compareatis
1222 3258 1325 3299 coram
1348 3238 1439 3300 nobis
1460 3240 1510 3300 vel
1531 3244 1640 3301 nostro

400 3344 624 3406 commissario
641 3344 675 3404 in
695 3344 828 3405 ecclesia
848 3344 940 3406 beate
954 3344 1055 3405 Maria
1074 3345 1113 3406 de
1128 3344 1439 3417 Aldermarichirche,
1455 3345 1637 3417 Londoniis,

399 3448 444 3528 vj⁰
478 3448 528 3509 die
562 3446 696 3526 juridico
729 3452 803 3528 post
837 3448 954 3510 festum
987 3453 1095 3509 sancte
1130 3448 1294 3510 Trinitatis
1329 3449 1362 3508 in
1398 3449 1483 3511 dicto
1511 3450 1638 3511 tuitcrie

399 3553 623 3634 appallacionis
659 3554 791 3634 negocio
825 3573 1039 3634 processurus,
1074 3552 1224 3625 facturus,
1259 3559 1292 3615 et
1326 3560 1519 3635 recepturus,
1555 3556 1639 3635 quod

397 3660 522 3741 justitia
543 3659 696 3721 suadebit.
738 3660 788 3720 De
809 3659 860 3720 die
880 3678 954 3720 vero
983 3659 1176 3739 recepcionis
1208 3660 1417 3739 presencium,
1449 3666 1481 3721 et
1509 3661 1584 3740 quid
1606 3661 1638 3721 in

400 3870 646 3951 M0ooc0xxiiija
703 3865 762 3932 cui
793 3854 920 3952 quidem
951 3871 1102 3932 mandato
1132 3876 1238 3933 vestro
1272 3870 1437 3951 paruimus
1467 3878 1499 3933 at
1530 3892 1639 3966 parere

400 3977 554 4048 volumus,
575 3981 670 4056 prout
691 3976 789 4038 decet.
846 3976 966 4036 Datum
989 3976 1183 4048 Heraiordis,
1213 3980 1298 4055 xxvj⁰
1329 3976 1380 4038 dia
1411 3976 1529 4037 mensis
1551 3976 1638 4049 Maii,

399 4103 484 4144 anno
505 4083 635 4144 Domini
655 4083 845 4162 supradicto.

401 4361 476 4439 May
507 4359 698 4439 ra-Haqa
731 4360 769 4420 da
803 4358 995 4438 Emonam,
1031 4356 1088 4420 iba
1115 4347 1227 4439 Papal'
1252 4359 1375 4420 Nrmcio
1409 4359 1449 4419 cir
1478 4358 1637 4439 Errplcnd,

522 4442 668 4502 damrrds
690 4441 777 4521 from
804 4440 853 4501 tha
880 4440 1000 4520 Bialrop
1028 4440 1077 4501 tha
1104 4459 1226 4501 arrccrc
1250 4440 1285 4520 cf
1308 4440 1423 4501 Patara
1446 4458 1549 4520 pecca.
1605 4442 1643 4523 ls

521 4530 574 4664 ppt
606 4522 675 4664 imid
699 4522 797 4603 before
822 4522 903 4583 Jarae
926 4524 977 4593 24,
1002 4520 1120 4600 iaprara
1145 4528 1174 4581 to
1200 4520 1249 4582 tha
1275 4520 1398 4581 aaaron
1422 4521 1451 4583 ic
1469 4520 1639 4603 forbiddaa

482 4770 674 4832 Mannrnuu
708 4788 770 4831 rac
800 4787 954 4832 nasama
986 4778 1085 4830 naam
1114 4770 1221 4829 Paret
1253 4771 1424 4841 tavanera,
1459 4770 1645 4832 nudamini

399 4886 454 4937 11⁰
474 4894 531 4936 nur
553 4893 673 4938 manare
702 4876 1023 4937 Mun—Reverendo
1042 4875 1075 4935 in
1103 4874 1230 4936 Christo
1257 4874 1358 4954 patrn-
1381 4856 1509 4936 domino
1538 4874 1644 4938 Herd-¹

400 4982 539 5045 fordensi
583 4982 752 5063 Episcopo,
788 4982 885 5063 Hngo
927 4982 974 5043 da·
1004 4975 1199 5062 Engclisinlu
1231 4975 1375 5041 Sabribts³
1411 4978 1638 5055 Narbonentilt

400 5087 520 5149 domini
540 5088 641 5150 nostri
662 5088 748 5169 Papa
768 5094 801 5150 et
823 5088 913 5150 Sedis
934 5087 1114 5169 Apostolice
1132 5086 1165 5146 in
1187 5084 1308 5166 Anglia,
1329 5084 1444 5159 Scotia,
1460 5084 1584 5159 Wallia,
1605 5093 1640 5153 ct
