3850 5917
412 685 452 746 72
787 684 967 763 chiairum
993 685 1059 746 Aac
1085 686 1122 747 dc
1152 686 1275 748 Orleton

248 917 307 958 Al>-
321 918 377 957 ¹³¹⁸-
419 908 553 970 facultas
582 908 788 978 executionis,
825 908 980 970 unicust
1013 912 1087 972 sede
1116 910 1297 991 Apostolica
1323 913 1502 992 deputatus,
1537 914 1654 976 dilecto

420 1013 453 1073 in
488 1013 616 1076 Christo
656 1013 731 1085 filio,
766 1014 917 1094 magistro
947 1014 1083 1076 Ricardo
1117 1016 1156 1077 de
1186 1017 1346 1089 Vemonn,
1375 1017 1499 1079 officiali
1533 1025 1652 1092 nostro,

417 1119 562 1191 salutem,
584 1125 664 1191 etc.;
698 1120 738 1181 ad
758 1121 1011 1200 cognoscendum
1033 1127 1066 1182 et
1096 1123 1328 1202 procedendum
1348 1124 1381 1184 in
1402 1143 1497 1185 causa
1518 1126 1653 1206 appelle·

414 1224 514 1286 cionis
555 1246 574 1286 a
613 1225 763 1302 magistro
798 1224 866 1286 Ada
904 1226 1068 1299 carbonel,
1103 1234 1211 1289 nostre
1244 1228 1486 1290 Hereiordensis
1520 1230 1652 1292 ecclesie

410 1331 571 1402 canonico,
593 1331 626 1391 in
647 1331 707 1392 hac
738 1337 827 1410 parte
856 1332 1072 1394 commissario
1099 1339 1208 1396 nostro
1236 1336 1373 1415 speciali,
1397 1356 1437 1397 ex
1463 1337 1651 1417 quibusdam

412 1438 647 1518 gravaminibus
668 1458 724 1518 per
752 1438 872 1500 dictum
895 1439 1147 1500 commissarium
1168 1445 1313 1502 nostrum
1335 1442 1465 1521 prefatis
1489 1443 1652 1522 religiosis,

413 1548 451 1603 ut
469 1543 593 1615 dicitur,
609 1543 713 1616 illatis,
733 1564 771 1606 ex
784 1549 874 1624 parte
893 1545 1063 1606 eorundem
1081 1546 1296 1626 religiosorum
1311 1549 1351 1608 ad
1367 1554 1509 1611 nostram
1525 1550 1652 1611 audien·

411 1649 494 1708 ciam
520 1648 693 1728 interjeote,
715 1650 755 1710 de
776 1649 889 1730 quibus
910 1649 943 1709 in
964 1651 1165 1730 suggestione
1183 1673 1202 1713 a
1220 1653 1311 1714 nobis
1327 1675 1366 1716 ex
1379 1661 1469 1734 parte
1482 1656 1655 1718 eomndem

417 1753 476 1814 sub
497 1754 576 1814 data
590 1754 721 1816 inierius
744 1760 893 1816 contenta
914 1755 1083 1835 impetrata
1101 1757 1227 1836 plenius
1247 1759 1435 1831 continetur,
1458 1760 1547 1822 vobis
1568 1762 1656 1824 vices

415 1865 542 1920 nostras
565 1859 794 1922 committimus
822 1881 894 1922 cum
915 1862 1118 1923 coercicionis
1141 1864 1292 1925 canonice
1312 1870 1470 1944 potestate
1490 1886 1657 1947 quousque

418 1987 472 2028 eas
503 1966 684 2028 duxerimus
707 1967 908 2028 revocandas.
971 1968 1091 2029 Datum
1121 1969 1205 2049 apud
1233 1969 1420 2032 Bodenham
1449 1972 1531 2035 Non.
1564 1973 1653 2046 Maii,

412 2091 496 2132 anno
519 2071 648 2132 Domini
677 2072 817 2134 M⁰COC⁰
837 2078 949 2134 octavo
970 2072 1101 2145 decimo,
1129 2080 1189 2135 etc.

417 2324 495 2401 May
527 2323 659 2385 7.-Tta
686 2325 805 2404 Bishop
832 2324 965 2386 inhibita
993 2325 1096 2386 Ada‘m
1124 2327 1273 2388 Gordenoi
1296 2329 1382 2407 from
1409 2329 1513 2407 aolino
1540 2331 1576 2390 in
1603 2331 1655 2392 the

535 2412 646 2466 matter
673 2406 708 2485 os
739 2405 823 2466 John
856 2407 971 2467 Brome
996 2407 1081 2468 until
1108 2407 1157 2468 the
1184 2409 1296 2488 oppcal
1322 2412 1357 2488 of
1388 2410 1437 2471 llic
1464 2411 1563 2472 attor
1589 2412 1653 2473 aaa

540 2485 674 2546 Oocvcnt
701 2487 736 2566 os
761 2487 935 2548 Oorrneillca
966 2486 1021 2548 tas
1050 2488 1121 2549 teca
1149 2488 1251 2550 heard.

500 2640 668 2701 Inmaiom
690 2659 724 2700 m
746 2659 809 2701 nso
831 2642 1099 2713 saara-Adam,
1120 2649 1190 2715 etc,
1215 2644 1255 2704 ad
1276 2645 1504 2725 providendum
1525 2647 1656 2709 domino

418 2747 560 2809 Johanni
580 2747 699 2818 Broun,
721 2746 915 2827 presbytero,
935 2748 976 2808 de
996 2746 1148 2809 beneficio
1175 2750 1387 2811 ecclesiastico
1409 2770 1481 2810 cum
1509 2771 1584 2812 cura
1603 2753 1655 2814 vel

420 2853 489 2914 sine
520 2871 595 2912 cura
626 2857 790 2932 spectante
813 2852 1027 2913 cummuniter
1056 2853 1106 2914 vel
1129 2853 1254 2915 divisim
1279 2855 1319 2914 ad
1346 2855 1559 2928 collacionem,
1593 2864 1653 2919 etc.

422 2961 470 3038 (ut
491 2959 609 3038 supra),
634 2957 814 3037 deputatus,
839 2957 954 3018 dilecto
975 2962 1046 3029 etc,
1071 2958 1222 3038 magistro
1253 2959 1320 3020 Ade
1340 2959 1503 3032 carbonel,
1524 2962 1656 3023 ecclesie

419 3068 528 3125 nostre
559 3062 801 3125 Herelordensis
832 3063 994 3134 canonico,
1019 3078 1092 3124 cum
1119 3065 1173 3125 ills
1197 3065 1337 3127 clausule
1358 3076 1550 3148 “quousque
1569 3069 1656 3130 vices

419 3175 545 3229 nostras
570 3167 750 3229 duxerimus
781 3168 1004 3238 revocandas,”
1045 3174 1155 3229 nostro
1181 3170 1214 3229 in
1239 3169 1299 3230 hac
1325 3175 1415 3249 parte
1439 3171 1655 3233 commissario

421 3273 559 3354 speciali,
581 3273 726 3344 salutem,
741 3277 800 3333 etc.
834 3273 992 3352 Experto
1012 3273 1168 3334 dictorum
1186 3275 1400 3354 religiosorum
1420 3275 1512 3336 nobis
1532 3275 1657 3337 exstitit

419 3379 602 3440 intimatum
621 3379 704 3459 quod
726 3399 799 3439 curn
820 3379 961 3458 prelatus
982 3379 1130 3440 dominus
1153 3379 1316 3441 «Iohannes
1345 3381 1473 3442 eosdem
1493 3381 1655 3462 religiosos

419 3505 515 3565 super
534 3484 716 3565 hujusmodi
735 3484 914 3565 provisione
935 3485 1036 3546 eidem
1064 3484 1216 3556 iacienda,
1232 3487 1321 3564 juxta
1348 3491 1490 3547 tenorem
1510 3488 1654 3568 rescripti

420 3591 585 3672 apostolici
605 3591 697 3652 nobis
712 3591 745 3650 in
759 3591 819 3652 hac
832 3596 923 3671 parte
937 3591 1057 3663 directi,
1078 3612 1184 3654 coram
1198 3591 1287 3653 vobis
1302 3593 1448 3654 traxisset
1469 3594 1502 3653 in
1516 3614 1655 3666 causam,

417 3705 559 3779 exparte
573 3698 743 3760 eorundem
758 3697 974 3778 religiosorum
989 3703 1099 3758 contra
1115 3719 1172 3759 vos
1185 3698 1500 3780 jurisdiccionemque
1515 3707 1654 3762 vestram

416 3805 599 3886 hujusmodi
613 3805 739 3886 negotio
759 3803 948 3884 provisionis
962 3809 1153 3884 protensam,
1174 3824 1211 3865 ac
1230 3810 1341 3865 contra
1353 3805 1474 3865 dictum
1491 3806 1654 3866 dominum

415 3911 595 3972 Johannem
620 3910 750 3990 ejusque
780 3909 1002 3981 intencionem,
1030 3930 1154 3970 necnon
1181 3916 1291 3971 contra
1318 3909 1437 3971 dictum
1465 3912 1653 3992 rescriptum

419 4017 637 4097 apostolicum,
659 4022 692 4077 et
716 4015 853 4096 graciam
879 4014 982 4077 eidem
1003 4015 1130 4076 domino
1161 4015 1301 4077 ,Iohanni
1329 4036 1520 4088 concessam,
1541 4017 1569 4078 si
1594 4037 1656 4099 que

419 4123 494 4193 sint,
520 4143 556 4182 ac
587 4126 698 4182 contra
728 4120 915 4182 citscionem
942 4126 1082 4182 vestram
1110 4122 1227 4183 eisdem
1256 4121 1409 4202 religiosis
1433 4122 1559 4195 iactam,
1580 4125 1655 4196 vim,

422 4229 566 4299 formam,
588 4232 620 4289 et
645 4225 794 4289 effectum
816 4227 971 4306 rescripti,
991 4227 1103 4307 gracie,
1123 4233 1156 4289 et
1176 4228 1339 4289 citacionis
1359 4229 1580 4308 predictorum,
1595 4229 1656 4290 fuit

420 4335 453 4394 iu
486 4335 587 4394 forma
614 4333 692 4414 juris
720 4333 903 4413 excipiendo
930 4333 1127 4413 propositum
1156 4334 1239 4413 quod
1277 4354 1333 4395 vos
1361 4333 1548 4396 auctoritate
1578 4335 1654 4396 dicti

420 4439 565 4518 rescripti
587 4457 643 4500 ssu
661 4437 1004 4520 commissionisjvobis
1022 4438 1055 4498 in
1072 4439 1133 4500 hac
1150 4445 1240 4519 parte
1264 4439 1346 4500 lacte
1368 4441 1408 4500 ad
1426 4440 1655 4520 providendum

416 4545 519 4605 eidem
557 4545 684 4605 domino
722 4542 861 4604 Johanni
896 4543 934 4604 de
974 4543 1156 4623 hujusmodi
1197 4544 1349 4606 beneficio
1386 4547 1554 4625 procedere
1588 4567 1653 4608 non

415 4649 573 4731 potuistis,
609 4670 668 4712 neo
703 4649 856 4710 debuistis
894 4649 933 4711 de
969 4650 1048 4728 jure,
1089 4669 1147 4730 pro
1188 4670 1226 4711 eo
1262 4651 1346 4731 quod
1387 4651 1470 4712 idem
1506 4651 1654 4714 dominus

419 4756 583 4817 Johannes
604 4761 745 4835 tempore
762 4753 996 4834 impetracionis
1017 4755 1093 4816 dicti
1109 4755 1253 4835 rescripti
1272 4760 1395 4817 anteat
1414 4761 1487 4836 post
1506 4761 1539 4819 et
1554 4759 1654 4819 eciam

418 4870 495 4924 tunc
523 4861 583 4922 luit
615 4861 744 4941 majoris
765 4860 1103 4923 excommunicacionis
1131 4862 1302 4933 sentencia,
1320 4882 1377 4943 per
1400 4862 1481 4925 bono
1503 4866 1655 4927 memorie

420 4967 584 5029 dominum
599 4966 769 5028 Ricardum
784 4967 912 5048 dudum}
923 4968 1189 5029 Hereiordensem
1211 4969 1404 5048 Episcopum
1419 4990 1475 5031 seu
1489 4971 1557 5051 ejus
1571 4973 1656 5034 vices

420 5077 591 5153 gerentem,
619 5071 653 5131 in
674 5092 711 5134 es
739 5077 829 5152 parte
854 5093 947 5134 suum
966 5073 1103 5154 judicem
1133 5079 1374 5155 competentem,
1394 5075 1428 5135 in
1459 5065 1563 5156 ipsum
1590 5078 1657 5140 lata
