3850 5917
685 707 836 788 Episcopi
862 708 1106 789 Hercsordcnsis.
1473 713 1514 774 65

135 935 241 976 mm&
280 931 426 1004 diocesis,
456 931 574 994 institit
601 933 748 994 dominus
775 933 954 1014 Episcopus
979 934 1221 998 Herefordensis
1249 955 1322 1017 erge
1352 936 1514 998 dominum

277 1037 433 1098 Thomem
456 1037 918 1120 Episcopumffligorniensem
946 1045 983 1101 ut
1010 1040 1070 1102 sibi
1090 1041 1275 1103 concederet
1295 1041 1417 1103 litteras
1440 1061 1516 1104 suus

277 1143 474 1206 dimissorias
495 1145 535 1206 ed
556 1165 662 1207 sacros
689 1147 815 1208 ordines
836 1147 1054 1227 suscipiendos
1081 1147 1255 1209 abeodem
1283 1147 1412 1209 domino
1438 1149 1514 1228 Epi-

276 1269 371 1328 scopo
394 1250 630 1324 Hereiordensi,
654 1252 728 1314 licet
753 1253 821 1332 ipse
845 1273 916 1315 eum
941 1258 1051 1333 posset
1071 1253 1215 1315 ordinare
1236 1255 1363 1316 racione
1386 1254 1516 1335 originis

275 1373 331 1415 sue
361 1354 420 1434 [in]
454 1355 581 1418 civitate
613 1357 839 1420 Hereiordensi
860 1364 892 1419 et
916 1358 1099 1438 patrimonii
1120 1359 1204 1439 quod
1228 1359 1324 1420 hebet
1344 1359 1378 1420 in
1398 1359 1515 1421 diocesi

276 1459 513 1522 Hereiordensi.
555 1463 600 1523 Et
617 1463 684 1543 ipss
703 1463 881 1544 Episcopus
895 1464 1125 1543 wigorniensis
1142 1463 1254 1525 annuit
1272 1465 1355 1526 votis
1373 1465 1515 1546 ejusdem

278 1565 422 1644 [domini]
461 1567 612 1648 Episcopi
646 1569 889 1631 Herefordensis
917 1569 1104 1649 proferendo
1131 1571 1192 1632 hec
1219 1572 1333 1633 verbu:
1377 1571 1410 1634 Si
1444 1572 1512 1651 ipse

275 1672 455 1734 Willelmus
480 1674 522 1735 sit
546 1674 691 1738 subditus
719 1696 817 1747 meus,
839 1676 911 1738 volo
931 1683 965 1738 et
985 1678 1123 1738 concedo
1143 1678 1228 1758 quod
1248 1698 1321 1739 eum
1342 1679 1382 1739 ud
1402 1697 1514 1740 omnes

275 1798 382 1842 sacros
403 1780 530 1842 ordines
550 1783 772 1861 promoveatis,
800 1790 947 1863 presente
970 1783 1008 1844 A.
1036 1785 1076 1845 de
1116 1829 1125 1846 .
1169 1830 1175 1844 .
1219 1831 1226 1844 .
1270 1787 1288 1844 .¹

272 2059 554 2138 delmowlcdpmcnt
575 2062 611 2141 os
630 2081 650 2122 o
670 2061 740 2122 dett
760 2062 795 2142 os
815 2065 886 2124 2620
909 2064 1009 2142 owiup
1034 2071 1064 2125 to
1088 2064 1192 2125 Hanro
1212 2065 1249 2126 de
1272 2065 1427 2144 Ohipwcli,
1447 2065 1516 2126 ond

394 2143 430 2221 os
447 2145 518 2203 &20
539 2149 568 2203 to
591 2142 730 2222 Geoffroy
751 2143 912 2204 Hciehom.

141 2299 175 2340 ro
193 2305 218 2342 rs
355 2298 896 2362 Osnrosoroxns.-Memorundum
918 2302 1003 2380 quod
1023 2301 1170 2362 dominus
1194 2301 1351 2382 obligetur
1371 2301 1514 2363 Hemoni

271 2405 308 2465 do
339 2404 549 2467 Ghickewelle
584 2405 617 2465 in
642 2427 681 2466 xx
715 2405 803 2468 libris
838 2407 997 2469 solvendis
1032 2407 1065 2468 in
1102 2408 1184 2470 festo
1219 2409 1321 2470 sancti
1355 2408 1513 2471 Johonnis

271 2511 427 2591 Baptiste.

353 2643 438 2704 item
460 2641 616 2722 obligetur
637 2643 766 2704 domino
787 2643 930 2705 Golirido
954 2643 1113 2706 Heiehem
1134 2645 1166 2705 in
1189 2665 1230 2704 xx
1246 2645 1334 2706 libris
1352 2644 1512 2707 solvendis

270 2749 396 2830 quando
417 2747 513 2810 fuerit
534 2749 714 2829 requisitus.

269 3030 380 3091 March
393 3029 721 3172 ἐθιΐίἷίερωωαείοπ
738 3029 793 3109 sor
816 3029 1011 3109 illepitimoic
1036 3031 1121 3092 birth
1147 3031 1275 3110 proniori
1303 3038 1332 3092 to
1361 3030 1444 3092 John
1471 3031 1509 3092 dc

418 3133 435 3172 o
462 3129 515 3190 sup
529 3131 578 3172 on.

349 3268 572 3328 Drsrxnsxcro
593 3283 655 3327 rso
670 3267 824 3328 Joflrrrrrx
845 3285 889 3327 ns
912 3267 1403 3330 Oonxxroxx.-Memorondum
1424 3268 1526 3348 quod‘

273 3376 358 3456 xriij⁰
383 3376 434 3436 die
456 3375 575 3436 mensis
597 3374 718 3447 Marcii,
740 3395 824 3436 enno
849 3376 980 3436 Domini
1011 3376 1235 3456 M⁰cuc0xvijae
1260 3377 1345 3456 apud
1370 3376 1510 3456 Sugwes,

274 3480 470 3560 dispensavit
491 3480 638 3541 dominus
659 3499 731 3541 cum
752 3481 899 3542 Johenne
922 3481 1107 3561 Colyntone,
1129 3481 1253 3553 acolito,
1273 3501 1367 3562 super
1386 3481 1513 3543 defectu

273 3587 426 3648 natalium
447 3605 542 3666 quem
562 3587 682 3665 petitur
703 3587 742 3647 de
763 3586 868 3648 soluto
895 3587 1022 3667 genitus
1050 3593 1083 3648 et
1113 3587 1226 3658 solute,
1250 3591 1340 3666 juxte
1367 3594 1510 3649 tenorem

269 3690 446 3754 litterarum
467 3691 711 3770 apostolicarum
733 3691 792 3754 sibi
812 3692 847 3751 in
869 3692 930 3753 hec
949 3699 1040 3772 perte
1059 3693 1260 3754 directorum.

272 3973 382 4034 March
410 3971 567 4032 22.-The
601 3969 729 4050 Bishop,
758 3970 888 4050 deputed
917 3977 946 4031 to
970 3971 1099 4050 provide
1127 3971 1212 4032 John
1238 3973 1360 4042 Brosou,
1388 3993 1409 4032 o
1431 3992 1510 4052 poor

389 4053 499 4133 prust,
522 4059 551 4112 io
572 4071 592 4112 o
617 4051 741 4130 benefice
765 4051 801 4111 in
826 4051 875 4111 ihc
898 4051 1015 4132 pistos
1037 4051 1085 4112 the
1108 4051 1207 4113 Abbot
1230 4052 1294 4112 and
1319 4053 1513 4132 Consentes

391 4131 578 4276 gemmulam
612 4132 820 4194 cornmiseious
851 4131 954 4193 Adam
987 4132 1135 4193 carbonel
1167 4139 1196 4193 to
1223 4139 1274 4194 oct
1298 4133 1353 4213 sor
1380 4133 1446 4194 him
1473 4132 1509 4194 irs

349 4372 535 4434 conscissio
556 4385 656 4429 roem
671 4385 833 4429 uxsrsrxo
848 4367 920 4428 Amr
935 4367 1112 4429 stsosxn
1129 4385 1191 4428 1>1so
1205 4368 1358 4429 Josxxxn
1380 4369 1507 4440 Bnoux,

269 4496 419 4539 sxursnx
442 4493 662 4547 messurum,
685 4493 788 4536 sursx
811 4492 1005 4536 sxov1s1orru
1026 4493 1092 4538 surr
1112 4474 1507 4535 rxcrx.-Memorendum

273 4585 356 4664 quod
374 4583 452 4662 xxij⁰
471 4581 522 4642 die
544 4581 662 4642 mensis
676 4563 798 4652 Marcii,
813 4601 896 4641 enno
917 4580 1047 4641 Domini
1068 4579 1258 4660 supradicto,
1279 4580 1363 4659 opud
1384 4578 1508 4652 Geislre,

271 4691 419 4751 dominus
442 4687 543 4748 Adam
568 4686 746 4766 Episcopus
771 4686 1023 4757 Herefordensis‚
1046 4691 1194 4748 executor
1216 4706 1273 4765 per
1294 4687 1401 4747 sedem
1426 4685 1508 4766 Apo·

275 4794 419 4855 stolicsm
446 4791 617 4870 deputatus
641 4810 735 4870 super
761 4790 940 4870 provisione
964 4789 1049 4850 iacta
1071 4789 1212 4851 Johunni
1235 4790 1354 4861 Broun,
1378 4791 1511 4871 pauperi

273 4899 457 4980 presbytero
487 4895 729 4959 Hereiordensis
753 4896 896 4968 diocesis,
928 4897 968 4957 de
991 4895 1143 4957 beneficio
1163 4901 1327 4975 spectante
1348 4897 1388 4957 od
1415 4897 1508 4958 colle-

269 5005 391 5068 eionsm
419 5004 471 5065 vel
499 5001 770 5082 prosentscionem
798 5000 928 5063 Abbutis
956 5007 989 5063 et
1018 5000 1201 5063 Conventus
1224 5003 1264 5064 de
1288 5001 1452 5065 cormeliis
1473 5003 1507 5064 in

665 5137 749 5178 l-The
763 5139 813 5178 rest
826 5135 851 5179 oi
863 5137 905 5178 the
918 5136 966 5178 line
978 5137 1000 5178 is
1012 5139 1055 5178 cut
1066 5135 1108 5178 off.
