3850 5917
693 702 844 782 Episcopi
871 701 1115 782 Heresordensis.
1463 699 1522 759 165

135 966 182 1005 av·
198 966 247 1005 ¹³2⁰·
287 953 363 1014 ch.
388 953 544 1013 27.-The
567 952 686 1032 Biehcp
709 950 918 1023 commissam
944 951 1028 1011 John
1052 950 1088 1012 de
1113 951 1268 1029 Barplrill,
1298 951 1390 1012 Vicdr
1413 952 1448 1031 of
1474 951 1520 1010 st.

409 1034 526 1106 Jonas,
556 1040 585 1094 to
615 1034 687 1094 ireur
714 1032 898 1111 confessione
927 1030 964 1091 in
990 1051 1072 1092 cases
1101 1032 1246 1092 reserved.

368 1187 549 1248 Oounrssro
591 1205 691 1246 sacra
726 1205 851 1247 nnuma
894 1187 923 1247 J.
959 1205 1003 1246 na
1038 1186 1411 1259 Bursauone-Adam,
1450 1192 1521 1258 etc,

286 1293 401 1355 dilecto
431 1294 465 1352 in
493 1293 619 1354 Christo
651 1292 724 1364 filio,
756 1293 884 1353 domino
912 1293 941 1353 J.
981 1294 1020 1353 de
1052 1293 1234 1373 Burghulle,
1273 1293 1388 1354 vicario
1420 1293 1523 1353 sancti

286 1400 451 1470 Johannis‚
488 1399 631 1470 salutem,
662 1405 721 1460 ate.
785 1397 830 1458 Ad
861 1399 1051 1459 audiendum
1080 1399 1294 1460 confessiones
1325 1399 1523 1461 subditorum

285 1509 465 1566 nostrorum
493 1505 526 1563 in
554 1504 678 1565 casibus
708 1503 800 1564 nobis
826 1504 1003 1575 reservatis,
1026 1510 1058 1564 et
1087 1504 1127 1564 ad
1148 1504 1372 1565 absolvendum
1394 1506 1522 1566 cosdem

287 1611 319 1670 in
347 1611 416 1671 foro
452 1609 654 1688 penitenciali
683 1609 771 1670 vobis
799 1609 1029 1670 committimus
1060 1610 1144 1670 vices
1172 1615 1306 1683 nostras,
1338 1611 1437 1671 donec
1469 1631 1523 1671 aas

287 1716 466 1777 duxerimus
494 1716 694 1776 revocandas.
746 1716 864 1775 Datum
893 1716 978 1794 apud
999 1715 1153 1795 Bosbury,
1176 1725 1208 1776 v⁰
1233 1715 1302 1776 Kal.
1329 1716 1523 1789 Decembris,

287 1842 370 1882 anno
392 1821 521 1882 Domini
542 1819 741 1892 M0000⁰xxz
771 1826 829 1881 etc.

287 2089 364 2150 Noc.
385 2089 542 2150 27.-The
562 2087 680 2166 Bishop
700 2087 819 2166 ewtefles
842 2088 890 2148 the
913 2088 1048 2168 Glmpter
1069 2088 1137 2148 that
1159 2089 1207 2149 the
1227 2089 1307 2166 office
1329 2089 1364 2167 of
1384 2088 1524 2167 penitea-

410 2169 493 2248 tiury
515 2169 602 2246 beinp
622 2175 734 2229 vacam
760 2169 795 2229 he
820 2168 875 2228 hus
900 2169 1131 2230 cornmissioned
1155 2169 1239 2230 John
1263 2169 1299 2230 de
1321 2169 1469 2246 Burptdl
1493 2176 1523 2229 to

411 2250 485 2310 hear
514 2249 708 2330 confessicae.

369 2405 515 2463 erraas
558 2421 698 2463 mauors
733 2420 868 2462 nonnus
913 2403 1079 2463 Gmruao
1116 2405 1376 2465 Hnanroannnsr
1419 2423 1525 2465 sunan

288 2510 745 2572 raau1ss1s.-Venerabilibns
766 2510 841 2572 viria
861 2510 995 2590 filiisque
1020 2511 1052 2571 in
1072 2512 1198 2573 Christo
1223 2513 1355 2584 dilectis,
1378 2512 1527 2592 Capitulo

288 2622 397 2678 nostro
425 2615 649 2676 Hereiordensi
674 2615 724 2675 vel
748 2617 817 2693 ejus
839 2616 1063 2688 commissario,
1089 2617 1233 2690 salutem,
1255 2624 1314 2679 stc.
1367 2618 1448 2680 Gum
1466 2639 1526 2680 nos

289 2724 416 2785 domino
430 2723 569 2784 iohanni
583 2723 622 2782 de
639 2721 820 2800 Burghulle,
839 2722 955 2783 vicario
976 2724 1078 2783 sancti
1097 2724 1262 2794 iohannis,
1279 2725 1319 2785 ad
1333 2726 1525 2787 audiendum

289 2829 501 2891 confessiones
529 2828 725 2889 subditorum
753 2833 933 2888 nostrorum
961 2829 995 2887 in
1023 2830 1147 2891 casibus
1176 2830 1267 2892 nobis
1292 2833 1468 2902 reservatis,
1491 2839 1524 2894 et

290 2936 329 2996 ad
356 2935 582 2995 absolvendum
610 2934 737 2994 eosdem
768 2933 801 2992 in
835 2934 903 2995 foro
935 2935 1146 3013 penitenciali,
1175 2937 1277 2997 officio
1307 2937 1526 3016 penitenciarii

290 3040 323 3100 in
347 3045 456 3101 nostra
480 3038 704 3100 Herelordensi
724 3039 856 3100 ecclesia
874 3046 1015 3110 vacante,
1038 3041 1164 3102 interim
1186 3043 1415 3104 committimus
1439 3044 1524 3106 vices

290 3151 424 3216 nostras,
455 3145 544 3206 vobis
581 3146 767 3205 mandamus
799 3145 949 3225 quatinus
985 3145 1016 3204 in
1053 3146 1130 3208 locis
1163 3147 1196 3207 in
1239 3148 1352 3228 quibus
1379 3151 1526 3228 expedire

290 3250 431 3312 videritis
464 3250 589 3329 publice
617 3250 774 3311 nuncictis
810 3270 866 3311 scu
896 3251 1046 3311 nunciare
1078 3251 1199 3313 faciatis
1230 3253 1313 3332 quod
1346 3273 1455 3315 omnes
1492 3259 1525 3316 et

292 3357 405 3437 singuli
443 3357 497 3436 qui
535 3356 731 3418 confessione
759 3362 791 3418 et
819 3357 1020 3418 absolucione
1053 3358 1092 3419 de
1120 3359 1258 3437 peccatis
1286 3360 1351 3421 suis
1382 3361 1526 3441 indigent

291 3463 395 3544 ipsum
416 3463 579 3522 dominum
603 3462 783 3522 iohannem
808 3462 922 3523 adeant
946 3463 979 3522 in
1005 3464 1064 3523 hac
1084 3468 1182 3543 parte.
1224 3465 1343 3525 Datum
1362 3471 1399 3526 ut
1420 3487 1524 3547 supra.

292 3744 367 3805 Noc.
383 3742 559 3804 30.-J0hn
572 3741 609 3802 de
625 3741 656 3802 lo
676 3741 835 3811 Marathe
855 3741 963 3820 Pope's
979 3743 1198 3821 penitentiam,
1219 3745 1333 3806 admits
1352 3752 1381 3806 to
1392 3766 1529 3824 penance

413 3823 510 3902 Huqle
530 3822 567 3883 de
589 3822 719 3900 Oardiff,
740 3822 806 3883 who
827 3822 889 3882 hod
905 3822 990 3882 elain
1009 3843 1030 3882 a
1046 3823 1167 3903 priest;
1189 3825 1253 3884 and
1274 3825 1356 3886 since
1378 3827 1475 3906 Heqlr
1496 3828 1524 3890 is

414 3903 521 3983 afraid
543 3910 573 3964 to
593 3910 676 3964 enter
697 3902 745 3963 his
766 3922 833 3963 own
852 3902 969 3963 diocese
998 3904 1035 3982 os
1057 3905 1215 3982 Oovenliy,
1238 3905 1273 3966 lie
1294 3907 1322 3966 is
1345 3913 1373 3967 to
1390 3909 1528 3987 perform

416 3985 465 4046 the
482 4003 618 4064 peteme
641 3983 781 4062 enjoined
806 3983 871 4043 him
894 3983 930 4043 ie
956 3984 1006 4044 the
1028 3984 1144 4045 diocese
1167 3986 1202 4065 os
1223 3985 1383 4067 Heresord.

248 4217 255 4230 ‚
373 4155 520 4214 L1rrana
557 4170 802 4213 numennumen
836 4154 1156 4216 Para-Venerabili
1192 4156 1225 4215 in
1266 4157 1392 4218 Christo
1433 4159 1526 4237 patri,

294 4259 352 4321 Dei
374 4258 479 4339 gracia
500 4257 658 4337 Episcopo
683 4257 916 4329 Herelordansi,
940 4259 991 4320 vel
1013 4260 1083 4337 ejus
1105 4259 1221 4320 vicario
1242 4259 1275 4318 in
1303 4261 1527 4340 spiritualibus,

293 4367 388 4428 frater
411 4359 574 4426 Johannes
598 4364 637 4424 de
662 4363 709 4424 La
732 4363 831 4435 More,
857 4363 977 4424 domini
1002 4364 1088 4444 Papa
1112 4365 1365 4444 penitenciarius,
1392 4367 1527 4429 salutem

293 4473 326 4532 in
346 4471 493 4532 Domino.
536 4470 705 4548 Hugonem
726 4469 765 4530 de
786 4468 924 4539 Kaerdil,
946 4469 1062 4530 laicum
1094 4471 1227 4532 diocesis
1250 4470 1473 4534 coventrensis
1493 4479 1528 4535 et

295 4575 532 4646 lichfeldensis,
549 4574 681 4635 latorem
702 4574 909 4654 presencium,
931 4574 985 4653 qui
1006 4574 1083 4635 olim
1104 4595 1183 4636 ausu
1204 4577 1354 4656 sacrilego
1370 4578 1529 4656 quendam

295 4683 502 4763 presbiterum
538 4680 704 4750 interfecit,
741 4680 781 4741 ab
819 4683 1145 4743 excommunicaciona
1174 4703 1268 4762 quam
1306 4689 1434 4762 propter
1468 4685 1530 4746 hoc

296 4788 425 4850 incurrit
456 4792 489 4848 et
517 4791 607 4847 reatu
634 4786 815 4864 hujusmodi
844 4787 1005 4847 homicidii
1035 4789 1075 4848 ad
1111 4809 1168 4850 vos
1197 4789 1383 4849 auctoritate
1410 4790 1532 4851 domini

296 4895 380 4976 Papa
407 4892 599 4955 remittimus
626 4893 714 4972 juxta
743 4892 876 4954 formam
905 4893 1035 4954 ecclesie
1071 4894 1258 4966 absolutum,
1287 4895 1474 4958 mandantes
1500 4898 1531 4960 ei

297 5000 378 5061 inter
401 5000 463 5059 alia
500 4997 559 5060 sub
589 4997 695 5059 debito
732 4999 857 5078 prestiti
887 4999 1057 5077 juramenti
1092 5005 1128 5059 ut
1155 5019 1211 5079 per
1246 5019 1356 5060 omnes
1394 5002 1530 5081 majores

298 5104 444 5167 eeclesias
471 5108 575 5165 vestre
602 5102 748 5176 civitatis,
778 5123 851 5164 cum
880 5104 920 5164 ad
940 5103 1142 5165 diocesanum
1172 5123 1264 5164 suum
1284 5123 1343 5165 nce
1364 5105 1404 5166 ad
1423 5105 1531 5168 locum
