3850 5917
417 715 477 775 296
791 717 971 796 Rapiatmm
999 719 1062 781 Adc
1089 720 1126 781 dc
1156 722 1279 783 Orlctcn

245 946 303 986 AD·
320 946 375 985 ¹³¹⁸·
418 940 547 999 Domini
568 942 758 1021 supradicto,
777 943 811 1016 in
832 944 965 1005 ecclesia
984 946 1156 1025 parochiali
1174 947 1213 1008 de
1235 948 1402 1021 Dorstone,
1423 948 1457 1008 in
1477 949 1572 1029 pleno
1592 949 1653 1011 loci

419 1044 606 1106 consistorio
630 1066 687 1126 per
710 1052 847 1110 rectores
868 1055 900 1110 et
921 1049 1054 1112 vicarios
1085 1051 1257 1114 decanatus
1281 1052 1320 1114 de
1340 1053 1538 1134 Webbeleye,
1560 1074 1655 1135 super

419 1149 586 1212 vacacione
613 1151 713 1231 ipsius
734 1153 865 1215 ecclesie
886 1154 925 1215 de
945 1155 1085 1235 Byforde
1113 1163 1145 1218 et
1173 1158 1242 1219 aliis
1270 1159 1411 1221 articulis
1432 1160 1465 1219 in
1486 1161 1545 1221 hac
1566 1166 1656 1241 perte

419 1254 533 1316 debitis
561 1262 593 1318 et
613 1259 774 1320 consuetis
801 1260 1042 1339 inquisicionem
1070 1263 1137 1324 fieri
1158 1264 1218 1325 leci
1249 1264 1440 1345 diligentem.
1483 1267 1551 1341 Que
1579 1267 1655 1328 dicit

418 1361 502 1441 quod
522 1381 586 1422 non
614 1369 705 1424 vacat
731 1364 864 1426 ecclesia
890 1366 1040 1446 predicta,
1069 1372 1105 1428 ut
1135 1370 1243 1441 eredit,
1274 1371 1347 1451 quia
1367 1370 1514 1433 dominus
1543 1372 1592 1431 W.
1613 1372 1654 1433 de

420 1468 458 1528 B.
484 1468 638 1531 incumbit
665 1471 858 1551 possessioni
879 1472 1031 1552 ejusdem,
1053 1478 1085 1535 et
1106 1474 1182 1536 dicit
1208 1476 1375 1557 inquisicio
1398 1478 1481 1556 quod
1505 1476 1595 1537 Prior
1621 1482 1655 1539 et

418 1573 601 1637 Conventus
622 1576 799 1637 Brechonie
819 1583 1042 1657 presentarunt
1064 1580 1175 1642 ultimo
1196 1582 1236 1641 cd
1258 1582 1399 1652 eandem,
1421 1587 1453 1642 et
1474 1583 1557 1661 quod
1578 1588 1654 1643 sunt

418 1681 484 1743 veri
518 1683 643 1761 patroni
679 1670 831 1760 ejusdem,
866 1704 924 1744 nec
962 1690 1012 1745 est
1049 1684 1193 1764 litigiosa,
1232 1687 1293 1747 nisi
1335 1693 1491 1766 quatenus
1525 1688 1654 1767 quidam

418 1786 572 1849 Ricardus
592 1788 631 1862 de
652 1788 782 1867 Byiord,
803 1788 944 1860 clericus,
966 1810 1023 1869 per
1043 1790 1215 1852 Robertum
1238 1792 1276 1853 de
1305 1792 1469 1854 Bodeham
1491 1793 1529 1854 ad
1552 1793 1654 1873 ipsam

417 1883 582 1954 ecclesiam
603 1900 804 1974 presentatus
827 1895 916 1975 juxta
940 1916 1030 1956 suam
1052 1898 1322 1976 presentacionem
1353 1919 1386 1960 se
1417 1899 1574 1979 opposuit,
1596 1919 1655 1960 nec

419 2005 468 2061 est
488 2000 697 2079 pensionaria,
719 2005 751 2062 et
772 2006 821 2062 est
842 2000 957 2062 valoris
978 2001 1003 2063 Ο
1028 2002 1208 2075 solidorum,
1230 2008 1262 2064 et
1286 2005 1370 2085 quod
1390 2012 1592 2085 presentatus
1612 2006 1652 2065 ad

418 2105 550 2165 eandem
571 2104 746 2178 ecclesiam,
768 2105 888 2167 scilicet
908 2108 1060 2186 magister
1080 2107 1122 2167 Η.
1148 2108 1186 2170 de
1206 2110 1346 2181 Barewe,
1368 2114 1416 2171 est
1437 2111 1502 2172 vite
1529 2116 1561 2171 et
1581 2132 1653 2173 con-

418 2210 609 2271 versacionis
636 2212 779 2283 honeste,
814 2217 847 2273 et
878 2213 917 2272 ad
945 2212 1087 2275 ordinem
1116 2214 1360 2277 subdiaconatus
1386 2220 1561 2296 promotus,
1596 2237 1655 2278 nec

420 2319 470 2375 est
491 2313 565 2375 alibi
585 2315 800 2388 beneficiatus,
821 2316 906 2398 quod
926 2318 1034 2378 scitur.
1070 2318 1113 2379 Et
1135 2318 1181 2381 sic
1201 2321 1385 2382 mandatum
1410 2327 1551 2383 vestrum
1573 2342 1655 2395 sum,

420 2440 492 2481 cum
513 2440 550 2481 ea
571 2440 633 2500 qua
661 2421 752 2482 decet
773 2422 960 2494 reverencia,
988 2424 1021 2483 in
1050 2424 1197 2486 omnibus
1221 2432 1381 2488 executus.
1424 2428 1544 2489 Datum
1572 2428 1657 2509 apud

418 2526 586 2597 Dorstone,
614 2525 664 2588 die
693 2526 807 2588 Martis
834 2532 867 2588 et
895 2547 979 2588 anno
1010 2528 1140 2590 Domini
1171 2531 1369 2611 supradictis.

420 2796 496 2856 Noc.
522 2796 678 2937 Idi—tm
705 2796 808 2875 Kin91
831 2804 969 2876 precata
995 2797 1102 2876 chry
1126 2798 1164 2859 dc
1187 2798 1317 2859 Ludlow
1343 2805 1372 2859 lo
1401 2798 1450 2860 thc
1476 2798 1600 2861 Oburolt
1624 2801 1661 2881 of

575 2897 757 2956 onpomcry.

501 3048 730 3109 Psnsrrvrrcro
751 3066 794 3107 sn
815 3065 999 3108 accusarant
1020 3066 1064 3107 nn
1088 3046 1573 3121 Mousaeouasa-Edwardus,
1595 3051 1656 3113 Dei

418 3155 523 3234 gracia
543 3154 610 3216 Rex
632 3154 751 3234 Anglie,
781 3154 939 3215 Dominus
960 3154 1122 3227 Hibernie,
1155 3155 1324 3217 venerabili
1353 3154 1385 3215 in
1408 3156 1535 3217 Christo
1561 3158 1653 3237 patri,

421 3260 548 3322 domino
573 3260 649 3332 Ade,
672 3266 742 3332 eta,
768 3260 913 3322 salutem.
970 3259 1018 3321 Ad
1043 3261 1208 3323 ecclesiam
1232 3262 1271 3323 de
1295 3262 1526 3342 Montgomery,
1551 3268 1655 3325 vestre

419 3366 562 3438 diocesis,
584 3372 759 3437 vacantem,
781 3366 867 3427 etad
886 3367 1092 3427 donacionem
1114 3373 1255 3428 nostram
1276 3372 1483 3447 spectantem,
1504 3368 1653 3430 dilectum

420 3478 564 3535 nostrum
588 3472 764 3534 Henricum
793 3473 832 3533 de
860 3472 1036 3543 Lodelovve,
1066 3472 1223 3544 clericum,
1252 3472 1341 3534 vobis
1369 3472 1509 3535 caritatis
1536 3473 1655 3535 intuitu

419 3584 648 3659 presentamus,
674 3583 820 3657 rogantes
848 3577 998 3657 quatinus
1026 3576 1159 3639 eundem
1189 3578 1363 3639 Henricum
1392 3578 1432 3639 ad
1459 3578 1576 3639 dictam
1604 3599 1653 3640 ec·

419 3684 547 3745 clesiam
578 3683 764 3753 admittatis,
795 3689 827 3744 et
853 3702 1021 3762 personam
1049 3683 1225 3744 instituatis
1252 3682 1285 3743 in
1313 3684 1432 3745 eadem.
1495 3682 1534 3743 In
1562 3684 1654 3763 cujus

418 3789 463 3851 rei
487 3789 705 3850 testimonium
730 3790 789 3849 has
809 3788 932 3849 litteras
956 3794 1082 3850 nostras
1106 3788 1173 3850 fieri
1196 3789 1327 3851 lecimus
1349 3794 1504 3869 patentes.
1560 3788 1654 3851 Teste

420 3895 577 3956 Eduardo
614 3894 679 3955 filio
716 3899 826 3955 nostro
863 3894 1082 3973 primogenito,
1122 3895 1251 3956 custode
1292 3895 1379 3973 regni
1420 3894 1531 3965 nostri,
1569 3893 1653 3974 apud

420 4000 649 4071 Herefordiam,
678 3999 756 4079 xiiij⁰
783 3998 834 4060 die
861 3998 1060 4070 Novembris,
1089 4017 1172 4059 anno
1200 3998 1286 4078 regni
1315 3998 1415 4059 nostri
1442 4006 1502 4058 ια’.

420 4268 482 4328 The
516 4267 634 4347 Bishop
668 4265 876 4327 mmmisriorn
910 4264 1030 4345 Philip,
1062 4264 1174 4326 Rector
1203 4265 1239 4345 os
1268 4264 1446 4343 Rurbtnry,
1475 4270 1505 4325 to
1532 4262 1654 4325 &cclcc

538 4349 630 4426 Lody
652 4348 754 4425 Burpc
775 4346 813 4407 dc
834 4346 954 4425 Harlcy
970 4347 1055 4425 from
1078 4345 1127 4406 the
1147 4344 1440 4407 cccmnmunicaboa
1456 4344 1652 4425 proaounoed

539 4430 663 4508 apairnt
689 4428 738 4488 the
763 4427 881 4488 holdcrs
906 4427 942 4507 of
964 4426 1052 4486 binde
1078 4446 1148 4487 once
1172 4426 1329 4505 belonqa'nq
1354 4433 1383 4487 to
1409 4426 1458 4487 tbc
1483 4424 1650 4505 Templum,

538 4511 621 4571 since
658 4509 710 4570 ahc
750 4508 804 4568 laus
840 4508 929 4587 pinca
966 4506 1171 4586 satisfaction,
1200 4508 1256 4587 sor
1290 4506 1343 4568 lm
1372 4506 1498 4586 portion
1531 4506 1567 4585 of
1602 4504 1651 4566 tbc

540 4592 706 4671 Templars'
736 4588 835 4658 lunda,
865 4596 894 4649 to
928 4588 1071 4649 Ricburd
1098 4588 1135 4649 dc
1162 4587 1289 4665 Pancly,
1316 4587 1477 4666 Proceplor
1504 4588 1539 4666 os
1569 4585 1651 4645 Din-

538 4693 628 4733 more.

495 4840 676 4902 Oouurssro
697 4855 797 4898 sacra
811 4838 957 4897 Rausosr
972 4855 1015 4896 nn
1031 4835 1434 4907 Biracsaccaria-Adam,
1450 4840 1519 4907 etc,
1534 4834 1650 4896 dilecto

415 4951 489 5023 filio,
514 4950 642 5011 domino
671 4948 828 5028 Philippo,
858 4947 986 5008 Rectori
1015 4946 1145 5008 ecclesie
1173 4946 1212 5037 de
1241 4945 1473 5025 Russchebury,
1502 4944 1647 5014 salutem,

260 4886 309 4927 Fol.
327 4886 360 4926 n.

476 5086 570 5128 l—This
584 5085 746 5133 amantiora
760 5084 781 5125 la
793 5083 913 5130 evidently
925 5082 996 5125 made
1009 5081 1039 5129 bv
1052 5082 1094 5125 the
1106 5083 1187 5128 Quaen
1200 5081 1247 5123 and
1260 5082 1303 5122 her
1319 5092 1371 5126 aon.
1388 5080 1454 5121 since
1471 5082 1529 5128 they
1544 5091 1608 5122 were
1624 5084 1652 5123 at

414 5148 532 5193 fleoeford
544 5160 575 5189 on
589 5149 648 5190 Nov.
664 5150 693 5193 1⁴.
708 5147 755 5189 and
768 5147 810 5189 the
822 5145 923 5193 turture
936 5145 996 5192 Kios
1009 5156 1060 5187 was
1074 5149 1116 5186 not
1128 5144 1242 5191 captured
1256 5143 1280 5185 in
1294 5145 1319 5187 8.
1332 5142 1414 5186 Wnlea
1427 5142 1489 5185 until
1501 5144 1560 5185 Nov.
1575 5145 1606 5185 18.
