3850 5917
690 693 841 772 Episcopi
868 694 1112 773 Heresordeasis.
1460 696 1521 755 325

289 824 508 832 o———fi—
771 826 947 832 .-—...——-

83 949 146 987 t-D-
169 949 234 986 ¹³2⁵·
279 942 372 1021 April
403 942 620 1021 28.—Speciol
655 942 764 1003 licerece
793 944 878 1021 from
913 944 961 1003 the
996 944 1116 1022 Bisbop
1156 945 1192 1023 os
1227 945 1413 1005 Winchester
1448 946 1516 1005 ticet

406 1022 545 1083 Williom
565 1024 676 1101 Brecpa
695 1044 766 1101 orep
789 1024 899 1084 receive
925 1024 974 1085 the
989 1024 1062 1102 first
1085 1032 1205 1085 tonsure
1220 1027 1305 1104 froia
1326 1026 1375 1086 the
1396 1026 1515 1105 Bishop

403 1104 628 1245 qflidpflprtpsprd
692 1104 740 1163 He
781 1105 914 1165 received
958 1105 1007 1165 the
1049 1113 1170 1166 tonsure
1204 1127 1244 1166 oa
1285 1107 1378 1186 April
1411 1112 1452 1167 30
1485 1114 1519 1167 ct

362 1368 558 1427 Drmssonn
579 1367 734 1425 Errscorr
761 1366 1015 1427 Wraroursusrs
1047 1384 1109 1425 rao
1131 1367 1318 1427 Wrannnuo
1350 1368 1520 1427 Barim.—

280 1472 457 1533 Venerabili
479 1472 512 1530 in
527 1471 654 1532 Christo
675 1471 766 1551 patri,
782 1472 911 1532 domino
933 1472 1008 1543 Ade,
1024 1478 1093 1542 etc,
1108 1472 1272 1533 iohannes
1293 1473 1434 1551 ejusdem
1449 1494 1518 1552 per·

279 1578 429 1639 missione
452 1578 691 1657 Wyntonieusis
713 1578 891 1657 Episcopus
923 1578 1058 1639 salutem
1079 1586 1112 1639 ct
1132 1578 1304 1639 fraternam
1325 1580 1358 1637 in
1378 1579 1518 1639 Domino

279 1686 453 1745 caritatem.
516 1684 557 1746 Ut
584 1684 777 1744 Willelmum
807 1685 927 1763 Bruyn,
958 1691 1061 1745 vestre
1093 1685 1226 1745 diocesis
1255 1684 1440 1754 litteratum,
1462 1685 1518 1764 qui

280 1790 395 1851 milicie
423 1790 556 1851 clericali
586 1790 697 1850 ascribi
730 1790 895 1861 desiderat,
918 1790 957 1849 ad
985 1791 1120 1870 primam
1149 1796 1321 1861 tonsuram,
1354 1791 1520 1850 dumtaxat

279 1896 312 1955 in
347 1896 474 1955 civitate
502 1900 534 1955 et
569 1895 685 1955 diocesi
720 1902 828 1955 nostra
865 1895 1096 1973 Wyntoniensi,
1132 1896 1208 1954 dum
1240 1903 1347 1956 tamen
1389 1897 1516 1975 aliquod

279 2002 466 2061 canonicum
502 2000 560 2061 sibi
597 2020 660 2059 non
692 2000 835 2071 obsistat,
871 2000 1049 2080 ubicunque
1084 2008 1117 2061 et
1144 2002 1395 2082 quandocunque
1430 2003 1520 2063 vobis

279 2106 442 2185 placuerit,
473 2125 656 2184 promovere
688 2105 828 2177 valeatis,
860 2106 1024 2167 licenciam
1058 2107 1156 2178 vobis,
1182 2114 1337 2187 quantum
1366 2108 1399 2167 in
1427 2109 1519 2169 nobis

280 2217 339 2280 est,
361 2218 469 2272 tenore
490 2210 687 2290 presencium
710 2212 911 2273 concedimus
942 2213 976 2271 in
998 2213 1136 2273 Domino
1168 2213 1345 2292 specialem.
1399 2214 1520 2274 Datum

281 2317 364 2397 apud
387 2317 573 2387 Merewelle,
596 2318 654 2395 iiij⁰
677 2316 746 2377 Kal.
770 2318 855 2387 Maii,
879 2338 962 2377 anno
984 2318 1113 2378 Domini
1135 2318 1368 2391 M⁰OCC⁰xxv⁰.,
1390 2326 1450 2381 etc.

363 2447 407 2507 Et
427 2448 665 2507 memorandum
701 2448 784 2527 quod
820 2448 932 2509 ultimo
967 2449 1018 2509 die
1049 2450 1174 2529 Aprilis,
1207 2470 1291 2511 anno
1329 2452 1521 2531 supradicto,

281 2554 428 2613 dominus
460 2553 580 2613 dictum
616 2552 810 2613 Willelmum
840 2554 923 2632 apud
957 2554 1161 2625 Middeltone,
1193 2555 1433 2635 Wyntoniensis
1454 2558 1519 2619 dio·

283 2659 373 2731 cesis,
396 2658 567 2719 coronavit.

281 2965 548 3026 Morcb1.-Tbe
569 2965 688 3044 Bisbop
709 2964 1017 3045 ofLondoapronts
1039 2975 1068 3027 to
1091 2966 1139 3027 the
1164 2968 1283 3046 Bcsbop
1303 2969 1339 3048 os
1366 2968 1519 3048 Hereford

403 3046 518 3127 special
553 3046 662 3106 licence
698 3053 727 3106 to
763 3046 834 3107 hold
868 3068 910 3107 on
947 3048 1134 3108 ordination
1169 3048 1204 3108 ia
1239 3049 1288 3109 the
1328 3049 1445 3110 diocese
1485 3050 1522 3129 of

402 3127 541 3197 Loredoa,
573 3127 636 3187 aad
662 3126 869 3187 commissione
893 3127 958 3187 birri
975 3136 1004 3188 to
1025 3128 1138 3189 ordoin
1159 3129 1241 3189 those
1258 3130 1418 3209 presented
1432 3131 1519 3210 from

405 3208 453 3269 the
473 3208 590 3269 diocese
610 3209 645 3287 os
662 3208 793 3268 Loedoa
814 3208 851 3285 by
873 3208 1015 3269 Richord
1037 3209 1074 3269 de
1102 3210 1280 3287 Breaclclep.

365 3392 546 3452 Oonmssm
581 3391 736 3476 Episcopi
772 3390 1016 3449 Lormnrnrms
1051 3408 1153 3449 sacra
1186 3407 1313 3449 nonruo
1343 3408 1385 3448 sn
1420 3408 1520 3449 cann-

280 3514 440 3557 sasnnuu
472 3495 844 3557 caussas—Venerabili
873 3496 905 3554 in
934 3496 1061 3557 Christo
1082 3496 1174 3574 patri,
1196 3495 1324 3556 domino
1346 3496 1421 3566 Ade‚
1447 3502 1518 3567 etc,

282 3604 472 3683 Stephanus,
504 3602 711 3682 permissione
740 3602 882 3680 ejusdem
914 3602 1146 3663 Londoniensis
1174 3602 1361 3682 Episcopus,
1384 3602 1518 3663 salutem

280 3716 313 3771 et
344 3710 463 3771 sincere
505 3708 686 3769 dileccionis
720 3708 907 3768 continuum
942 3708 1183 3768 incrementum.
1241 3708 1286 3769 Ut
1314 3724 1519 3787 quoscunque

280 3815 410 3877 elericos
445 3820 511 3875 tam
546 3820 668 3874 vestros
703 3833 798 3893 quam
833 3813 952 3874 alienos
984 3813 1196 3883 beneficiatos,
1229 3818 1262 3873 et
1282 3812 1452 3891 religiosos,
1482 3832 1519 3873 ac

281 3920 359 3981 alios
380 3940 509 3981 suorum
531 3920 769 3979 diocesanorum
790 3918 879 3979 vobis
904 3919 1027 3980 litteras
1054 3918 1248 3979 dimissorias
1270 3923 1302 3977 et
1327 3918 1519 3979 sufficientes

281 4026 391 4088 titulos
411 4026 603 4096 exhibentes,
626 4026 664 4085 ad
686 4044 796 4086 omnes
821 4026 1045 4086 convenientes
1066 4025 1125 4086 sibi
1147 4024 1272 4085 ordines
1293 4030 1359 4084 tam
1381 4024 1519 4085 minores

281 4154 374 4213 quam
398 4133 532 4212 majores
554 4133 613 4192 hac
634 4132 766 4193 instanti
787 4132 838 4192 die
854 4131 982 4193 Sabbati
1004 4132 1147 4206 Quatuor
1167 4132 1357 4210 Temporum
1376 4130 1520 4209 proxima
1618 4124 1622 4134 ’

281 4244 353 4317 post
384 4238 468 4298 diem
496 4236 656 4307 Oinerum,
686 4238 719 4296 in
741 4237 858 4298 nostris
887 4237 1015 4297 civitate
1050 4243 1083 4297 ct
1117 4237 1243 4308 diocesi,
1278 4237 1332 4297 ubi
1360 4242 1392 4298 et
1423 4242 1519 4315 prout

281 4342 446 4423 elegeritis,
489 4343 632 4403 ordinare
670 4344 809 4422 possitis,
851 4342 1016 4404 licenciam
1045 4343 1133 4404 vobis
1168 4342 1201 4401 in
1236 4342 1374 4403 Domino
1408 4348 1518 4405 tenore

281 4451 479 4527 presencium
514 4447 716 4508 concedimus
751 4447 928 4527 specialem.
985 4448 1029 4508 Et
1071 4448 1201 4527 insuper
1234 4448 1274 4507 ad
1308 4448 1517 4508 ordinandum

281 4572 484 4634 quoscunque
506 4553 635 4613 clericos
653 4552 834 4632 hujusmodi
848 4559 956 4614 nostre
977 4553 1111 4613 diocesis
1132 4572 1211 4633 quos
1233 4552 1366 4613 dilectus
1385 4552 1518 4612 clericus

282 4666 397 4731 noster,
433 4658 583 4738 magister
607 4658 760 4719 Ricardus
795 4659 834 4720 de
869 4658 1089 4730 Brencheslee,
1124 4658 1165 4718 ad
1199 4658 1423 4719 convenientes
1456 4658 1517 4718 sibi

281 4766 406 4827 ordines
427 4765 550 4826 duxerit
570 4766 807 4844 presentandos,
836 4765 1021 4844 paternitati
1051 4771 1155 4825 vestre
1176 4763 1404 4824 committimus
1432 4764 1518 4824 vices

281 4876 416 4943 nostras,
437 4871 594 4932 attencius
615 4870 829 4951 supplicantes
857 4870 1008 4951 quatinus
1039 4890 1120 4931 onus
1147 4875 1255 4931 nostre
1286 4870 1517 4931 commissionis

282 4973 463 5053 hujusmodi
498 4973 611 5045 velitis,
647 4973 673 5034 si
704 4972 836 5053 placeat,
866 4974 1033 5034 admittere
1062 4973 1124 5033 ista
1154 4973 1231 5034 vice.
1282 4975 1402 5033 Datum
1432 4976 1517 5054 apud

283 5078 528 5151 Stcbbeuhetbe,
544 5078 613 5139 Kal.
636 5078 757 5151 Marcii,
779 5099 863 5140 anno
884 5078 1014 5139 Domini
1037 5078 1282 5158 timebantur.
