3850 5917
228 934 285 973 ao.
301 935 354 973 1327.

232 1356 281 1397 Fol.
297 1358 339 1397 1⁰⁴.

222 4416 279 4457 ΑΛ).
295 4417 349 4457 luta.

228 4918 276 4959 l'ol.
291 4917 350 4961 leth.

397 681 456 741 eva
774 684 1109 762 sarsenatae
1139 686 1262 746 aaron

399 928 471 989 Jan.
497 930 652 990 29—le
677 931 795 1010 Bislwp
820 932 853 1011 es
874 932 1009 992 Limera
1029 932 1238 993 commiserens
1264 894 1312 994 lte
1337 934 1456 1013 Bishop
1479 935 1515 1014 os
1539 935 1635 995 Herc-

513 1011 589 1091 sord
611 1018 639 1071 to
661 1019 710 1071 act
725 1012 780 1090 sor
802 1012 866 1071 tim
887 1013 922 1072 in
943 1013 993 1073 the
1012 1021 1124 1073 necttcr
1144 1014 1179 1093 of
1199 1034 1242 1073 an
1261 1014 1414 1092 mctnnqc
1437 1015 1473 1094 os
1494 1016 1636 1093 banfices

520 1091 646 1151 between
670 1092 752 1151 Αῑαη
776 1092 812 1153 de
841 1094 996 1165 lttrdhom,
1025 1094 1137 1154 Rector
1159 1094 1195 1174 os
1220 1095 1358 1166 Chattos,
1382 1096 1446 1155 and
1474 1096 1570 1174 chh
1597 1097 1637 1155 de

498 1173 650 1249 ¹Repe-esc,
680 1173 791 1233 Rector
818 1174 853 1253 os
881 1174 1002 1234 thten.

482 1341 657 1402 Venerabili
679 1342 711 1400 in
727 1342 853 1403 Christo
868 1343 959 1422 patri,
975 1343 1103 1404 domino
1124 1343 1199 1415 Ade,
1214 1349 1284 1414 etc,
1307 1345 1475 1415 Henricus,
1490 1345 1634 1423 ejusdem

397 1448 602 1525 permissione
635 1448 865 1509 Lincolniensis
897 1448 1084 1528 Episcopus,
1106 1449 1250 1519 salutem,
1273 1457 1331 1509 etc.
1385 1449 1465 1509 Gum
1486 1450 1635 1510 dominus

398 1554 515 1614 Alanus
530 1555 568 1614 de
586 1553 754 1623 Rudham,¹
774 1555 889 1615 Rector
903 1554 1034 1615 ecclesie
1050 1556 1089 1615 de
1110 1555 1339 1634 Ghetyngtcne,
1355 1560 1458 1615 vestre
1478 1556 1633 1632 dyocesis,

397 1666 429 1719 et
461 1661 555 1739 Hugo
587 1662 626 1721 de
656 1662 793 1739 Beysyn,
821 1661 936 1720 Rector
960 1661 1091 1721 ecclesie
1118 1662 1157 1721 de
1185 1662 1321 1740 Wylien,
1352 1667 1459 1721 nostre
1489 1662 1632 1730 diocesis,

397 1766 481 1826 dicta
517 1787 574 1826 sua
613 1767 763 1827 beneficia
798 1767 892 1827 certis
927 1786 965 1826 ex
1001 1767 1104 1827 causis
1143 1767 1237 1827 libere
1276 1786 1312 1826 ac
1347 1766 1416 1826 sine
1454 1765 1563 1825 fraude
1600 1775 1635 1825 et

396 1872 551 1951 pravitate
571 1893 758 1952 quacunque
779 1878 966 1952 proponant,
992 1873 1074 1932 sicut
1095 1879 1249 1941 asserunt,
1272 1871 1421 1932 canonice
1442 1880 1631 1949 permutare.

396 1978 579 2038 dumtamen
612 1998 760 2039 assensus
789 1987 821 2038 et
860 1978 1030 2038 auctoritas
1065 1977 1189 2037 illorum
1214 1997 1347 2056 quorum
1376 1977 1507 2037 interest
1536 1977 1631 2036 inter-

396 2084 539 2143 venerint
561 2084 593 2141 in
616 2084 675 2143 hac
696 2090 793 2162 parte,
823 2084 980 2163 variisque
1001 2090 1033 2143 et
1055 2082 1160 2144 arduis
1188 2082 1342 2161 prepedrti
1371 2082 1508 2160 negociis
1531 2082 1631 2160 ipsius

395 2190 640 2268 permutacionis
679 2190 875 2268 expedicioni
915 2190 954 2247 ad
990 2208 1119 2267 presens
1157 2188 1320 2248 intendere
1350 2207 1553 2266 nequeamus,
1591 2188 1632 2246 ad

396 2293 615 2374 inquirendum
646 2294 741 2373 igitur
768 2294 856 2372 juxta
888 2294 1158 2373 presentacionem
1200 2294 1381 2373 hujusmodi
1412 2313 1506 2373 quam
1543 2294 1631 2354 vobis

396 2399 552 2459 mittimus
581 2398 808 2478 inspiciendam
837 2405 869 2459 et
900 2398 992 2458 nobis
1024 2399 1107 2458 illico
1134 2399 1366 2468 remittendam,
1398 2418 1493 2477 super
1527 2400 1631 2459 causis

395 2504 639 2583 permutacionis
677 2504 868 2584 hujusmodi,
900 2510 932 2563 et
965 2504 1034 2563 aliis
1070 2504 1211 2564 articulis
1243 2503 1357 2564 debitis
1391 2509 1424 2563 et
1460 2505 1630 2572 consuetis,

395 2611 656 2689 audiendumque,
700 2610 952 2681 examinandum,
992 2615 1025 2669 et
1062 2609 1201 2689 plenarie
1239 2609 1475 2669 discuciendum
1518 2630 1629 2669 causas

394 2716 639 2794 permutationis
671 2717 837 2795 predictas,
860 2722 891 2776 et
921 2717 952 2773 in
982 2736 1019 2775 eo
1048 2720 1164 2776 eventu
1193 2715 1220 2776 si
1248 2715 1494 2794 permutacionis
1518 2734 1629 2774 causas

395 2820 576 2898 hujusmodi
607 2822 759 2881 duxeritis
788 2821 1015 2900 approbandas,
1044 2820 1201 2900 prefatum
1234 2820 1369 2879 Alanum
1397 2819 1436 2879 ed
1464 2819 1628 2880 ecclesiam

395 2926 433 2987 de
455 2927 588 3005 Wylien,
611 2932 718 2987 nostre
738 2927 879 2997 diocesis,
900 2926 1141 2998 admittendum,
1161 2933 1193 2987 et
1214 2927 1380 2987 Rectorem
1398 2926 1629 2987 instituendum

395 3032 544 3093 canonice
573 3033 604 3091 in
633 3034 751 3102 eadem,
781 3033 966 3093 induccione
994 3033 1135 3111 ejusdem
1163 3031 1255 3091 Alani
1279 3032 1312 3091 in
1340 3031 1533 3111 corporalem
1557 3052 1627 3111 pos-

395 3138 567 3199 sessionem
591 3139 711 3218 prefate
731 3138 860 3199 ecclesie
885 3140 923 3199 de
948 3138 1075 3217 Wylien
1096 3158 1133 3198 ac
1155 3138 1254 3217 ipsius
1273 3138 1454 3198 obediencia
1477 3140 1630 3199 canonica

394 3243 485 3303 nobis
521 3225 701 3303 omnimodo
736 3244 911 3315 reservatis,
938 3243 1106 3303 reverende
1140 3242 1323 3322 paternitati
1354 3248 1466 3313 vestre,
1500 3244 1539 3303 de
1566 3264 1629 3322 qua

394 3348 539 3408 fiduciam
568 3348 705 3427 gerimus
733 3348 914 3428 pleniorem,
940 3354 1048 3408 tenore
1072 3346 1269 3426 presencium
1294 3346 1522 3407 committimus
1544 3348 1628 3408 vices

392 3458 526 3523 nostras,
556 3459 702 3532 rogantes
739 3454 889 3532 quatinus
917 3473 997 3513 onus
1027 3451 1258 3513 commissionis
1294 3456 1400 3511 nostre
1437 3452 1626 3531 hujusmodi,

393 3560 420 3619 si
445 3558 548 3631 libeat,
569 3559 772 3619 admittentes
794 3579 852 3619 nos
877 3559 916 3618 de
938 3578 1087 3638 processu
1111 3564 1216 3619 vestro
1239 3557 1271 3615 in
1291 3558 1350 3617 hac
1369 3564 1458 3636 parte
1483 3558 1628 3619 habendo

393 3666 505 3737 velitis,
534 3667 678 3744 expedito
715 3666 844 3745 negocio
876 3666 1065 3744 supradicto,
1095 3685 1151 3744 per
1183 3670 1304 3725 vestras
1331 3670 1477 3743 patentes
1504 3666 1628 3727 litteras

393 3773 505 3832 harum
526 3772 638 3833 seriem
658 3773 856 3832 continentes
875 3770 1004 3831 reddere
1024 3771 1185 3831 cerciores.
1228 3770 1276 3829 Ad
1296 3770 1426 3831 ecclesie
1447 3790 1504 3831 sue
1517 3780 1628 3832 sancte

393 3878 530 3956 regimen
565 3882 598 3937 et
629 3877 791 3937 munimen
821 3877 949 3937 Domini
984 3896 1041 3936 vos
1069 3881 1233 3937 conservet
1260 3876 1364 3955 gracia
1395 3876 1626 3955 Redemptoris.

393 3983 512 4042 Datum
534 3983 714 4053 Londoniis,
740 3988 852 4062 quarto
883 3982 952 4043 Kal.
984 3981 1154 4053 Februarii,
1186 4001 1270 4042 anno
1302 3982 1430 4043 Domini
1459 3984 1627 4045 millesimo

394 4087 484 4149 0000
505 4087 653 4148 vicesimo
681 4095 778 4149 sexto.

393 4382 469 4443 Noc.
491 4383 646 4443 17.-Tte
667 4383 785 4463 Be'slrop
805 4382 1014 4444 commissione
1028 4382 1130 4442 Adam
1145 4381 1301 4452 uerterat,
1324 4382 1409 4442 Jota
1423 4382 1461 4443 de
1476 4382 1508 4442 lo
1521 4384 1625 4453 Fonte,

514 4464 577 4523 and
604 4464 732 4525 Thenas
757 4464 793 4524 de
818 4464 936 4541 Boleye,
963 4471 992 4524 to
1016 4462 1141 4540 ertqcire
1169 4462 1235 4522 into
1264 4462 1313 4523 the
1339 4482 1407 4523 case
1431 4463 1467 4542 of
1493 4464 1625 4525 Thomas

513 4545 550 4605 de
577 4545 714 4615 Prcslon,
739 4544 828 4615 clerlc,
853 4545 919 4605 who
946 4564 1009 4604 wer
1034 4542 1189 4604 convmtcd
1213 4544 1248 4621 os
1273 4542 1422 4603 homnidc
1450 4544 1547 4622 before
1576 4546 1626 4607 rte

514 4625 623 4703 Kinp's
652 4625 795 4695 natica,
825 4626 888 4685 arrd
913 4624 1034 4685 handed
1058 4644 1127 4685 over
1152 4631 1181 4684 to
1207 4622 1256 4683 the
1281 4624 1408 4703 Bishep,
1434 4624 1487 4684 tut
1511 4635 1625 4686 asserta

515 4706 562 4766 aa
588 4706 755 4777 innocense,
781 4706 843 4766 atui
868 4705 938 4766 celes
965 4713 994 4765 to
1020 4705 1053 4765 bc
1077 4704 1204 4765 allowed
1230 4710 1259 4765 to
1279 4723 1377 4783 perpe
1400 4703 1531 4785 tenetls.

473 4872 582 4945 Adam,
612 4878 680 4945 eta,
710 4873 831 4935 dilectis
867 4874 900 4933 in
930 4873 1056 4934 Christo
1087 4872 1169 4944 filiis,
1199 4871 1349 4951 magistro
1377 4871 1443 4933 Ade
1471 4872 1627 4937 carbonel

390 4984 423 5040 et
444 4978 571 5039 domino
592 4979 730 5039 dohanni
758 4980 797 5040 de
817 4980 847 5039 la
869 4979 973 5050 Felde,
995 4976 1155 5039 canonicis
1175 4981 1284 5038 nostre
1303 4976 1434 5039 ecclesie
1456 4978 1626 5041 Herelord-

878 5116 941 5156 t-ln
956 5114 1008 5156 MS.
1022 5112 1139 5155 Ludham.
