<?xml version="1.0" encoding="UTF-8"?>
<!DOCTYPE html PUBLIC "-//W3C//DTD XHTML 1.0 Transitional//EN"
    "http://www.w3.org/TR/xhtml1/DTD/xhtml1-transitional.dtd">
<html xmlns="http://www.w3.org/1999/xhtml" xml:lang="en" lang="en">
 <head>
  <title>
</title>
<meta http-equiv="Content-Type" content="text/html;charset=utf-8" />
  <meta name='ocr-system' content='tesseract 3.04.00' />
  <meta name='ocr-capabilities' content='ocr_page ocr_carea ocr_par ocr_line ocrx_word'/>
</head>
<body>
  <div class='ocr_page' id='page_1' title='image "./registrumadedeo00banngoog_0360.png"; bbox 0 0 3850 5917; ppageno 0'>
   <div class='ocr_carea' id='block_1_1' title="bbox 77 970 244 1011">
    <p class='ocr_par' dir='ltr' id='par_1_1' title="bbox 77 970 244 1011">
     <span class='ocr_line' id='line_1_1' title="bbox 77 970 244 1011; baseline 0.006 -1"><span class='ocrx_word' id='word_1_1' title='bbox 77 970 166 1011; x_wconf 69' lang='grc' dir='ltr'><strong>Μ).</strong></span> <span class='ocrx_word' id='word_1_2' title='bbox 184 970 244 1011; x_wconf 67' lang='lat' dir='ltr'><strong>tm</strong></span> 
     </span>
    </p>
   </div>
   <div class='ocr_carea' id='block_1_2' title="bbox 98 1220 245 1263">
    <p class='ocr_par' dir='ltr' id='par_1_2' title="bbox 98 1220 245 1263">
     <span class='ocr_line' id='line_1_2' title="bbox 98 1220 245 1263; baseline -0.007 -2"><span class='ocrx_word' id='word_1_3' title='bbox 98 1220 177 1263; x_wconf 79' lang='lat' dir='ltr'><strong>Fol.</strong></span> <span class='ocrx_word' id='word_1_4' title='bbox 193 1220 245 1263; x_wconf 66' lang='lat' dir='ltr'><strong>mh.</strong></span> 
     </span>
    </p>
   </div>
   <div class='ocr_carea' id='block_1_3' title="bbox 696 716 1526 797">
    <p class='ocr_par' dir='ltr' id='par_1_3' title="bbox 696 716 1526 797">
     <span class='ocr_line' id='line_1_3' title="bbox 696 716 1526 797; baseline 0.005 -22"><span class='ocrx_word' id='word_1_5' title='bbox 696 716 847 796; x_wconf 76' lang='lat' dir='ltr'><strong>Episcopi</strong></span> <span class='ocrx_word' id='word_1_6' title='bbox 874 716 1119 797; x_wconf 80' lang='lat' dir='ltr'><strong>Herescrdensis.</strong></span> <span class='ocrx_word' id='word_1_7' title='bbox 1466 719 1526 779; x_wconf 75' lang='lat'><strong>295</strong></span> 
     </span>
    </p>
   </div>
   <div class='ocr_carea' id='block_1_4' title="bbox 286 965 1526 1128">
    <p class='ocr_par' dir='ltr' id='par_1_4' title="bbox 286 965 1526 1128">
     <span class='ocr_line' id='line_1_4' title="bbox 286 965 1526 1047; baseline 0.003 -22"><span class='ocrx_word' id='word_1_8' title='bbox 286 965 364 1043; x_wconf 77' lang='lat' dir='ltr'><strong>Moy</strong></span> <span class='ocrx_word' id='word_1_9' title='bbox 384 966 540 1026; x_wconf 74' lang='lat' dir='ltr'><strong>29.—Tta</strong></span> <span class='ocrx_word' id='word_1_10' title='bbox 560 966 655 1027; x_wconf 76' lang='lat' dir='ltr'><strong>Prior</strong></span> <span class='ocrx_word' id='word_1_11' title='bbox 670 966 734 1027; x_wconf 79' lang='lat' dir='ltr'><strong>aad</strong></span> <span class='ocrx_word' id='word_1_12' title='bbox 754 967 888 1027; x_wconf 76' lang='lat' dir='ltr'><strong>Converti</strong></span> <span class='ocrx_word' id='word_1_13' title='bbox 904 968 940 1047; x_wconf 79' lang='lat' dir='ltr'><strong>of</strong></span> <span class='ocrx_word' id='word_1_14' title='bbox 952 968 1071 1027; x_wconf 79' lang='lat' dir='ltr'><strong>Brecoa</strong></span> <span class='ocrx_word' id='word_1_15' title='bbox 1087 974 1209 1047; x_wconf 72' lang='lat' dir='ltr'><strong>precem</strong></span> <span class='ocrx_word' id='word_1_16' title='bbox 1230 966 1327 1047; x_wconf 66' lang='lat' dir='ltr'><strong>Haqt</strong></span> <span class='ocrx_word' id='word_1_17' title='bbox 1347 966 1383 1029; x_wconf 85' lang='lat' dir='ltr'><strong>de</strong></span> <span class='ocrx_word' id='word_1_18' title='bbox 1403 968 1526 1029; x_wconf 69' lang='lat' dir='ltr'><strong>Boreios</strong></span> 
     </span>
     <span class='ocr_line' id='line_1_5' title="bbox 410 1047 873 1128; baseline 0 -21"><span class='ocrx_word' id='word_1_19' title='bbox 410 1054 440 1107; x_wconf 85' lang='lat' dir='ltr'><strong>to</strong></span> <span class='ocrx_word' id='word_1_20' title='bbox 462 1047 511 1107; x_wconf 79' lang='lat' dir='ltr'><strong>the</strong></span> <span class='ocrx_word' id='word_1_21' title='bbox 532 1047 664 1125; x_wconf 77' lang='lat' dir='ltr'><strong>Rectory</strong></span> <span class='ocrx_word' id='word_1_22' title='bbox 684 1048 720 1128; x_wconf 82' lang='lat' dir='ltr'><strong>of</strong></span> <span class='ocrx_word' id='word_1_23' title='bbox 744 1047 873 1127; x_wconf 80' lang='lat' dir='ltr'><strong>Byjord.</strong></span> 
     </span>
    </p>
   </div>
   <div class='ocr_carea' id='block_1_5' title="bbox 285 1202 1526 2869">
    <p class='ocr_par' dir='ltr' id='par_1_5' title="bbox 285 1202 1526 2869">
     <span class='ocr_line' id='line_1_6' title="bbox 369 1202 1526 1265; baseline 0.004 -4"><span class='ocrx_word' id='word_1_24' title='bbox 369 1202 598 1263; x_wconf 67' lang='lat' dir='ltr'><strong>Passerinum</strong></span> <span class='ocrx_word' id='word_1_25' title='bbox 626 1220 728 1263; x_wconf 76' lang='lat' dir='ltr'><strong>sacra</strong></span> <span class='ocrx_word' id='word_1_26' title='bbox 755 1221 918 1264; x_wconf 81' lang='lat' dir='ltr'><strong>usorsrao</strong></span> <span class='ocrx_word' id='word_1_27' title='bbox 947 1202 991 1263; x_wconf 91' lang='lat' dir='ltr'><strong>H.</strong></span> <span class='ocrx_word' id='word_1_28' title='bbox 1020 1222 1063 1263; x_wconf 80' lang='lat' dir='ltr'><strong>na</strong></span> <span class='ocrx_word' id='word_1_29' title='bbox 1094 1204 1238 1264; x_wconf 77' lang='lat' dir='ltr'><strong>Bannws</strong></span> <span class='ocrx_word' id='word_1_30' title='bbox 1273 1222 1315 1263; x_wconf 82' lang='lat' dir='ltr'><strong>so</strong></span> <span class='ocrx_word' id='word_1_31' title='bbox 1344 1222 1526 1265; x_wconf 78' lang='lat' dir='ltr'><strong>scennsrart</strong></span> 
     </span>
     <span class='ocr_line' id='line_1_7' title="bbox 286 1308 1525 1389; baseline 0.002 -22"><span class='ocrx_word' id='word_1_32' title='bbox 286 1324 330 1367; x_wconf 80' lang='lat' dir='ltr'><strong>ns</strong></span> <span class='ocrx_word' id='word_1_33' title='bbox 360 1308 749 1369; x_wconf 68' lang='lat' dir='ltr'><strong>Brisoana—Venerabili</strong></span> <span class='ocrx_word' id='word_1_34' title='bbox 777 1309 810 1367; x_wconf 93' lang='lat' dir='ltr'><strong>in</strong></span> <span class='ocrx_word' id='word_1_35' title='bbox 840 1308 968 1370; x_wconf 84' lang='lat' dir='ltr'><strong>Christo</strong></span> <span class='ocrx_word' id='word_1_36' title='bbox 998 1309 1091 1389; x_wconf 92' lang='lat' dir='ltr'><strong>patri,</strong></span> <span class='ocrx_word' id='word_1_37' title='bbox 1124 1310 1252 1370; x_wconf 90' lang='lat' dir='ltr'><strong>domino</strong></span> <span class='ocrx_word' id='word_1_38' title='bbox 1280 1310 1355 1381; x_wconf 92' lang='lat' dir='ltr'><strong>Ade,</strong></span> <span class='ocrx_word' id='word_1_39' title='bbox 1384 1316 1454 1383; x_wconf 81' lang='lat' dir='ltr'><strong>ete,</strong></span> <span class='ocrx_word' id='word_1_40' title='bbox 1477 1312 1525 1371; x_wconf 89' lang='lat' dir='ltr'><strong>sui</strong></span> 
     </span>
     <span class='ocr_line' id='line_1_8' title="bbox 285 1412 1525 1487; baseline 0.002 -15"><span class='ocrx_word' id='word_1_41' title='bbox 285 1412 422 1474; x_wconf 78' lang='lat' dir='ltr'><strong>humiles</strong></span> <span class='ocrx_word' id='word_1_42' title='bbox 445 1412 502 1472; x_wconf 90' lang='lat' dir='ltr'><strong>filii</strong></span> <span class='ocrx_word' id='word_1_43' title='bbox 537 1419 569 1474; x_wconf 93' lang='lat' dir='ltr'><strong>et</strong></span> <span class='ocrx_word' id='word_1_44' title='bbox 607 1413 712 1474; x_wconf 90' lang='lat' dir='ltr'><strong>devoti</strong></span> <span class='ocrx_word' id='word_1_45' title='bbox 752 1414 848 1475; x_wconf 86' lang='lat' dir='ltr'><strong>irater</strong></span> <span class='ocrx_word' id='word_1_46' title='bbox 875 1415 1049 1487; x_wconf 87' lang='lat' dir='ltr'><strong>Johannes,</strong></span> <span class='ocrx_word' id='word_1_47' title='bbox 1084 1416 1173 1476; x_wconf 87' lang='lat' dir='ltr'><strong>Prior</strong></span> <span class='ocrx_word' id='word_1_48' title='bbox 1205 1416 1391 1477; x_wconf 89' lang='lat' dir='ltr'><strong>Monasterii</strong></span> <span class='ocrx_word' id='word_1_49' title='bbox 1424 1417 1525 1477; x_wconf 88' lang='lat' dir='ltr'><strong>saneti</strong></span> 
     </span>
     <span class='ocr_line' id='line_1_9' title="bbox 286 1518 1525 1602; baseline 0.005 -23"><span class='ocrx_word' id='word_1_50' title='bbox 286 1518 442 1580; x_wconf 89' lang='lat' dir='ltr'><strong>Johannis</strong></span> <span class='ocrx_word' id='word_1_51' title='bbox 480 1520 683 1599; x_wconf 88' lang='lat' dir='ltr'><strong>Evangeliste</strong></span> <span class='ocrx_word' id='word_1_52' title='bbox 719 1522 758 1586; x_wconf 92' lang='lat' dir='ltr'><strong>de</strong></span> <span class='ocrx_word' id='word_1_53' title='bbox 793 1522 958 1593; x_wconf 90' lang='lat' dir='ltr'><strong>Breconia,</strong></span> <span class='ocrx_word' id='word_1_54' title='bbox 994 1528 1026 1583; x_wconf 88' lang='lat' dir='ltr'><strong>et</strong></span> <span class='ocrx_word' id='word_1_55' title='bbox 1061 1522 1203 1602; x_wconf 87' lang='lat' dir='ltr'><strong>ejusdem</strong></span> <span class='ocrx_word' id='word_1_56' title='bbox 1238 1522 1297 1583; x_wconf 89' lang='lat' dir='ltr'><strong>loci</strong></span> <span class='ocrx_word' id='word_1_57' title='bbox 1333 1524 1525 1595; x_wconf 79' lang='lat' dir='ltr'>Conventus,</span> 
     </span>
     <span class='ocr_line' id='line_1_10' title="bbox 288 1624 1524 1709; baseline 0.004 -25"><span class='ocrx_word' id='word_1_58' title='bbox 288 1624 490 1686; x_wconf 88' lang='lat' dir='ltr'><strong>Menevensis</strong></span> <span class='ocrx_word' id='word_1_59' title='bbox 538 1626 681 1697; x_wconf 89' lang='lat' dir='ltr'><strong>diocesis,</strong></span> <span class='ocrx_word' id='word_1_60' title='bbox 723 1627 938 1688; x_wconf 78' lang='lat' dir='ltr'><strong>obedienciam</strong></span> <span class='ocrx_word' id='word_1_61' title='bbox 981 1649 1018 1689; x_wconf 89' lang='lat' dir='ltr'><strong>ac</strong></span> <span class='ocrx_word' id='word_1_62' title='bbox 1059 1628 1270 1690; x_wconf 77' lang='lat' dir='ltr'><strong>reverenciam</strong></span> <span class='ocrx_word' id='word_1_63' title='bbox 1312 1633 1402 1689; x_wconf 91' lang='lat' dir='ltr'><strong>tanto</strong></span> <span class='ocrx_word' id='word_1_64' title='bbox 1443 1630 1524 1709; x_wconf 89' lang='lat' dir='ltr'><strong>patri</strong></span> 
     </span>
     <span class='ocr_line' id='line_1_11' title="bbox 289 1730 1525 1813; baseline 0.006 -23"><span class='ocrx_word' id='word_1_65' title='bbox 289 1730 410 1791; x_wconf 88' lang='lat' dir='ltr'><strong>debitas</strong></span> <span class='ocrx_word' id='word_1_66' title='bbox 439 1752 511 1791; x_wconf 90' lang='lat' dir='ltr'><strong>oum</strong></span> <span class='ocrx_word' id='word_1_67' title='bbox 540 1732 668 1793; x_wconf 86' lang='lat' dir='ltr'><strong>honore.</strong></span> <span class='ocrx_word' id='word_1_68' title='bbox 724 1734 773 1792; x_wconf 91' lang='lat' dir='ltr'><strong>Ad</strong></span> <span class='ocrx_word' id='word_1_69' title='bbox 800 1734 965 1794; x_wconf 91' lang='lat' dir='ltr'><strong>ecclesiam</strong></span> <span class='ocrx_word' id='word_1_70' title='bbox 1001 1734 1039 1795; x_wconf 89' lang='lat' dir='ltr'><strong>de</strong></span> <span class='ocrx_word' id='word_1_71' title='bbox 1071 1734 1219 1813; x_wconf 88' lang='lat' dir='ltr'><strong>Byforde,</strong></span> <span class='ocrx_word' id='word_1_72' title='bbox 1251 1739 1354 1796; x_wconf 89' lang='lat' dir='ltr'><strong>vestre</strong></span> <span class='ocrx_word' id='word_1_73' title='bbox 1382 1734 1525 1806; x_wconf 88' lang='lat' dir='ltr'><strong>diocesis,</strong></span> 
     </span>
     <span class='ocr_line' id='line_1_12' title="bbox 288 1836 1524 1920; baseline 0.005 -25"><span class='ocrx_word' id='word_1_74' title='bbox 288 1843 462 1908; x_wconf 88' lang='lat' dir='ltr'><strong>vacantem,</strong></span> <span class='ocrx_word' id='word_1_75' title='bbox 499 1841 531 1897; x_wconf 92' lang='lat' dir='ltr'><strong>et</strong></span> <span class='ocrx_word' id='word_1_76' title='bbox 567 1836 606 1898; x_wconf 90' lang='lat' dir='ltr'><strong>ad</strong></span> <span class='ocrx_word' id='word_1_77' title='bbox 640 1844 780 1899; x_wconf 89' lang='lat' dir='ltr'><strong>nostram</strong></span> <span class='ocrx_word' id='word_1_78' title='bbox 820 1840 1092 1919; x_wconf 90' lang='lat' dir='ltr'><strong>presentacionem</strong></span> <span class='ocrx_word' id='word_1_79' title='bbox 1130 1845 1335 1920; x_wconf 72' lang='lat' dir='ltr'><strong>spectantem,</strong></span> <span class='ocrx_word' id='word_1_80' title='bbox 1376 1839 1524 1901; x_wconf 89' lang='lat' dir='ltr'><strong>dilectum</strong></span> 
     </span>
     <span class='ocr_line' id='line_1_13' title="bbox 288 1941 1525 2025; baseline 0.005 -23"><span class='ocrx_word' id='word_1_81' title='bbox 288 1941 435 2002; x_wconf 86' lang='lat' dir='ltr'><strong>clericum</strong></span> <span class='ocrx_word' id='word_1_82' title='bbox 469 1948 614 2003; x_wconf 86' lang='lat' dir='ltr'><strong>nostrum</strong></span> <span class='ocrx_word' id='word_1_83' title='bbox 649 1943 682 2002; x_wconf 92' lang='lat' dir='ltr'><strong>in</strong></span> <span class='ocrx_word' id='word_1_84' title='bbox 718 1944 853 2016; x_wconf 87' lang='lat' dir='ltr'><strong>Christo,</strong></span> <span class='ocrx_word' id='word_1_85' title='bbox 886 1944 1072 2025; x_wconf 86' lang='lat' dir='ltr'><strong>magistrum</strong></span> <span class='ocrx_word' id='word_1_86' title='bbox 1108 1946 1277 2025; x_wconf 86' lang='lat' dir='ltr'><strong>Hugonem</strong></span> <span class='ocrx_word' id='word_1_87' title='bbox 1313 1946 1351 2007; x_wconf 91' lang='lat' dir='ltr'><strong>de</strong></span> <span class='ocrx_word' id='word_1_88' title='bbox 1385 1946 1525 2017; x_wconf 88' lang='lat' dir='ltr'><strong>Barewe,</strong></span> 
     </span>
     <span class='ocr_line' id='line_1_14' title="bbox 287 2047 1523 2130; baseline 0.003 -23"><span class='ocrx_word' id='word_1_89' title='bbox 287 2047 470 2127; x_wconf 74' lang='lat' dir='ltr'><strong>paternitati</strong></span> <span class='ocrx_word' id='word_1_90' title='bbox 499 2052 602 2109; x_wconf 80' lang='lat' dir='ltr'><strong>vestre</strong></span> <span class='ocrx_word' id='word_1_91' title='bbox 626 2048 795 2110; x_wconf 89' lang='lat' dir='ltr'><strong>reverende</strong></span> <span class='ocrx_word' id='word_1_92' title='bbox 822 2056 1043 2130; x_wconf 84' lang='lat' dir='ltr'><strong>presentamus</strong></span> <span class='ocrx_word' id='word_1_93' title='bbox 1063 2069 1120 2130; x_wconf 92' lang='lat' dir='ltr'><strong>per</strong></span> <span class='ocrx_word' id='word_1_94' title='bbox 1144 2056 1316 2130; x_wconf 86' lang='lat' dir='ltr'><strong>presentes,</strong></span> <span class='ocrx_word' id='word_1_95' title='bbox 1345 2070 1401 2111; x_wconf 90' lang='lat' dir='ltr'><strong>vos</strong></span> <span class='ocrx_word' id='word_1_96' title='bbox 1422 2051 1523 2111; x_wconf 93' lang='lat' dir='ltr'><strong>humi-</strong></span> 
     </span>
     <span class='ocr_line' id='line_1_15' title="bbox 287 2150 1524 2236; baseline 0.005 -25"><span class='ocrx_word' id='word_1_97' title='bbox 287 2150 360 2213; x_wconf 92' lang='lat' dir='ltr'><strong>liter</strong></span> <span class='ocrx_word' id='word_1_98' title='bbox 400 2158 433 2214; x_wconf 92' lang='lat' dir='ltr'><strong>et</strong></span> <span class='ocrx_word' id='word_1_99' title='bbox 474 2173 546 2213; x_wconf 90' lang='lat' dir='ltr'><strong>cum</strong></span> <span class='ocrx_word' id='word_1_100' title='bbox 587 2153 693 2215; x_wconf 89' lang='lat' dir='ltr'><strong>debita</strong></span> <span class='ocrx_word' id='word_1_101' title='bbox 732 2154 889 2216; x_wconf 86' lang='lat' dir='ltr'><strong>instancia</strong></span> <span class='ocrx_word' id='word_1_102' title='bbox 930 2156 1136 2236; x_wconf 86' lang='lat' dir='ltr'><strong>deprecantes</strong></span> <span class='ocrx_word' id='word_1_103' title='bbox 1177 2156 1326 2235; x_wconf 89' lang='lat' dir='ltr'><strong>quatinus</strong></span> <span class='ocrx_word' id='word_1_104' title='bbox 1367 2156 1524 2236; x_wconf 86' lang='lat' dir='ltr'><strong>prefatum</strong></span> 
     </span>
     <span class='ocr_line' id='line_1_16' title="bbox 288 2257 1525 2341; baseline 0.005 -25"><span class='ocrx_word' id='word_1_105' title='bbox 288 2257 473 2337; x_wconf 84' lang='lat' dir='ltr'><strong>magistrum</strong></span> <span class='ocrx_word' id='word_1_106' title='bbox 495 2259 665 2339; x_wconf 84' lang='lat' dir='ltr'><strong>Hugonem</strong></span> <span class='ocrx_word' id='word_1_107' title='bbox 686 2260 732 2320; x_wconf 88' lang='lat' dir='ltr'><strong>sio</strong></span> <span class='ocrx_word' id='word_1_108' title='bbox 752 2281 809 2340; x_wconf 88' lang='lat' dir='ltr'><strong>per</strong></span> <span class='ocrx_word' id='word_1_109' title='bbox 829 2280 887 2322; x_wconf 90' lang='lat' dir='ltr'><strong>nos</strong></span> <span class='ocrx_word' id='word_1_110' title='bbox 909 2261 948 2321; x_wconf 87' lang='lat' dir='ltr'><strong>ed</strong></span> <span class='ocrx_word' id='word_1_111' title='bbox 977 2260 1094 2321; x_wconf 89' lang='lat' dir='ltr'><strong>dietam</strong></span> <span class='ocrx_word' id='word_1_112' title='bbox 1116 2261 1280 2322; x_wconf 86' lang='lat' dir='ltr'><strong>ecclesiam</strong></span> <span class='ocrx_word' id='word_1_113' title='bbox 1308 2268 1525 2341; x_wconf 85' lang='lat' dir='ltr'><strong>presentatum</strong></span> 
     </span>
     <span class='ocr_line' id='line_1_17' title="bbox 289 2362 1525 2447; baseline 0.006 -25"><span class='ocrx_word' id='word_1_114' title='bbox 289 2362 455 2425; x_wconf 86' lang='lat' dir='ltr'><strong>admittere</strong></span> <span class='ocrx_word' id='word_1_115' title='bbox 479 2364 592 2435; x_wconf 87' lang='lat' dir='ltr'><strong>velitis,</strong></span> <span class='ocrx_word' id='word_1_116' title='bbox 620 2369 652 2425; x_wconf 91' lang='lat' dir='ltr'><strong>et</strong></span> <span class='ocrx_word' id='word_1_117' title='bbox 680 2364 713 2423; x_wconf 90' lang='lat' dir='ltr'><strong>in</strong></span> <span class='ocrx_word' id='word_1_118' title='bbox 741 2366 934 2445; x_wconf 85' lang='lat' dir='ltr'><strong>corporalem</strong></span> <span class='ocrx_word' id='word_1_119' title='bbox 956 2366 1190 2446; x_wconf 89' lang='lat' dir='ltr'><strong>possessionem</strong></span> <span class='ocrx_word' id='word_1_120' title='bbox 1221 2366 1363 2447; x_wconf 83' lang='lat' dir='ltr'><strong>ejusdem</strong></span> <span class='ocrx_word' id='word_1_121' title='bbox 1395 2368 1525 2430; x_wconf 88' lang='lat' dir='ltr'><strong>ecclesie</strong></span> 
     </span>
     <span class='ocr_line' id='line_1_18' title="bbox 289 2468 1525 2552; baseline 0.005 -23"><span class='ocrx_word' id='word_1_122' title='bbox 289 2468 438 2529; x_wconf 86' lang='lat' dir='ltr'><strong>canonice</strong></span> <span class='ocrx_word' id='word_1_123' title='bbox 459 2469 565 2530; x_wconf 91' lang='lat' dir='ltr'><strong>induci</strong></span> <span class='ocrx_word' id='word_1_124' title='bbox 586 2469 718 2541; x_wconf 81' lang='lat' dir='ltr'><strong>faciatis,</strong></span> <span class='ocrx_word' id='word_1_125' title='bbox 739 2470 943 2551; x_wconf 89' lang='lat' dir='ltr'><strong>ulteriusque,</strong></span> <span class='ocrx_word' id='word_1_126' title='bbox 975 2471 1002 2532; x_wconf 88' lang='lat' dir='ltr'><strong>si</strong></span> <span class='ocrx_word' id='word_1_127' title='bbox 1023 2472 1136 2551; x_wconf 88' lang='lat' dir='ltr'><strong>placet,</strong></span> <span class='ocrx_word' id='word_1_128' title='bbox 1158 2471 1242 2552; x_wconf 90' lang='lat' dir='ltr'><strong>quod</strong></span> <span class='ocrx_word' id='word_1_129' title='bbox 1270 2477 1375 2533; x_wconf 88' lang='lat' dir='ltr'><strong>vestro</strong></span> <span class='ocrx_word' id='word_1_130' title='bbox 1404 2472 1437 2531; x_wconf 93' lang='lat' dir='ltr'><strong>in</strong></span> <span class='ocrx_word' id='word_1_131' title='bbox 1465 2474 1525 2535; x_wconf 87' lang='lat' dir='ltr'><strong>hac</strong></span> 
     </span>
     <span class='ocr_line' id='line_1_19' title="bbox 288 2575 1526 2659; baseline 0.004 -24"><span class='ocrx_word' id='word_1_132' title='bbox 288 2580 378 2655; x_wconf 89' lang='lat' dir='ltr'><strong>parte</strong></span> <span class='ocrx_word' id='word_1_133' title='bbox 415 2575 569 2635; x_wconf 92' lang='lat' dir='ltr'><strong>incumbit</strong></span> <span class='ocrx_word' id='word_1_134' title='bbox 607 2576 708 2637; x_wconf 89' lang='lat' dir='ltr'><strong>officio</strong></span> <span class='ocrx_word' id='word_1_135' title='bbox 739 2576 863 2656; x_wconf 89' lang='lat' dir='ltr'><strong>plenius</strong></span> <span class='ocrx_word' id='word_1_136' title='bbox 900 2583 1102 2657; x_wconf 86' lang='lat' dir='ltr'><strong>exequentes.</strong></span> <span class='ocrx_word' id='word_1_137' title='bbox 1159 2578 1279 2638; x_wconf 89' lang='lat' dir='ltr'><strong>Datum</strong></span> <span class='ocrx_word' id='word_1_138' title='bbox 1307 2576 1339 2637; x_wconf 91' lang='lat' dir='ltr'><strong>in</strong></span> <span class='ocrx_word' id='word_1_139' title='bbox 1379 2578 1526 2659; x_wconf 80' lang='lat' dir='ltr'><strong>Capitulo</strong></span> 
     </span>
     <span class='ocr_line' id='line_1_20' title="bbox 288 2681 1523 2763; baseline 0.005 -24"><span class='ocrx_word' id='word_1_140' title='bbox 288 2686 397 2741; x_wconf 88' lang='lat' dir='ltr'><strong>nostro</strong></span> <span class='ocrx_word' id='word_1_141' title='bbox 418 2681 604 2751; x_wconf 88' lang='lat' dir='ltr'><strong>Brechonie,</strong></span> <span class='ocrx_word' id='word_1_142' title='bbox 626 2681 676 2742; x_wconf 88' lang='lat' dir='ltr'><strong>die</strong></span> <span class='ocrx_word' id='word_1_143' title='bbox 700 2682 789 2744; x_wconf 88' lang='lat' dir='ltr'><strong>Jovis</strong></span> <span class='ocrx_word' id='word_1_144' title='bbox 817 2682 959 2761; x_wconf 83' lang='lat' dir='ltr'><strong>proximo</strong></span> <span class='ocrx_word' id='word_1_145' title='bbox 980 2688 1053 2762; x_wconf 89' lang='lat' dir='ltr'><strong>post</strong></span> <span class='ocrx_word' id='word_1_146' title='bbox 1078 2682 1194 2744; x_wconf 83' lang='lat' dir='ltr'><strong>festum</strong></span> <span class='ocrx_word' id='word_1_147' title='bbox 1219 2684 1322 2743; x_wconf 87' lang='lat' dir='ltr'><strong>sancti</strong></span> <span class='ocrx_word' id='word_1_148' title='bbox 1346 2684 1523 2763; x_wconf 84' lang='lat' dir='ltr'><strong>Augustini,</strong></span> 
     </span>
     <span class='ocr_line' id='line_1_21' title="bbox 288 2786 1320 2869; baseline 0.004 -24"><span class='ocrx_word' id='word_1_149' title='bbox 288 2786 459 2866; x_wconf 85' lang='lat' dir='ltr'><strong>Anglorum</strong></span> <span class='ocrx_word' id='word_1_150' title='bbox 487 2786 642 2866; x_wconf 88' lang='lat' dir='ltr'><strong>Apostoli,</strong></span> <span class='ocrx_word' id='word_1_151' title='bbox 670 2808 754 2849; x_wconf 91' lang='lat' dir='ltr'><strong>anno</strong></span> <span class='ocrx_word' id='word_1_152' title='bbox 783 2788 912 2848; x_wconf 91' lang='lat' dir='ltr'><strong>Domini</strong></span> <span class='ocrx_word' id='word_1_153' title='bbox 939 2788 1108 2849; x_wconf 88' lang='lat' dir='ltr'><strong>millesimo</strong></span> <span class='ocrx_word' id='word_1_154' title='bbox 1136 2788 1320 2869; x_wconf 79' lang='lat' dir='ltr'><strong>OOO⁰xxvj⁰.</strong></span> 
     </span>
    </p>
   </div>
   <div class='ocr_carea' id='block_1_6' title="bbox 288 3040 1523 3426">
    <p class='ocr_par' dir='ltr' id='par_1_6' title="bbox 288 3040 1523 3426">
     <span class='ocr_line' id='line_1_22' title="bbox 288 3040 1523 3125; baseline 0.005 -25"><span class='ocrx_word' id='word_1_155' title='bbox 288 3040 370 3101; x_wconf 78' lang='lat' dir='ltr'><strong>June</strong></span> <span class='ocrx_word' id='word_1_156' title='bbox 394 3041 630 3101; x_wconf 71' lang='lat' dir='ltr'><strong>eo-Widiaa</strong></span> <span class='ocrx_word' id='word_1_157' title='bbox 651 3042 689 3103; x_wconf 84' lang='lat' dir='ltr'><strong>de</strong></span> <span class='ocrx_word' id='word_1_158' title='bbox 712 3040 925 3125; x_wconf 78' lang='lat' dir='ltr'><strong>F[otonhepe],</strong></span> <span class='ocrx_word' id='word_1_159' title='bbox 949 3043 1182 3105; x_wconf 81' lang='lat' dir='ltr'><strong>commissioaed</strong></span> <span class='ocrx_word' id='word_1_160' title='bbox 1207 3044 1244 3122; x_wconf 76' lang='lat' dir='ltr'><strong>by</strong></span> <span class='ocrx_word' id='word_1_161' title='bbox 1270 3043 1319 3105; x_wconf 84' lang='lat' dir='ltr'><strong>the</strong></span> <span class='ocrx_word' id='word_1_162' title='bbox 1347 3044 1466 3125; x_wconf 83' lang='lat' dir='ltr'><strong>Bisbop</strong></span> <span class='ocrx_word' id='word_1_163' title='bbox 1494 3052 1523 3106; x_wconf 86' lang='lat' dir='ltr'><strong>to</strong></span> 
     </span>
     <span class='ocr_line' id='line_1_23' title="bbox 409 3122 1523 3205; baseline 0.004 -22"><span class='ocrx_word' id='word_1_164' title='bbox 409 3122 534 3201; x_wconf 63' lang='lat' dir='ltr'><strong>acquire</strong></span> <span class='ocrx_word' id='word_1_165' title='bbox 556 3122 622 3183; x_wconf 79' lang='lat' dir='ltr'><strong>into</strong></span> <span class='ocrx_word' id='word_1_166' title='bbox 647 3123 696 3183; x_wconf 81' lang='lat' dir='ltr'><strong>the</strong></span> <span class='ocrx_word' id='word_1_167' title='bbox 719 3143 853 3202; x_wconf 73' lang='lat' dir='ltr'><strong>coeoocp</strong></span> <span class='ocrx_word' id='word_1_168' title='bbox 875 3124 910 3203; x_wconf 86' lang='lat' dir='ltr'><strong>of</strong></span> <span class='ocrx_word' id='word_1_169' title='bbox 929 3125 1058 3203; x_wconf 74' lang='lat' dir='ltr'><strong>Bpford,</strong></span> <span class='ocrx_word' id='word_1_170' title='bbox 1084 3126 1212 3203; x_wconf 75' lang='lat' dir='ltr'><strong>certtfles</strong></span> <span class='ocrx_word' id='word_1_171' title='bbox 1238 3125 1287 3185; x_wconf 81' lang='lat' dir='ltr'><strong>the</strong></span> <span class='ocrx_word' id='word_1_172' title='bbox 1311 3125 1430 3205; x_wconf 80' lang='lat' dir='ltr'><strong>Bisbop</strong></span> <span class='ocrx_word' id='word_1_173' title='bbox 1456 3126 1523 3187; x_wconf 80' lang='lat' dir='ltr'><strong>thot</strong></span> 
     </span>
     <span class='ocr_line' id='line_1_24' title="bbox 410 3202 1523 3285; baseline 0.004 -22"><span class='ocrx_word' id='word_1_174' title='bbox 410 3202 460 3263; x_wconf 82' lang='lat' dir='ltr'><strong>the</strong></span> <span class='ocrx_word' id='word_1_175' title='bbox 483 3203 576 3263; x_wconf 80' lang='lat' dir='ltr'><strong>Prior</strong></span> <span class='ocrx_word' id='word_1_176' title='bbox 600 3203 664 3264; x_wconf 72' lang='lat' dir='ltr'><strong>atad</strong></span> <span class='ocrx_word' id='word_1_177' title='bbox 690 3203 824 3265; x_wconf 81' lang='lat' dir='ltr'><strong>Ooaveat</strong></span> <span class='ocrx_word' id='word_1_178' title='bbox 847 3205 883 3285; x_wconf 81' lang='lat' dir='ltr'><strong>of</strong></span> <span class='ocrx_word' id='word_1_179' title='bbox 906 3205 1025 3266; x_wconf 77' lang='lat' dir='ltr'><strong>Brocott</strong></span> <span class='ocrx_word' id='word_1_180' title='bbox 1048 3226 1101 3266; x_wconf 86' lang='lat' dir='ltr'><strong>ere</strong></span> <span class='ocrx_word' id='word_1_181' title='bbox 1126 3205 1175 3266; x_wconf 79' lang='lat' dir='ltr'><strong>tlte</strong></span> <span class='ocrx_word' id='word_1_182' title='bbox 1195 3212 1334 3285; x_wconf 76' lang='lat' dir='ltr'><strong>patrous,</strong></span> <span class='ocrx_word' id='word_1_183' title='bbox 1359 3214 1413 3267; x_wconf 84' lang='lat' dir='ltr'><strong>eto.</strong></span> <span class='ocrx_word' id='word_1_184' title='bbox 1424 3228 1435 3278; x_wconf 91' lang='lat'><em>;</em></span> <span class='ocrx_word' id='word_1_185' title='bbox 1470 3206 1523 3269; x_wconf 78' lang='lat' dir='ltr'><strong>bet</strong></span> 
     </span>
     <span class='ocr_line' id='line_1_25' title="bbox 409 3283 1522 3425; baseline 0.004 -81"><span class='ocrx_word' id='word_1_186' title='bbox 409 3283 445 3344; x_wconf 84' lang='lat' dir='ltr'><strong>he</strong></span> <span class='ocrx_word' id='word_1_187' title='bbox 472 3283 597 3425; x_wconf 50' lang='lat' dir='ltr'><strong>bffim</strong></span> <span class='ocrx_word' id='word_1_188' title='bbox 625 3284 693 3345; x_wconf 79' lang='lat' dir='ltr'><strong>ctat</strong></span> <span class='ocrx_word' id='word_1_189' title='bbox 721 3284 748 3346; x_wconf 82' lang='lat' dir='ltr'><strong>it</strong></span> <span class='ocrx_word' id='word_1_190' title='bbox 775 3284 803 3345; x_wconf 80' lang='lat' dir='ltr'><strong>is</strong></span> <span class='ocrx_word' id='word_1_191' title='bbox 833 3292 884 3345; x_wconf 83' lang='lat' dir='ltr'><strong>not</strong></span> <span class='ocrx_word' id='word_1_192' title='bbox 911 3292 1033 3359; x_wconf 81' lang='lat' dir='ltr'><strong>vocent,</strong></span> <span class='ocrx_word' id='word_1_193' title='bbox 1063 3286 1186 3347; x_wconf 79' lang='lat' dir='ltr'><strong>because</strong></span> <span class='ocrx_word' id='word_1_194' title='bbox 1218 3286 1263 3346; x_wconf 89' lang='lat' dir='ltr'><strong>W.</strong></span> <span class='ocrx_word' id='word_1_195' title='bbox 1288 3286 1325 3347; x_wconf 84' lang='lat' dir='ltr'><strong>de</strong></span> <span class='ocrx_word' id='word_1_196' title='bbox 1353 3288 1390 3347; x_wconf 90' lang='lat' dir='ltr'><strong>B.</strong></span> <span class='ocrx_word' id='word_1_197' title='bbox 1416 3286 1444 3349; x_wconf 81' lang='lat' dir='ltr'><strong>is</strong></span> <span class='ocrx_word' id='word_1_198' title='bbox 1475 3288 1522 3349; x_wconf 78' lang='lat' dir='ltr'><strong>tte</strong></span> 
     </span>
     <span class='ocr_line' id='line_1_26' title="bbox 408 3363 603 3426; baseline 0.015 -2"><span class='ocrx_word' id='word_1_199' title='bbox 408 3363 483 3426; x_wconf 79' lang='lat' dir='ltr'><strong>ioca</strong></span> <span class='ocrx_word' id='word_1_200' title='bbox 531 3368 603 3426; x_wconf 77' lang='lat' dir='ltr'><strong>eet.l</strong></span> 
     </span>
    </p>
   </div>
   <div class='ocr_carea' id='block_1_7' title="bbox 283 3518 1523 4975">
    <p class='ocr_par' dir='ltr' id='par_1_7' title="bbox 283 3518 1523 4975">
     <span class='ocr_line' id='line_1_27' title="bbox 367 3518 1522 3589; baseline 0.002 -8"><span class='ocrx_word' id='word_1_201' title='bbox 367 3518 671 3581; x_wconf 78' lang='lat' dir='ltr'><strong>Gasrrmesromou</strong></span> <span class='ocrx_word' id='word_1_202' title='bbox 705 3537 939 3589; x_wconf 78' lang='lat' dir='ltr'><strong>rueu1s1oror1s</strong></span> <span class='ocrx_word' id='word_1_203' title='bbox 970 3538 1073 3581; x_wconf 77' lang='lat' dir='ltr'><strong>sacru</strong></span> <span class='ocrx_word' id='word_1_204' title='bbox 1112 3540 1146 3581; x_wconf 79' lang='lat' dir='ltr'><strong>ru</strong></span> <span class='ocrx_word' id='word_1_205' title='bbox 1192 3539 1333 3583; x_wconf 80' lang='lat' dir='ltr'><strong>vsooc1o</strong></span> <span class='ocrx_word' id='word_1_206' title='bbox 1372 3540 1522 3583; x_wconf 77' lang='lat' dir='ltr'><strong>ascensu</strong></span> 
     </span>
     <span class='ocr_line' id='line_1_28' title="bbox 285 3624 1523 3706; baseline 0.004 -21"><span class='ocrx_word' id='word_1_207' title='bbox 285 3624 795 3687; x_wconf 70' lang='lat' dir='ltr'><strong>rmesurscmma-Reverendo</strong></span> <span class='ocrx_word' id='word_1_208' title='bbox 814 3626 847 3685; x_wconf 90' lang='lat' dir='ltr'><strong>iu</strong></span> <span class='ocrx_word' id='word_1_209' title='bbox 868 3625 996 3689; x_wconf 86' lang='lat' dir='ltr'><strong>Christo</strong></span> <span class='ocrx_word' id='word_1_210' title='bbox 1015 3626 1098 3706; x_wconf 88' lang='lat' dir='ltr'><strong>patri</strong></span> <span class='ocrx_word' id='word_1_211' title='bbox 1115 3632 1147 3688; x_wconf 90' lang='lat' dir='ltr'><strong>et</strong></span> <span class='ocrx_word' id='word_1_212' title='bbox 1168 3626 1296 3688; x_wconf 91' lang='lat' dir='ltr'><strong>domino</strong></span> <span class='ocrx_word' id='word_1_213' title='bbox 1313 3648 1380 3698; x_wconf 89' lang='lat' dir='ltr'><strong>suo,</strong></span> <span class='ocrx_word' id='word_1_214' title='bbox 1395 3628 1523 3690; x_wconf 91' lang='lat' dir='ltr'><strong>domino</strong></span> 
     </span>
     <span class='ocr_line' id='line_1_29' title="bbox 286 3730 1523 3813; baseline 0.002 -20"><span class='ocrx_word' id='word_1_215' title='bbox 286 3732 361 3804; x_wconf 88' lang='lat' dir='ltr'><strong>Ade,</strong></span> <span class='ocrx_word' id='word_1_216' title='bbox 383 3736 453 3805; x_wconf 80' lang='lat' dir='ltr'><strong>eto,</strong></span> <span class='ocrx_word' id='word_1_217' title='bbox 481 3752 558 3793; x_wconf 87' lang='lat' dir='ltr'><strong>suus</strong></span> <span class='ocrx_word' id='word_1_218' title='bbox 579 3730 757 3792; x_wconf 90' lang='lat' dir='ltr'><strong>Willelmus</strong></span> <span class='ocrx_word' id='word_1_219' title='bbox 778 3731 817 3792; x_wconf 90' lang='lat' dir='ltr'><strong>de</strong></span> <span class='ocrx_word' id='word_1_220' title='bbox 848 3730 894 3803; x_wconf 72' lang='lat' dir='ltr'><strong>P,</strong></span> <span class='ocrx_word' id='word_1_221' title='bbox 916 3730 1016 3811; x_wconf 88' lang='lat' dir='ltr'><strong>ipsius</strong></span> <span class='ocrx_word' id='word_1_222' title='bbox 1036 3732 1137 3812; x_wconf 89' lang='lat' dir='ltr'><strong>patris</strong></span> <span class='ocrx_word' id='word_1_223' title='bbox 1158 3732 1190 3791; x_wconf 91' lang='lat' dir='ltr'><strong>in</strong></span> <span class='ocrx_word' id='word_1_224' title='bbox 1219 3732 1360 3813; x_wconf 85' lang='lat' dir='ltr'><strong>ejusdem</strong></span> <span class='ocrx_word' id='word_1_225' title='bbox 1382 3732 1523 3795; x_wconf 90' lang='lat' dir='ltr'><strong>officialis</strong></span> 
     </span>
     <span class='ocr_line' id='line_1_30' title="bbox 284 3836 1523 3917; baseline -0.002 -14"><span class='ocrx_word' id='word_1_226' title='bbox 284 3838 432 3904; x_wconf 76' lang='lat' dir='ltr'><strong>absencia</strong></span> <span class='ocrx_word' id='word_1_227' title='bbox 465 3838 700 3899; x_wconf 87' lang='lat' dir='ltr'><strong>commissarius</strong></span> <span class='ocrx_word' id='word_1_228' title='bbox 744 3836 907 3917; x_wconf 87' lang='lat' dir='ltr'><strong>generalis,</strong></span> <span class='ocrx_word' id='word_1_229' title='bbox 953 3837 1178 3910; x_wconf 88' lang='lat' dir='ltr'><strong>obedienciam,</strong></span> <span class='ocrx_word' id='word_1_230' title='bbox 1218 3838 1438 3910; x_wconf 90' lang='lat' dir='ltr'><strong>reverenciam,</strong></span> <span class='ocrx_word' id='word_1_231' title='bbox 1490 3844 1523 3900; x_wconf 90' lang='lat' dir='ltr'><strong>et</strong></span> 
     </span>
     <span class='ocr_line' id='line_1_31' title="bbox 284 3943 1521 4024; baseline 0.002 -22"><span class='ocrx_word' id='word_1_232' title='bbox 284 3944 445 4006; x_wconf 90' lang='lat' dir='ltr'><strong>honorem.</strong></span> <span class='ocrx_word' id='word_1_233' title='bbox 487 3943 677 4004; x_wconf 85' lang='lat' dir='ltr'><strong>Mandatum</strong></span> <span class='ocrx_word' id='word_1_234' title='bbox 698 3949 838 4006; x_wconf 88' lang='lat' dir='ltr'><strong>vestrum</strong></span> <span class='ocrx_word' id='word_1_235' title='bbox 870 3962 972 4024; x_wconf 89' lang='lat' dir='ltr'><strong>nuper</strong></span> <span class='ocrx_word' id='word_1_236' title='bbox 996 3944 1098 4024; x_wconf 88' lang='lat' dir='ltr'><strong>recepi</strong></span> <span class='ocrx_word' id='word_1_237' title='bbox 1124 3950 1265 4005; x_wconf 88' lang='lat' dir='ltr'><strong>tenorem</strong></span> <span class='ocrx_word' id='word_1_238' title='bbox 1287 3945 1454 4005; x_wconf 79' lang='lat' dir='ltr'><strong>continens</strong></span> <span class='ocrx_word' id='word_1_239' title='bbox 1475 3944 1521 4005; x_wconf 90' lang='lat' dir='ltr'><strong>in-</strong></span> 
     </span>
     <span class='ocr_line' id='line_1_32' title="bbox 284 4049 1522 4130; baseline -0.001 -19"><span class='ocrx_word' id='word_1_240' title='bbox 284 4049 657 4130; x_wconf 68' lang='lat' dir='ltr'><strong>frascriptum-Adam,</strong></span> <span class='ocrx_word' id='word_1_241' title='bbox 680 4056 750 4121; x_wconf 72' lang='lat' dir='ltr'><strong>etc,</strong></span> <span class='ocrx_word' id='word_1_242' title='bbox 775 4050 890 4111; x_wconf 88' lang='lat' dir='ltr'><strong>dilecto</strong></span> <span class='ocrx_word' id='word_1_243' title='bbox 914 4050 948 4109; x_wconf 91' lang='lat' dir='ltr'><strong>in</strong></span> <span class='ocrx_word' id='word_1_244' title='bbox 973 4049 1100 4112; x_wconf 83' lang='lat' dir='ltr'><strong>Christo</strong></span> <span class='ocrx_word' id='word_1_245' title='bbox 1124 4050 1197 4122; x_wconf 90' lang='lat' dir='ltr'><strong>filio,</strong></span> <span class='ocrx_word' id='word_1_246' title='bbox 1228 4050 1378 4130; x_wconf 87' lang='lat' dir='ltr'><strong>magistro</strong></span> <span class='ocrx_word' id='word_1_247' title='bbox 1403 4050 1454 4111; x_wconf 92' lang='lat' dir='ltr'><strong>W.</strong></span> <span class='ocrx_word' id='word_1_248' title='bbox 1483 4050 1522 4111; x_wconf 86' lang='lat' dir='ltr'><strong>de</strong></span> 
     </span>
     <span class='ocr_line' id='line_1_33' title="bbox 284 4154 1522 4235; baseline 0.002 -20"><span class='ocrx_word' id='word_1_249' title='bbox 284 4154 330 4228; x_wconf 66' lang='lat' dir='ltr'><strong>tt,</strong></span> <span class='ocrx_word' id='word_1_250' title='bbox 345 4154 472 4217; x_wconf 86' lang='lat' dir='ltr'><strong>Rectori</strong></span> <span class='ocrx_word' id='word_1_251' title='bbox 493 4154 624 4216; x_wconf 88' lang='lat' dir='ltr'><strong>ecclesie</strong></span> <span class='ocrx_word' id='word_1_252' title='bbox 642 4154 681 4216; x_wconf 87' lang='lat' dir='ltr'><strong>de</strong></span> <span class='ocrx_word' id='word_1_253' title='bbox 696 4155 876 4235; x_wconf 90' lang='lat' dir='ltr'><strong>Westbury,</strong></span> <span class='ocrx_word' id='word_1_254' title='bbox 891 4161 1000 4217; x_wconf 88' lang='lat' dir='ltr'><strong>nostre</strong></span> <span class='ocrx_word' id='word_1_255' title='bbox 1021 4156 1164 4227; x_wconf 88' lang='lat' dir='ltr'><strong>diocesis,</strong></span> <span class='ocrx_word' id='word_1_256' title='bbox 1179 4162 1289 4217; x_wconf 89' lang='lat' dir='ltr'><strong>nostro</strong></span> <span class='ocrx_word' id='word_1_257' title='bbox 1306 4156 1522 4217; x_wconf 89' lang='lat' dir='ltr'><strong>commissario</strong></span> 
     </span>
     <span class='ocr_line' id='line_1_34' title="bbox 283 4260 1522 4341; baseline -0.002 -18"><span class='ocrx_word' id='word_1_258' title='bbox 283 4260 429 4341; x_wconf 84' lang='lat' dir='ltr'><strong>generali,</strong></span> <span class='ocrx_word' id='word_1_259' title='bbox 451 4260 596 4332; x_wconf 86' lang='lat' dir='ltr'><strong>salutem,</strong></span> <span class='ocrx_word' id='word_1_260' title='bbox 623 4265 683 4322; x_wconf 89' lang='lat' dir='ltr'><strong>eto.</strong></span> <span class='ocrx_word' id='word_1_261' title='bbox 746 4261 976 4322; x_wconf 86' lang='lat' dir='ltr'><strong>Preeentarunt</strong></span> <span class='ocrx_word' id='word_1_262' title='bbox 1006 4260 1098 4323; x_wconf 88' lang='lat' dir='ltr'><strong>nobis</strong></span> <span class='ocrx_word' id='word_1_263' title='bbox 1121 4261 1257 4340; x_wconf 77' lang='lat' dir='ltr'><strong>religiosi</strong></span> <span class='ocrx_word' id='word_1_264' title='bbox 1287 4261 1355 4333; x_wconf 87' lang='lat' dir='ltr'><strong>viri,</strong></span> <span class='ocrx_word' id='word_1_265' title='bbox 1376 4262 1466 4322; x_wconf 89' lang='lat' dir='ltr'><strong>Prior</strong></span> <span class='ocrx_word' id='word_1_266' title='bbox 1489 4268 1522 4323; x_wconf 91' lang='lat' dir='ltr'><strong>et</strong></span> 
     </span>
     <span class='ocr_line' id='line_1_35' title="bbox 285 4364 1520 4447; baseline 0 -18"><span class='ocrx_word' id='word_1_267' title='bbox 285 4364 467 4429; x_wconf 74' lang='lat' dir='ltr'><strong>Conventus</strong></span> <span class='ocrx_word' id='word_1_268' title='bbox 486 4366 673 4428; x_wconf 88' lang='lat' dir='ltr'><strong>Monasterii</strong></span> <span class='ocrx_word' id='word_1_269' title='bbox 692 4366 731 4428; x_wconf 90' lang='lat' dir='ltr'><strong>de</strong></span> <span class='ocrx_word' id='word_1_270' title='bbox 748 4366 912 4438; x_wconf 87' lang='lat' dir='ltr'><strong>Breconia,</strong></span> <span class='ocrx_word' id='word_1_271' title='bbox 930 4367 1117 4447; x_wconf 84' lang='lat' dir='ltr'><strong>magistrum</strong></span> <span class='ocrx_word' id='word_1_272' title='bbox 1134 4366 1302 4446; x_wconf 82' lang='lat' dir='ltr'><strong>Hugonem</strong></span> <span class='ocrx_word' id='word_1_273' title='bbox 1323 4366 1362 4428; x_wconf 90' lang='lat' dir='ltr'><strong>de</strong></span> <span class='ocrx_word' id='word_1_274' title='bbox 1381 4366 1520 4439; x_wconf 87' lang='lat' dir='ltr'><strong>Barewe,</strong></span> 
     </span>
     <span class='ocr_line' id='line_1_36' title="bbox 284 4470 1521 4552; baseline 0 -19"><span class='ocrx_word' id='word_1_275' title='bbox 284 4470 440 4543; x_wconf 85' lang='lat' dir='ltr'><strong>clericum,</strong></span> <span class='ocrx_word' id='word_1_276' title='bbox 462 4471 502 4532; x_wconf 85' lang='lat' dir='ltr'><strong>ad</strong></span> <span class='ocrx_word' id='word_1_277' title='bbox 523 4470 689 4532; x_wconf 88' lang='lat' dir='ltr'><strong>ecclesiam</strong></span> <span class='ocrx_word' id='word_1_278' title='bbox 710 4471 749 4533; x_wconf 90' lang='lat' dir='ltr'><strong>de</strong></span> <span class='ocrx_word' id='word_1_279' title='bbox 772 4471 902 4552; x_wconf 85' lang='lat' dir='ltr'><strong>Byford,</strong></span> <span class='ocrx_word' id='word_1_280' title='bbox 925 4477 1034 4532; x_wconf 87' lang='lat' dir='ltr'><strong>nostre</strong></span> <span class='ocrx_word' id='word_1_281' title='bbox 1058 4470 1201 4543; x_wconf 84' lang='lat' dir='ltr'><strong>diocesis,</strong></span> <span class='ocrx_word' id='word_1_282' title='bbox 1228 4476 1402 4544; x_wconf 86' lang='lat' dir='ltr'><strong>vacantem,</strong></span> <span class='ocrx_word' id='word_1_283' title='bbox 1428 4479 1460 4532; x_wconf 91' lang='lat' dir='ltr'><strong>et</strong></span> <span class='ocrx_word' id='word_1_284' title='bbox 1481 4472 1521 4533; x_wconf 85' lang='lat' dir='ltr'><strong>ed</strong></span> 
     </span>
     <span class='ocr_line' id='line_1_37' title="bbox 283 4577 1522 4659; baseline 0.001 -20"><span class='ocrx_word' id='word_1_285' title='bbox 283 4596 374 4639; x_wconf 80' lang='lat' dir='ltr'><strong>suam</strong></span> <span class='ocrx_word' id='word_1_286' title='bbox 407 4578 680 4659; x_wconf 75' lang='lat' dir='ltr'><strong>presentationem</strong></span> <span class='ocrx_word' id='word_1_287' title='bbox 707 4583 915 4658; x_wconf 86' lang='lat' dir='ltr'><strong>spectantem,</strong></span> <span class='ocrx_word' id='word_1_288' title='bbox 947 4583 985 4638; x_wconf 90' lang='lat' dir='ltr'><strong>nt</strong></span> <span class='ocrx_word' id='word_1_289' title='bbox 1015 4577 1134 4639; x_wconf 85' lang='lat' dir='ltr'><strong>dieunt.</strong></span> <span class='ocrx_word' id='word_1_290' title='bbox 1192 4577 1354 4652; x_wconf 82' lang='lat' dir='ltr'><strong>Quocirca,</strong></span> <span class='ocrx_word' id='word_1_291' title='bbox 1387 4584 1456 4651; x_wconf 79' lang='lat' dir='ltr'><strong>etc,</strong></span> <span class='ocrx_word' id='word_1_292' title='bbox 1485 4586 1522 4640; x_wconf 89' lang='lat' dir='ltr'><strong>ut</strong></span> 
     </span>
     <span class='ocr_line' id='line_1_38' title="bbox 283 4682 1520 4763; baseline -0.001 -19"><span class='ocrx_word' id='word_1_293' title='bbox 283 4684 380 4746; x_wconf 87' lang='lat' dir='ltr'><strong>moris</strong></span> <span class='ocrx_word' id='word_1_294' title='bbox 403 4688 462 4745; x_wconf 89' lang='lat' dir='ltr'><strong>est.</strong></span> <span class='ocrx_word' id='word_1_295' title='bbox 518 4684 639 4744; x_wconf 90' lang='lat' dir='ltr'><strong>Datum</strong></span> <span class='ocrx_word' id='word_1_296' title='bbox 663 4682 841 4755; x_wconf 80' lang='lat' dir='ltr'><strong>(lantuarie,</strong></span> <span class='ocrx_word' id='word_1_297' title='bbox 869 4684 914 4763; x_wconf 82' lang='lat' dir='ltr'><strong>vj⁰</strong></span> <span class='ocrx_word' id='word_1_298' title='bbox 934 4683 986 4745; x_wconf 91' lang='lat' dir='ltr'><strong>die</strong></span> <span class='ocrx_word' id='word_1_299' title='bbox 1012 4682 1131 4743; x_wconf 86' lang='lat' dir='ltr'><strong>mensis</strong></span> <span class='ocrx_word' id='word_1_300' title='bbox 1159 4682 1179 4742; x_wconf 90' lang='lat' dir='ltr'><strong>J</strong></span> <span class='ocrx_word' id='word_1_301' title='bbox 1182 4683 1256 4755; x_wconf 90' lang='lat' dir='ltr'><strong>unii,</strong></span> <span class='ocrx_word' id='word_1_302' title='bbox 1279 4702 1363 4744; x_wconf 90' lang='lat' dir='ltr'><strong>anno</strong></span> <span class='ocrx_word' id='word_1_303' title='bbox 1391 4684 1520 4744; x_wconf 90' lang='lat' dir='ltr'><strong>Domini</strong></span> 
     </span>
     <span class='ocr_line' id='line_1_39' title="bbox 283 4788 1520 4872; baseline -0.002 -21"><span class='ocrx_word' id='word_1_304' title='bbox 283 4790 450 4852; x_wconf 89' lang='lat' dir='ltr'><strong>millesimo</strong></span> <span class='ocrx_word' id='word_1_305' title='bbox 482 4790 665 4872; x_wconf 76' lang='lat' dir='ltr'><strong>000⁰xxvj⁰,</strong></span> <span class='ocrx_word' id='word_1_306' title='bbox 693 4796 752 4853; x_wconf 91' lang='lat' dir='ltr'><strong>eto.</strong></span> <span class='ocrx_word' id='word_1_307' title='bbox 809 4790 1004 4871; x_wconf 86' lang='lat' dir='ltr'><strong>Hujusmodi</strong></span> <span class='ocrx_word' id='word_1_308' title='bbox 1034 4788 1131 4870; x_wconf 84' lang='lat' dir='ltr'><strong>igitur</strong></span> <span class='ocrx_word' id='word_1_309' title='bbox 1161 4790 1348 4851; x_wconf 87' lang='lat' dir='ltr'><strong>auctoritate</strong></span> <span class='ocrx_word' id='word_1_310' title='bbox 1380 4790 1520 4851; x_wconf 87' lang='lat' dir='ltr'><strong>mandati</strong></span> 
     </span>
     <span class='ocr_line' id='line_1_40' title="bbox 283 4892 1521 4975; baseline 0 -19"><span class='ocrx_word' id='word_1_311' title='bbox 283 4894 334 4957; x_wconf 89' lang='lat' dir='ltr'><strong>die</strong></span> <span class='ocrx_word' id='word_1_312' title='bbox 359 4894 472 4957; x_wconf 85' lang='lat' dir='ltr'><strong>Martis</strong></span> <span class='ocrx_word' id='word_1_313' title='bbox 493 4894 637 4975; x_wconf 87' lang='lat' dir='ltr'><strong>proximo</strong></span> <span class='ocrx_word' id='word_1_314' title='bbox 656 4900 729 4975; x_wconf 88' lang='lat' dir='ltr'><strong>post</strong></span> <span class='ocrx_word' id='word_1_315' title='bbox 756 4892 874 4957; x_wconf 83' lang='lat' dir='ltr'><strong>festum</strong></span> <span class='ocrx_word' id='word_1_316' title='bbox 898 4894 1123 4974; x_wconf 89' lang='lat' dir='ltr'><strong>Apostolorum</strong></span> <span class='ocrx_word' id='word_1_317' title='bbox 1147 4892 1233 4955; x_wconf 88' lang='lat' dir='ltr'><strong>Petri</strong></span> <span class='ocrx_word' id='word_1_318' title='bbox 1258 4900 1290 4955; x_wconf 88' lang='lat' dir='ltr'><strong>et</strong></span> <span class='ocrx_word' id='word_1_319' title='bbox 1315 4894 1415 4967; x_wconf 90' lang='lat' dir='ltr'><strong>Pauli,</strong></span> <span class='ocrx_word' id='word_1_320' title='bbox 1437 4914 1521 4956; x_wconf 90' lang='lat' dir='ltr'><strong>anno</strong></span> 
     </span>
    </p>
   </div>
   <div class='ocr_carea' id='block_1_8' title="bbox 277 5024 1522 5202">
    <p class='ocr_par' dir='ltr' id='par_1_8' title="bbox 277 5024 1522 5202">
     <span class='ocr_line' id='line_1_41' title="bbox 344 5024 1522 5079; baseline -0.001 -7"><span class='ocrx_word' id='word_1_321' title='bbox 344 5032 403 5073; x_wconf 85' lang='lat' dir='ltr'><strong>l-lt</strong></span> <span class='ocrx_word' id='word_1_322' title='bbox 416 5030 438 5073; x_wconf 76' lang='lat' dir='ltr'><strong>lt</strong></span> <span class='ocrx_word' id='word_1_323' title='bbox 449 5030 502 5079; x_wconf 74' lang='lat' dir='ltr'><strong>just</strong></span> <span class='ocrx_word' id='word_1_324' title='bbox 515 5030 619 5079; x_wconf 73' lang='lat' dir='ltr'><strong>possible</strong></span> <span class='ocrx_word' id='word_1_325' title='bbox 630 5031 686 5073; x_wconf 82' lang='lat' dir='ltr'><strong>that</strong></span> <span class='ocrx_word' id='word_1_326' title='bbox 700 5024 714 5042; x_wconf 79' lang='lat'><strong>¹¹</strong></span> <span class='ocrx_word' id='word_1_327' title='bbox 722 5030 759 5071; x_wconf 87' lang='lat' dir='ltr'><strong>W.</strong></span> <span class='ocrx_word' id='word_1_328' title='bbox 768 5029 798 5072; x_wconf 81' lang='lat' dir='ltr'><strong>de</strong></span> <span class='ocrx_word' id='word_1_329' title='bbox 811 5031 857 5071; x_wconf 84' lang='lat' dir='ltr'>B.’&#39;</span> <span class='ocrx_word' id='word_1_330' title='bbox 870 5030 891 5071; x_wconf 86' lang='lat' dir='ltr'><strong>ls</strong></span> <span class='ocrx_word' id='word_1_331' title='bbox 905 5032 988 5071; x_wconf 79' lang='lat' dir='ltr'><strong>meant</strong></span> <span class='ocrx_word' id='word_1_332' title='bbox 996 5028 1034 5071; x_wconf 82' lang='lat' dir='ltr'><strong>ior</strong></span> <span class='ocrx_word' id='word_1_333' title='bbox 1043 5029 1080 5070; x_wconf 90' lang='lat' dir='ltr'><strong>W.</strong></span> <span class='ocrx_word' id='word_1_334' title='bbox 1090 5028 1119 5070; x_wconf 79' lang='lat' dir='ltr'><strong>de</strong></span> <span class='ocrx_word' id='word_1_335' title='bbox 1133 5028 1280 5077; x_wconf 67' lang='lat' dir='ltr'><strong>Pernbrldee.</strong></span> <span class='ocrx_word' id='word_1_336' title='bbox 1290 5028 1336 5070; x_wconf 81' lang='lat' dir='ltr'><strong>and</strong></span> <span class='ocrx_word' id='word_1_337' title='bbox 1350 5030 1406 5072; x_wconf 79' lang='lat' dir='ltr'><strong>that</strong></span> <span class='ocrx_word' id='word_1_338' title='bbox 1418 5030 1522 5072; x_wconf 80' lang='lat' dir='ltr'><strong>william</strong></span> 
     </span>
     <span class='ocr_line' id='line_1_42' title="bbox 277 5090 1522 5141; baseline 0 -6"><span class='ocrx_word' id='word_1_339' title='bbox 277 5091 310 5135; x_wconf 74' lang='lat' dir='ltr'><strong>do</strong></span> <span class='ocrx_word' id='word_1_340' title='bbox 322 5094 456 5141; x_wconf 74' lang='lat' dir='ltr'><strong>Potvnhoot</strong></span> <span class='ocrx_word' id='word_1_341' title='bbox 467 5102 520 5136; x_wconf 73' lang='lat' dir='ltr'><strong>m</strong></span> <span class='ocrx_word' id='word_1_342' title='bbox 532 5102 647 5134; x_wconf 71' lang='lat' dir='ltr'><strong>anama</strong></span> <span class='ocrx_word' id='word_1_343' title='bbox 658 5090 684 5134; x_wconf 80' lang='lat' dir='ltr'><strong>ot</strong></span> <span class='ocrx_word' id='word_1_344' title='bbox 692 5091 732 5133; x_wconf 69' lang='lat' dir='ltr'><strong>tta</strong></span> <span class='ocrx_word' id='word_1_345' title='bbox 743 5092 897 5139; x_wconf 66' lang='lat' dir='ltr'><strong>missatica.</strong></span> <span class='ocrx_word' id='word_1_346' title='bbox 924 5092 952 5132; x_wconf 86' lang='lat' dir='ltr'><strong>lo</strong></span> <span class='ocrx_word' id='word_1_347' title='bbox 961 5100 1010 5138; x_wconf 73' lang='lat' dir='ltr'><strong>aar</strong></span> <span class='ocrx_word' id='word_1_348' title='bbox 1022 5102 1079 5133; x_wconf 76' lang='lat' dir='ltr'><strong>case</strong></span> <span class='ocrx_word' id='word_1_349' title='bbox 1087 5092 1129 5133; x_wconf 75' lang='lat' dir='ltr'><strong>tte</strong></span> <span class='ocrx_word' id='word_1_350' title='bbox 1140 5091 1237 5137; x_wconf 74' lang='lat' dir='ltr'><strong>Biston,</strong></span> <span class='ocrx_word' id='word_1_351' title='bbox 1246 5101 1277 5132; x_wconf 89' lang='lat' dir='ltr'><strong>en</strong></span> <span class='ocrx_word' id='word_1_352' title='bbox 1286 5092 1343 5138; x_wconf 76' lang='lat' dir='ltr'><strong>tuly</strong></span> <span class='ocrx_word' id='word_1_353' title='bbox 1351 5094 1384 5138; x_wconf 84' lang='lat'><strong>21,</strong></span> <span class='ocrx_word' id='word_1_354' title='bbox 1394 5092 1522 5135; x_wconf 78' lang='lat' dir='ltr'><strong>instituted</strong></span> 
     </span>
     <span class='ocr_line' id='line_1_43' title="bbox 282 5152 883 5202; baseline -0.002 -6"><span class='ocrx_word' id='word_1_355' title='bbox 282 5152 658 5202; x_wconf 69' lang='lat' dir='ltr'><strong>umtotmmtoeytord.</strong></span> <span class='ocrx_word' id='word_1_356' title='bbox 699 5154 883 5202; x_wconf 63' lang='lat' dir='ltr'><strong>eumaem.</strong></span> 
     </span>
    </p>
   </div>
   <div class='ocr_carea' id='block_1_9' title="bbox 0 0 1930 5917">
    <p class='ocr_par' dir='ltr' id='par_1_9' title="bbox 0 0 1930 5917">
     <span class='ocr_line' id='line_1_44' title="bbox 0 0 1930 5917; baseline 0 0"><span class='ocrx_word' id='word_1_357' title='bbox 0 0 1930 5917; x_wconf 95' lang='lat' dir='ltr'><strong> </strong></span> 
     </span>
    </p>
   </div>
  </div>
 </body>
</html>
