3850 5917
400 692 459 752 362
777 692 956 771 Rapistrcm
983 692 1049 754 Ado
1075 692 1113 754 de
1142 692 1266 754 Orlctm

231 922 359 963 A·1>·¹³2⁶·
402 916 585 987 Herelorde,
608 916 729 987 clerlco,
752 915 896 988 salutem,
917 920 978 977 etc.
1021 915 1156 976 Justicie
1186 915 1328 977 debitum
1349 913 1460 996 exequi
1481 916 1640 976 credimus

402 1021 429 1083 si
464 1028 574 1083 contra
608 1021 893 1101 calumpniancium
933 1020 1063 1083 insidias
1098 1021 1282 1083 innocencie
1310 1026 1343 1082 et
1384 1021 1509 1082 veritati
1551 1022 1642 1082 testi·

403 1127 544 1188 monium
565 1127 776 1207 perhibemus.
806 1127 886 1187 Cum
906 1126 1001 1206 igitur
1022 1127 1141 1188 dudum
1157 1147 1252 1206 super
1270 1126 1454 1187 criminibus
1477 1126 1641 1187 homicidii

403 1239 436 1294 et
466 1233 710 1313 depredacionis,
740 1232 885 1293 videlicet
915 1232 955 1293 de
986 1238 1088 1293 morte
1118 1232 1239 1293 Thome
1284 1252 1324 1311 ap
1352 1231 1479 1302 Robert‚
1508 1230 1585 1292 dicti
1612 1231 1644 1291 le

403 1339 522 1400 Gheser
542 1340 581 1399 de
602 1338 759 1410 Olifforde,
788 1344 820 1399 et
841 1339 880 1398 de
901 1338 1128 1418 depredacione
1156 1338 1196 1418 xij
1227 1357 1389 1400 caseorum
1421 1337 1518 1417 precii
1543 1338 1640 1398 trium

404 1445 575 1506 solidorum
604 1450 637 1505 et
671 1444 767 1504 trium
795 1443 1004 1516 denariorum,
1029 1450 1061 1504 et
1092 1444 1131 1504 de
1160 1464 1216 1505 sex
1236 1444 1408 1505 solidorum
1445 1449 1478 1504 et
1508 1444 1641 1503 duorum

404 1551 603 1612 denariorum
638 1550 859 1630 sterlingorum
883 1550 984 1629 ipsius
1018 1550 1148 1619 Thome,
1187 1549 1253 1620 tibi,
1286 1554 1322 1609 ut
1351 1549 1522 1620 dicebatur,
1557 1548 1640 1608 falso

403 1656 569 1735 impositis,
595 1676 699 1717 coram
730 1656 834 1736 judice
862 1655 994 1717 seculari
1032 1656 1147 1716 fuisses
1168 1654 1207 1715 de
1230 1655 1315 1715 facto
1344 1654 1516 1725 convictus,
1544 1660 1577 1713 et
1597 1654 1640 1714 ob

404 1762 463 1823 hoc
493 1769 600 1823 nostre
635 1762 777 1835 custodie
819 1760 975 1833 carcerali,
1015 1760 1189 1821 secundum
1225 1758 1381 1820 libertatis
1428 1758 1639 1819 ecclesiastice

404 1854 606 1948 exigenciam,
627 1868 786 1939 liberatus,
808 1887 876 1938 nos,
905 1866 1047 1928 volentes
1067 1866 1146 1946 juris
1166 1865 1309 1927 ordinem
1331 1864 1385 1945 qui
1406 1864 1438 1924 in
1468 1865 1528 1925 hac
1551 1869 1642 1943 parte

404 1975 573 2055 requiritur
586 1975 760 2045 observare,
782 1993 877 2053 super
897 1973 982 2033 fama
995 1978 1051 2032 tua
1071 1977 1104 2033 et
1124 1972 1257 2033 veritate
1277 1971 1353 2031 iacti
1378 1971 1494 2050 inquiri
1508 1971 1641 2031 fecimus

403 2081 577 2161 diligenter,
608 2100 742 2161 cumque
771 2099 827 2159 per
862 2078 1103 2159 inquisicionem
1139 2077 1320 2157 hujusmodi
1356 2076 1389 2136 iu
1428 2076 1529 2137 forma
1561 2075 1642 2155 juris

403 2186 542 2265 legitime
563 2186 679 2246 factam
701 2184 797 2245 nichil
819 2190 1015 2264 compertum
1036 2204 1093 2245 seu
1125 2184 1243 2264 aliquid
1271 2189 1381 2245 contra
1412 2187 1444 2244 te
1472 2183 1639 2262 probatum

405 2290 499 2352 fuerit
528 2274 696 2371 quominus
724 2291 763 2351 ad
793 2295 880 2350 tuam
914 2290 1137 2369 purgacionem
1164 2278 1207 2350 et'
1227 2288 1449 2349 liberacionem
1473 2288 1642 2367 procedere

405 2397 598 2468 deberemus,
630 2396 722 2457 factis
746 2396 893 2475 primitus
920 2396 1054 2475 publicis
1085 2395 1387 2475 proclamacionibus
1418 2399 1451 2455 et
1472 2394 1639 2454 denuncia-

406 2502 548 2563 cionibus
579 2502 738 2563 consuetis
768 2507 800 2563 et
832 2501 945 2563 debitis
980 2502 1012 2561 in
1040 2502 1101 2562 hac
1131 2506 1229 2582 parte,
1261 2501 1469 2581 omnibusque
1509 2520 1642 2579 quorum

406 2607 538 2668 interest
559 2608 592 2667 in
609 2608 668 2668 hec
685 2613 774 2687 parte
790 2607 928 2687 legitime
943 2608 1091 2679 evocatis,
1105 2607 1327 2688 purgacionem
1344 2611 1432 2667 tuam
1447 2606 1641 2675 canonicam,

407 2714 457 2773 cui
478 2713 583 2774 nullus
605 2733 639 2774 se
660 2713 817 2792 opposuit,
839 2732 933 2792 super
955 2712 1086 2773 crimine
1106 2712 1247 2792 predicto
1270 2712 1366 2791 recipi
1390 2716 1472 2772 otte
1492 2712 1643 2772 canonice

406 2825 572 2898 purgatum
598 2819 695 2880 statui
723 2822 755 2878 et
783 2818 866 2879 lame
890 2817 1042 2897 pristinis,
1067 2816 1326 2878 concurrentibus
1350 2816 1497 2878 omnibus
1521 2836 1583 2897 que
1609 2816 1642 2875 in

405 2925 465 2985 hae
485 2929 575 3003 parte
595 2925 633 2984 de
664 2924 733 3002 jure
753 2923 802 2984 vel
831 2923 1058 2983 consuetudine
1082 2922 1293 3003 requiruntur,
1324 2922 1430 2983 reduci
1458 2927 1491 2984 et
1515 2924 1639 2983 restitui

403 3029 544 3101 fecimus,
566 3034 598 3089 et
619 3034 765 3090 anostra
786 3027 931 3088 carcerali
961 3028 1104 3088 custodia
1124 3028 1312 3088 auctoritate
1332 3028 1480 3088 ordinarii
1502 3028 1638 3088 liberari.

405 3135 448 3195 Et
468 3156 509 3196 ne
540 3134 644 3214 aliqua
674 3140 802 3213 propter
829 3134 890 3194 hoc
923 3140 1013 3193 nota¹
1029 3133 1078 3194 val
1109 3132 1240 3193 infamia
1272 3132 1375 3212 possis
1405 3133 1552 3213 respergi,
1584 3133 1643 3193 has

405 3247 530 3301 nostras
550 3240 672 3301 litteras
693 3241 750 3301 tibi
778 3240 923 3301 duximus
945 3239 1160 3319 indulgendas,
1182 3239 1295 3319 quibus
1323 3243 1434 3298 contra
1453 3238 1641 3300 latrancium

407 3367 530 3408 morsus
551 3352 639 3407 tutus
661 3352 693 3407 et
723 3346 921 3426 premunitus
949 3345 1076 3416 existas,
1108 3350 1141 3406 et
1170 3365 1248 3425 quas
1278 3344 1312 3403 in
1343 3344 1561 3405 testimonium
1588 3350 1644 3405 tue

406 3452 588 3514 innocencie
608 3452 713 3513 valeas
734 3451 958 3513 demonstrare.
1002 3451 1121 3511 Datum
1143 3449 1227 3529 apud
1255 3449 1515 3529 Schenynglelde,
1536 3459 1568 3509 x⁰
1592 3450 1644 3511 die

407 3558 525 3619 mensis
553 3558 639 3629 Maii,
662 3578 745 3619 auno
768 3557 896 3617 Domini
918 3555 1150 3635 M0oco⁰xxvja

408 3844 488 3905 June
512 3840 836 3902 20.—Memorondum
865 3840 932 3900 tlact
960 3840 1010 3900 ihc
1037 3838 1254 3919 Arcbbishop'e
1282 3839 1431 3900 Morrdctc
1458 3840 1640 3916 corrceminq

526 3921 740 4001 procuratione
763 3922 817 4000 for
845 3921 894 3981 tte
922 3921 1024 3999 Papol
1052 3920 1190 3981 Ncncioc
1219 3920 1274 3981 hae
1300 3920 1369 3980 been
1394 3919 1470 3997 dely
1493 3919 1638 3989 received,

529 4004 592 4063 arrd
618 4003 666 4063 the
690 4001 905 4081 collectiones
930 4002 978 4061 the
1002 4020 1084 4061 eante
1109 4001 1262 4061 intruslcd
1287 4008 1316 4061 to
1348 4000 1489 4060 Willicm
1515 4000 1641 4061 Russell

529 4084 576 4162 [cle
600 4082 795 4164 chabcpel.
854 4082 901 4143 Oc
926 4082 1002 4159 Juiy
1030 4085 1071 4141 24
1096 4082 1145 4142 the
1173 4081 1292 4161 Bichop
1316 4080 1444 4159 certcfies
1469 4081 1519 4141 the
1543 4081 1639 4142 Arch-

531 4164 637 4243 bishcp
669 4164 736 4223 rtet
772 4163 820 4223 tte
844 4171 970 4223 coccum
997 4162 1137 4223 collected
1166 4163 1221 4222 hcc
1249 4163 1320 4222 been
1347 4162 1525 4241 foncorded
1553 4162 1592 4240 by
1620 4182 1641 4221 a

531 4252 629 4323 triuiy
654 4264 819 4322 cussacpcr
843 4251 872 4304 to
898 4244 946 4304 the
970 4242 1065 4304 Prior
1094 4243 1140 4322 [of
1161 4242 1370 4324 SccthwcrkJ.

490 4426 731 4488 Memoraudum
762 4426 846 4505 quod
878 4426 934 4504 xij⁰
964 4425 1033 4485 Kal.
1065 4424 1142 4485 Julii
1172 4430 1334 4503 receptum
1365 4423 1426 4484 luit
1456 4423 1641 4483 mandatnm

409 4532 643 4612 Archiepiscopi
672 4531 711 4593 de
741 4531 881 4592 levandis
913 4529 1188 4610 procuracionibns
1217 4529 1403 4590 nunciorum
1438 4529 1527 4589 Sedis
1560 4529 1641 4608 Apo·

409 4639 517 4700 stolice
539 4644 570 4699 et
592 4637 759 4699 commissa
780 4636 925 4697 execucio
946 4636 1096 4715 magistro
1118 4634 1168 4696 W.
1190 4633 1313 4704 Rossel,
1336 4633 1561 4693 commissario.

490 4766 533 4825 Et
554 4764 651 4844 xxiiij⁰
678 4764 727 4824 die
755 4764 896 4843 ejusdem
928 4764 1055 4836 mensis,
1087 4763 1171 4843 apud
1208 4761 1465 4841 Schenyngfelde,
1496 4762 1645 4825 dominus

408 4872 584 4953 Episcopus
606 4863 788 4931 certificavit
810 4868 1088 4949 Archiepiscopum
1112 4868 1146 4928 in
1173 4868 1233 4928 hac
1254 4866 1354 4927 forma
1369 4866 1526 4945 2-Hujus
1547 4867 1644 4947 igitur

410 4978 595 5038 auctoritate
627 4975 767 5036 mandati
795 4976 883 5054 juxta
917 4974 1016 5054 ipsius
1048 4979 1189 5034 tenorem
1227 4972 1266 5032 de
1294 4971 1385 5031 bonis
1417 4977 1449 5031 st
1483 4971 1646 5034 beneficiis

409 5084 557 5165 predictis
579 5082 612 5142 in
633 5088 741 5143 nostra
762 5080 877 5141 diocesi
899 5079 1153 5151 consistentibus,
1175 5077 1366 5158 quadrantes
1389 5076 1547 5156 predictos
1568 5098 1643 5138 cum
