3850 5917
684 698 835 779 Episcopi
861 698 1105 779 Heresorderrsis.
1453 697 1513 758 133

121 928 169 970 tv·
182 929 234 972 Μ
274 921 447 1002 injungatis
478 923 581 984 eidem
615 921 826 1003 penitenciam
861 922 1049 994 salutarem
1085 927 1234 994 ceterum,
1271 923 1298 983 si
1333 921 1514 983 satisfacere

273 1027 508 1106 contempserit,
537 1027 607 1106 ipso
627 1027 711 1088 facto
732 1026 766 1086 in
786 1026 919 1087 eandem
947 1027 1288 1088 excommunicacionis
1318 1025 1513 1087 sentenciam

275 1131 398 1192 noverit
419 1151 455 1192 se
477 1131 644 1211 relapsum.
687 1132 806 1192 Datum
838 1131 1000 1204 Avinicne,
1024 1131 1059 1212 ij0
1087 1131 1135 1191 Ι(1.
1159 1130 1283 1212 Aprilis,
1306 1132 1516 1193 Pontificatus

275 1237 395 1298 domini
419 1238 450 1298 J.
478 1238 565 1318 Pape
589 1237 691 1297 XXII
719 1258 803 1299 anuo
825 1238 901 1318 iiije.

272 1520 349 1598 May
377 1519 534 1580 23.-Tte
571 1518 699 1599 Bichop,
729 1519 843 1598 lrevinq
870 1519 1005 1580 received
1034 1519 1083 1580 the
1109 1528 1211 1600 repert
1238 1522 1273 1600 of
1304 1521 1354 1581 the
1390 1521 1511 1600 Officicl

395 1599 576 1678 commisce
598 1600 647 1661 the
668 1600 816 1692 proposed
837 1600 1130 1681 appropriationes
1151 1601 1201 1661 the
1225 1601 1348 1662 Otcrcb
1369 1603 1405 1681 of
1430 1602 1509 1663 Woc

389 1681 499 1760 feroc
526 1680 565 1759 by
594 1680 643 1741 the
670 1680 810 1742 Prcoress
838 1681 902 1742 and
931 1681 1066 1742 Ooacent
1093 1681 1129 1760 of
1155 1682 1326 1761 Aconbvry,
1359 1682 1507 1744 instrrccts

398 1761 463 1822 him
490 1769 520 1822 to
543 1761 671 1840 coafim
694 1761 743 1822 va
757 1761 1001 1842 appropriatos.

357 1928 540 1990 Gourrrssro
584 1947 627 1988 co
662 1946 935 1989 Arraorarunourr
971 1947 1154 1991 uocauerant
1192 1947 1235 1989 nu
1272 1931 1513 1991 Wonruuuowu

273 2053 476 2096 uonrsareos
497 2052 541 2094 nu
571 2033 931 2106 Accessum-Adam,
961 2041 1031 2106 eto,
1060 2035 1196 2096 discreto
1230 2035 1307 2107 viro,
1329 2035 1456 2115 filioque
1479 2037 1512 2094 in

273 2140 403 2202 Christo
435 2139 559 2210 dilecto,
594 2139 744 2219 magistro
782 2139 917 2201 Ricardo
949 2140 989 2200 de
1023 2140 1183 2213 Vernoun,
1216 2140 1367 2202 canonico
1405 2144 1513 2201 nostre

273 2245 518 2308 Hereiordeneis
545 2245 685 2316 ecclesie,
718 2245 850 2306 Officiali
878 2251 911 2307 et
937 2245 1055 2307 vicario
1086 2251 1195 2308 nostro
1233 2247 1264 2307 in
1297 2247 1513 2327 spiritualibus

273 2353 421 2434 generali,
443 2352 587 2423 salutem,
609 2357 668 2413 etc.
711 2351 849 2412 Litteras
876 2357 998 2412 vestras
1022 2351 1258 2414 certificatorias
1279 2353 1456 2433 recepimus
1477 2353 1512 2413 in

274 2458 334 2518 hec
364 2455 479 2518 verba:
510 2454 688 2518 Venerabili
719 2455 752 2514 in
784 2455 911 2517 Christo
942 2457 1034 2535 patri,
1065 2461 1097 2518 et
1125 2457 1254 2517 domino
1285 2477 1352 2530 suo,
1385 2459 1514 2521 domino

274 2562 351 2634 Ade,
373 2561 435 2622 Dei
454 2561 559 2640 grecis
579 2560 738 2640 Episcopo
760 2561 994 2634 Herefordensi,
1017 2561 1166 2623 Officialis
1188 2582 1265 2624 suus
1285 2562 1512 2638 obedienciam,

274 2667 487 2731 reverenciam
516 2672 549 2728 et
571 2667 732 2728 honorem.
775 2667 962 2727 Mandatum
985 2671 1126 2728 vestrum
1146 2667 1205 2728 sub
1229 2688 1267 2729 co
1295 2669 1348 2748 qui
1372 2670 1516 2751 sequitur

275 2780 385 2836 tenore
398 2773 516 2852 recepi:
539 2770 639 2832 Adam
653 2771 860 2851 permissione
874 2772 989 2845 diviua,
1007 2777 1076 2844 etc,
1094 2779 1250 2852 utsupra.
1294 2775 1400 2855 Hujus
1418 2776 1514 2855 igitur

274 2878 464 2941 auctoritate
488 2876 628 2937 mandati
650 2876 777 2937 domino
806 2923 813 2936 .
843 2921 850 2936 .
879 2876 1107 2937 Archidiacono
1129 2876 1354 2939 Hereiordensi
1373 2879 1513 2959 legitime

274 2991 388 3048 vocato
412 2988 445 3044 et
464 2981 671 3062 personaliter
699 2986 909 3061 comparente,
932 2988 965 3044 et
993 2982 1089 3043 salvis
1114 2982 1237 3063 juribus
1265 2983 1429 3046 ordinariis
1453 2985 1514 3047 sibi

275 3089 529 3171 competentibus
549 3089 582 3148 in
604 3089 663 3149 hac
683 3093 773 3168 parte
797 3108 951 3168 expresse,
977 3090 1198 3151 consenciente
1222 3089 1356 3152 Rectore
1380 3091 1511 3154 ecclesie

273 3197 416 3277 predicte
436 3193 574 3274 legitime
600 3198 722 3266 vocato,
747 3199 779 3255 et
807 3214 864 3273 per
891 3193 1045 3254 Thcmam
1077 3195 1116 3256 de
1137 3195 1246 3274 Gynes
1277 3202 1513 3275 procuratorem

275 3321 369 3363 suum
393 3300 565 3361 literatorie
592 3299 801 3360 constitutum
825 3306 1036 3379 comparente,
1061 3305 1094 3360 et
1118 3321 1182 3361 non
1207 3303 1450 3376 contradicente,
1476 3325 1514 3366 ac

273 3409 376 3469 eciam
395 3405 539 3487 patronis
560 3405 701 3486 ejusdem
722 3405 852 3467 ecclesie
873 3410 905 3467 et
926 3406 1038 3468 ceteris
1060 3407 1099 3468 de
1117 3407 1187 3487 juro
1206 3409 1355 3470 vocandis
1372 3409 1512 3490 legitime

273 3514 405 3585 vocatis,
427 3513 566 3574 secunda
585 3512 636 3574 die
657 3511 775 3572 mensis
796 3511 912 3591 Aprilis
933 3511 966 3570 in
990 3510 1108 3592 majore
1129 3512 1262 3575 ecclesia
1288 3514 1513 3578 Hereiordensi

274 3641 371 3702 super
397 3617 559 3699 premissis
586 3617 733 3678 omnibus
764 3622 797 3679 et
825 3617 957 3697 singulis
982 3637 1038 3697 per
1062 3617 1213 3680 Rectores
1241 3624 1273 3680 et
1297 3621 1429 3682 vicarios
1455 3623 1506 3683 de·

275 3732 408 3789 canatus
436 3725 474 3786 de
509 3724 624 3784 Froma
651 3723 891 3803 inquisicionem
927 3721 995 3784 fieri
1037 3723 1096 3785 ieci
1126 3724 1300 3804 diligenter,
1336 3746 1397 3806 que
1433 3728 1510 3788 dicit

275 3833 360 3914 quod
376 3831 545 3892 facultates
567 3829 723 3890 dictarum
745 3829 961 3908 religiosarum
983 3828 1150 3890 mulierum
1171 3850 1235 3890 non
1260 3835 1433 3911 suppetunt
1455 3853 1513 3912 pro

274 3939 324 4000 eui
345 3937 450 3999 victus
473 3934 667 4007 necessariis,
691 3934 852 4014 hospitum
880 3939 912 3995 et
940 3954 1114 4014 pauperum
1143 3935 1357 4015 suscepcione,
1386 3941 1418 3998 et
1440 3939 1510 4001 aliie

274 4042 423 4124 operibus
450 4041 587 4121 pietatis,
616 4045 648 4101 et
672 4040 756 4120 quod
783 4039 914 4111 fructus,
942 4040 1093 4111 redditus,
1122 4046 1155 4101 et
1183 4047 1356 4120 proventus
1383 4044 1515 4107 ecclesie

274 4149 416 4230 predicte
436 4151 584 4207 taxantur
611 4145 651 4205 ad
672 4164 726 4205 sex
745 4143 841 4206 libras
869 4165 991 4206 annuas
1019 4146 1249 4225 sterlingorum.
1298 4148 1384 4208 Dicit
1413 4151 1514 4211 eciam

276 4254 360 4335 quod
394 4251 549 4313 Prioriesa
582 4256 615 4312 et
646 4250 828 4312 Conventus
863 4251 902 4313 de
933 4252 1137 4331 Acoruebury
1170 4257 1246 4313 sunt
1277 4273 1350 4314 vere
1381 4261 1514 4335 patrone

275 4360 407 4422 ecclesie
427 4357 586 4419 antedicte
606 4362 640 4418 et
660 4357 693 4416 in
714 4357 914 4436 possessione
934 4358 1137 4436 presentandi
1151 4357 1192 4418 ad
1212 4359 1354 4420 eandem.
1399 4360 1443 4421 Et
1468 4363 1515 4424 sic

276 4465 463 4526 mandatum
482 4467 623 4524 vestrum
649 4463 739 4540 juxta
760 4462 810 4523 sui
837 4467 980 4524 tenerem
1005 4482 1076 4523 sum
1097 4467 1276 4524 reverenter
1306 4463 1340 4522 in
1367 4465 1515 4528 omnibus

275 4574 435 4632 executus.
477 4568 596 4627 Datum
625 4565 820 4636 Herefordie,
848 4569 889 4628 v‘o
909 4566 960 4628 die
985 4565 1103 4628 mensis
1124 4565 1249 4646 Aprilis,
1273 4587 1356 4628 enno
1385 4569 1516 4630 Domini

277 4674 475 4738 M⁰OGG⁰m
531 4672 621 4734 Licet
651 4676 758 4732 autem
786 4692 844 4751 per
876 4671 1116 4752 inquisicionem
1147 4673 1320 4753 predictam
1356 4673 1447 4736 nobis
1476 4676 1516 4738 de

276 4781 409 4843 veritate
442 4779 535 4861 plene
568 4779 747 4840 constiterit
780 4778 1015 4858 premissorum,
1051 4778 1125 4858 quia
1161 4783 1267 4841 tamen
1304 4779 1514 4845 alieneciones

277 4886 480 4948 ecclesiarum
499 4884 569 4947 sine
590 4883 720 4964 capituli
736 4885 837 4944 nostri
858 4889 996 4944 tractatu
1018 4883 1159 4964 diligenti
1180 4889 1213 4946 et
1231 4903 1387 4946 consensu
1411 4886 1514 4950 facere

278 4992 435 5063 nolumus,
455 5010 514 5051 nec
534 4989 693 5063 debemus,
711 4991 751 5051 de
770 4995 875 5052 vestre
895 4989 1190 5070 circumspeccicnis
1210 4991 1365 5052 industria
1385 4992 1512 5073 plenam

278 5098 425 5161 fiduciam
448 5097 627 5160 obtinentes
651 5096 740 5159 vobis
764 5102 873 5159 tenore
900 5095 1098 5177 presencium
1119 5095 1347 5158 committimus
1368 5102 1401 5160 et
1423 5118 1512 5158 man-
