3850 5917
688 699 839 781 Episcopi
865 699 1109 779 Horcfordonaic.
1458 699 1518 759 143

126 931 239 974 ‘tn-¹³²³·
278 927 411 988 martirii
432 947 498 988 non
526 926 641 999 amisit,
664 925 860 987 confessione
887 925 1021 986 mirifica
1041 926 1249 996 candidatur;
1281 925 1372 1005 cujus
1396 924 1513 985 festum

278 1031 390 1092 statuit
404 1037 516 1093 sancta
531 1032 674 1092 Romana
696 1030 828 1092 ecclesia
848 1031 902 1111 vj‘0
922 1031 1033 1093 Nonas
1048 1030 1194 1092 Octobris
1214 1051 1233 1090 a
1253 1031 1376 1091 cunctis
1397 1030 1516 1092 Christi
1558 1006 1566 1021 ⁹

277 1136 423 1198 fidelibus
450 1136 615 1197 annuatim
648 1137 760 1197 devote
787 1141 821 1198 et
847 1134 1030 1199 solemniter
1057 1136 1287 1198 celebrandum.
1345 1137 1389 1196 Et
1417 1142 1453 1197 ut
1474 1137 1514 1196 ad

274 1242 453 1303 venerabile
493 1243 593 1322 ipsius
635 1241 814 1322 sepulcrum
852 1243 1017 1303 ardencius
1050 1248 1083 1304 et
1119 1242 1302 1304 affluenciue
1338 1243 1509 1304 Christiani

275 1348 385 1428 populi
413 1346 552 1408 confluat
579 1347 750 1408 multitudo
772 1367 809 1408 ac
833 1347 985 1409 celebrius
1008 1348 1150 1428 ejusdem
1178 1347 1366 1410 confessoris
1395 1348 1517 1410 colatur

275 1453 443 1526 festivitas,
493 1453 639 1514 dominus
688 1458 804 1525 noster,
854 1474 998 1514 summus
1044 1455 1199 1525 Pontifex,
1248 1454 1394 1516 omnibus
1443 1475 1516 1516 vere

274 1559 493 1640 penitentibus
520 1564 552 1620 et
577 1559 738 1629 confessis,
764 1559 817 1639 qui
842 1579 916 1618 cum
939 1559 1118 1620 reverencia
1143 1558 1216 1619 illuc
1241 1559 1274 1618 in
1295 1560 1406 1620 eodem
1431 1559 1514 1620 festo

276 1665 468 1726 accesserint
499 1665 598 1744 ipsius
630 1663 779 1744 suffragia
809 1665 947 1743 petituri,
979 1665 1059 1726 duos
1087 1685 1187 1726 annos
1215 1670 1247 1726 et
1275 1665 1354 1727 duos
1382 1665 1515 1746 quadra-

275 1789 383 1850 genas,
412 1768 634 1832 accedentibus
661 1789 735 1830 vero
763 1769 803 1829 ad
837 1769 937 1849 ipsius
966 1769 1144 1849 sepulcrum
1173 1771 1254 1831 infra
1281 1771 1414 1852 predicti
1438 1772 1512 1833 festi

277 1875 417 1937 Octabas
451 1880 580 1936 centum
611 1875 678 1937 dies
713 1877 752 1936 de
786 1875 928 1956 injuncta
962 1875 1022 1937 sibi
1056 1876 1236 1956 penitencia
1274 1878 1518 1940 misericorditer

276 1981 440 2042 relaxavit.
482 1982 550 2042 Nos
577 1981 673 2060 igitur
710 1982 910 2042 attendentes
934 1981 1018 2061 quod
1053 1981 1137 2042 idem
1175 1982 1317 2062 egregius
1355 1983 1517 2045 confessor

276 2088 445 2148 ecclesiam
468 2092 609 2148 nostram
630 2092 663 2148 et
684 2086 834 2148 diocesim
858 2087 1133 2160 Herefordensem,
1153 2089 1245 2168 cujus
1266 2089 1342 2149 dum
1362 2089 1396 2148 in
1426 2089 1518 2151 terris

276 2194 400 2255 viveret
430 2193 552 2254 meritis
579 2180 696 2254 inclitis
722 2212 830 2253 curam
867 2193 974 2272 gessit,
1009 2193 1179 2255 virtutibus
1217 2193 1384 2268 decoravit,
1423 2195 1518 2256 docu-

277 2299 397 2361 mentis
432 2298 608 2359 salubribus
635 2298 813 2370 illustravit,
845 2297 1020 2378 disciplinis
1059 2299 1267 2361 sanctissimis
1305 2305 1338 2361 et
1376 2300 1516 2363 moribus

276 2405 462 2467 informavit
499 2405 539 2465 ad
576 2405 674 2465 divini
711 2405 849 2466 nominis
891 2405 1043 2466 honorem
1081 2411 1113 2467 et
1159 2406 1293 2468 salutem
1334 2413 1516 2469 nostrorum

276 2512 424 2572 omnium
451 2510 657 2583 subditorum,
686 2510 791 2590 ipsum
818 2509 852 2570 in
880 2516 989 2572 nostra
1016 2511 1143 2573 civitate
1178 2517 1210 2573 et
1238 2512 1354 2574 diocesi
1390 2513 1516 2574 honori-

276 2616 407 2679 ficentie
434 2615 565 2696 potioris
587 2616 754 2695 impendiis
775 2615 970 2677 decrevimus
996 2617 1208 2690 socciandum,
1237 2623 1273 2678 ut
1297 2617 1330 2677 in
1351 2618 1405 2679 illa
1426 2623 1517 2680 tanto

276 2725 469 2806 propensius
493 2723 606 2784 studiis
628 2723 768 2794 solicitis,
793 2722 938 2784 laudibus
966 2723 1133 2803 precipuis,
1154 2729 1187 2785 et
1211 2725 1334 2786 sonoris
1357 2727 1515 2805 preconiis

276 2830 462 2900 honoretur,
506 2833 625 2908 quanto
661 2829 762 2908 ipsam
798 2848 854 2908 pre
892 2829 1005 2890 ceteris
1041 2827 1179 2908 preclare
1213 2830 1278 2892 vite
1319 2830 1440 2892 meritis
1483 2837 1517 2894 et

275 2935 423 3016 gloriosis
450 2935 610 2997 miraculis
637 2935 764 2996 uberius
791 2934 963 2996 exaltavit:
1000 2940 1176 2998 statuentes
1204 2941 1237 2997 et
1271 2937 1452 2998 ordinantes
1480 2943 1518 2998 nt

274 3041 379 3121 ipsius
407 3041 563 3102 festivitas
600 3041 659 3102 sub
687 3040 804 3121 duplici
831 3041 933 3102 officio
961 3061 1017 3122 per
1051 3042 1214 3104 universas
1240 3047 1348 3104 nostre
1376 3042 1515 3104 civitatis

275 3153 310 3209 et
329 3147 467 3208 diocesis
488 3147 636 3208 ecclesias
661 3147 822 3227 perpetuis
841 3147 955 3209 futuris
977 3147 1171 3227 temporibus
1196 3148 1413 3230 sollempniter
1436 3149 1514 3212 cele-

275 3253 395 3314 bretur.
438 3253 591 3327 Quocirca
619 3252 708 3314 vobis
736 3252 769 3311 in
793 3252 910 3313 virtute
934 3252 1115 3314 obediencie
1142 3253 1284 3316 districte
1312 3254 1514 3335 precipiendo

276 3358 468 3418 mandamus
495 3362 532 3417 ut
558 3357 676 3418 festum
703 3357 891 3418 confessoris
920 3357 1062 3438 ejusdem
1085 3359 1207 3432 devote,
1232 3359 1458 3440 sollempniter,
1483 3359 1518 3421 in

275 3463 403 3524 cunctis
417 3462 557 3524 ecclesiis
575 3467 683 3524 nostre
697 3463 834 3524 civitatis
851 3468 883 3524 et
904 3464 1046 3537 diocesis,
1066 3469 1103 3525 ut
1122 3465 1324 3545 premittitur,
1340 3465 1512 3540 celebretis,

276 3574 309 3631 et
328 3568 456 3630 faciatis
469 3589 489 3629 a
509 3568 626 3630 nostrie
646 3573 679 3629 et
696 3567 810 3629 vestris
827 3567 961 3630 subditis
977 3569 1182 3631 veneracione
1201 3589 1338 3650 congrua
1356 3570 1515 3644 celebrari,

275 3675 394 3756 quibus
418 3673 452 3733 in
478 3674 588 3736 eodem
616 3674 698 3736 festo
718 3674 918 3735 vacacionem
949 3675 990 3735 ab
1012 3695 1105 3755 opere
1130 3676 1234 3737 servili
1262 3675 1430 3737 indicimus
1456 3696 1516 3756 per

275 3785 453 3862 presentes.
510 3780 578 3841 Nos
603 3781 696 3853 enim,
718 3781 757 3842 de
784 3781 1012 3861 omnipotentis
1043 3782 1104 3842 Dei
1131 3782 1352 3854 misericordia,
1383 3781 1518 3862 gloriose
1601 3765 1602 3768 Ἴ

274 3887 418 3968 Virginis
443 3887 544 3947 Maria
566 3886 734 3966 genetricis
755 3887 865 3967 ipsius,
886 3887 970 3949 beati
995 3887 1172 3950 Ethelberti
1191 3887 1286 3969 Regis
1308 3893 1341 3950 et
1363 3887 1515 3961 Martiris,

275 4001 308 4057 et
337 3994 482 4075 ejusdem
523 3993 625 4054 sancti
661 3994 781 4055 Thome
822 3994 973 4074 Episcopi
1011 3999 1044 4056 et
1078 3995 1274 4067 confessoris,
1310 3999 1516 4075 patronorum

274 4105 469 4171 nostrorum,
497 4117 620 4160 necnon
647 4104 681 4160 et
708 4099 850 4160 omnium
877 4105 1060 4162 sanctorum
1087 4101 1209 4162 meritis
1237 4099 1515 4162 intercessionibus

274 4205 482 4276 confidentes,
503 4203 650 4266 omnihus
670 4204 761 4265 nobie
781 4205 850 4284 jure
871 4205 1004 4267 diocesis
1032 4205 1192 4287 subjectis,
1221 4211 1253 4268 et
1281 4206 1351 4268 aliis
1378 4225 1513 4286 quorum

274 4308 438 4372 diocesani
457 4315 600 4372 nostram
627 4309 859 4389 indulgenciam
886 4315 988 4371 ratam
1016 4311 1192 4384 habuerint,
1213 4313 1253 4374 de
1280 4311 1418 4392 peccatis
1446 4312 1513 4374 suis

275 4437 351 4479 vere
389 4415 543 4488 contritis,
575 4415 799 4496 penitentibus,
838 4421 871 4478 et
909 4417 1071 4490 confessis,
1102 4417 1220 4479 festum
1249 4418 1439 4497 hujusmodi,
1478 4421 1516 4478 ut

275 4521 483 4603 premittitur,
517 4521 702 4593 colentibus,
740 4527 772 4582 et
803 4521 1006 4601 sepulchrum
1044 4522 1144 4603 ipsius
1175 4523 1287 4585 devote
1314 4523 1516 4585 visitantibus

275 4629 538 4709 quandocunque,
559 4628 766 4708 quadraginta
790 4628 858 4690 dies
878 4629 917 4690 de
937 4629 1082 4708 injuncta
1109 4629 1169 4690 sibi
1195 4629 1375 4709 penitencia
1395 4629 1516 4691 miseri·

277 4734 415 4796 corditer
448 4734 634 4796 relaxamus.
696 4737 817 4796 Datum
862 4736 1057 4808 Herefordie,
1105 4736 1255 4798 vicesima
1296 4735 1347 4797 die
1395 4735 1515 4798 mensis

280 4839 486 4921 Septembris,
507 4861 592 4903 anno
612 4841 742 4902 Domini
763 4841 930 4904 millesimo
950 4841 1173 4904 trecentesimo
1193 4841 1351 4914 vicesimo,
1374 4847 1433 4904 etc.
