3850 5917
393 691 455 751 246
768 691 948 771 Rqatmm
974 692 1040 753 Ada
1067 692 1104 754 da
1134 693 1257 754 &laton

224 924 283 963 M>-
297 926 354 965 Μ
395 937 491 997 quam
525 923 654 997 propter
687 917 869 997 hujusmodi
904 917 1083 978 incurrebat
1112 917 1297 979 beneficium
1328 919 1538 981 absolucionis
1572 920 1629 979 im-

395 1022 500 1102 pendi,
530 1042 589 1084 nos
609 1042 692 1093 eum,
714 1021 803 1102 prius
823 1028 950 1102 recepto
982 1023 1021 1084 ab
1052 1023 1121 1102 ipso
1145 1024 1323 1102 juramento
1345 1030 1377 1085 et
1406 1023 1500 1086 tactis
1528 1044 1629 1086 sacro-

396 1127 515 1188 sanctis
537 1128 597 1189 Dei
618 1128 798 1207 Evangeliis
819 1128 859 1190 de
878 1129 1018 1208 parendo
1039 1129 1197 1189 mandatis
1221 1130 1350 1191 ecclesie
1381 1136 1475 1211 atque
1502 1132 1629 1203 nostris,

396 1253 416 1293 a
437 1232 599 1293 sentencia
615 1232 796 1313 hujusmodi
815 1233 905 1314 juxta
918 1233 1053 1294 formam
1073 1234 1202 1296 ecclesie
1223 1234 1371 1297 duximus
1390 1236 1629 1309 absolvendum

395 1337 447 1398 cui
488 1338 686 1418 precepimus
724 1338 758 1397 in
792 1338 910 1400 virtute
945 1340 1070 1419 prestiti
1104 1340 1284 1418 juramenti,
1321 1346 1415 1420 prout
1451 1360 1488 1401 ex
1524 1340 1631 1402 debito

396 1444 589 1516 tenebamur,
624 1444 709 1525 quod
736 1450 852 1505 extunc
890 1444 923 1504 in
962 1445 1097 1506 eundem
1136 1444 1339 1517 Willelmum,
1378 1445 1534 1516 clericum,
1574 1452 1659 1507 seu‘

396 1550 493 1610 alium
527 1550 675 1611 clericum
696 1570 915 1630 quemcunque
940 1570 1054 1611 manns
1076 1570 1141 1611 non
1161 1550 1304 1629 injiceret
1324 1551 1487 1613 violentas.
1539 1552 1628 1613 Post·
1716 1556 1719 1561 '

397 1657 526 1717 modum
551 1676 625 1718 vero
652 1657 736 1718 idem
758 1656 960 1736 Reginaldus,
990 1656 1039 1717 die
1069 1656 1217 1717 Mercurii
1244 1657 1386 1736 proxima
1413 1663 1485 1737 post
1513 1657 1629 1719 iestum

396 1762 498 1823 sancti
526 1762 671 1834 Barnabe
710 1761 853 1841 Apostoli
881 1762 1022 1841 proxime
1051 1762 1245 1842 preteritum,
1281 1768 1390 1823 contra
1416 1764 1629 1844 juramentum

395 1888 490 1929 suum
510 1868 679 1948 prestitum
699 1888 814 1929 manue
832 1868 986 1929 violentas
1011 1868 1044 1927 in
1064 1868 1221 1948 prefatum
1244 1868 1447 1940 Willelmum,
1472 1869 1629 1941 clericum,

395 1974 509 2035 iterato
546 1973 664 2054 injecit,
700 1978 795 2052 prout
830 1992 936 2033 coram
964 1972 1055 2034 nobis
1087 1974 1157 2053 ipso
1193 1974 1243 2035 die
1281 1973 1438 2035 fatebatur
1473 1994 1628 2053 expresse,

394 2085 508 2160 petens
532 2078 765 2140 absolucionem
790 2099 809 2139 a
833 2078 996 2139 sentencia
1019 2078 1355 2140 excommunicacionis
1380 2099 1474 2160 quam
1502 2085 1632 2159 propter

395 2186 578 2267 hujusmodi
605 2184 791 2246 violenciam
819 2185 1006 2255 incurrebat,
1037 2205 1131 2265 qnam
1159 2205 1224 2245 non
1254 2185 1369 2246 meruit
1396 2205 1454 2246 nec
1482 2184 1629 2265 optinuit,

395 2292 470 2372 quia
493 2292 532 2353 de
552 2291 691 2370 parendo
715 2292 874 2351 mandatis
893 2291 1024 2353 ecclesie
1048 2290 1188 2352 debitum
1210 2296 1242 2351 et
1267 2291 1394 2351 solitum
1416 2292 1629 2369 juramentum

395 2402 537 2477 prestare
557 2402 675 2458 temere
696 2396 861 2467 recusavit,
883 2401 932 2458 set
951 2396 985 2455 in
1004 2394 1184 2473 hujusmodi
1204 2396 1540 2457 excommunicacionis
1560 2417 1629 2457 sen·

396 2504 500 2566 tancia
516 2524 616 2585 usque
635 2504 675 2563 ad
694 2504 776 2565 diem
796 2504 928 2565 Veneris
942 2504 1116 2582 proximam
1130 2508 1203 2583 poet
1217 2503 1333 2564 festum
1348 2503 1532 2564 Nativitatis
1547 2504 1629 2565 beati

395 2610 552 2671 Jobannis
586 2609 733 2689 Baptista
770 2609 911 2688 proxime
946 2609 1131 2688 preteritum
1160 2609 1265 2670 animo
1299 2608 1439 2688 prestitit
1466 2610 1628 2681 indurato;

395 2735 459 2796 quo
487 2715 537 2776 die
567 2714 659 2775 nobis
686 2713 895 2775 existentibus
922 2714 955 2772 in
981 2714 1120 2774 manerio
1145 2720 1253 2774 nostro
1281 2714 1319 2773 de
1347 2714 1519 2793 Prestbury
1543 2714 1630 2775 venit

396 2821 489 2893 idem,
525 2825 638 2900 petens
670 2840 705 2881 se
746 2840 765 2880 a
803 2820 966 2881 sentencia
1001 2818 1337 2880 excommunicacionis
1371 2839 1465 2899 quam
1502 2825 1631 2899 propter

395 2928 542 2987 iteratam
569 2924 755 2987 violenciam
791 2925 825 2984 in
855 2926 1033 3005 predictum
1061 2924 1255 2985 Willelmum
1283 2924 1461 2985 incurrebat
1489 2924 1608 2985 absolvi
1620 2944 1628 2995 ;

395 3032 487 3112 cujus
501 3031 734 3093 absolucionem
753 3031 785 3089 in
800 3033 901 3091 forma
919 3030 998 3111 juris
1015 3051 1033 3090 a
1048 3030 1209 3091 sentencia
1227 3030 1366 3108 predicta
1387 3029 1628 3109 impendendam

395 3137 529 3199 Officiali
548 3143 657 3199 nostro
676 3136 823 3199 existenti
842 3136 1007 3198 nobiscum
1026 3135 1174 3196 duximus
1193 3134 1461 3196 committendam.
1510 3136 1629 3195 Datum

396 3245 480 3324 apud
494 3243 675 3323 Prestbury,
690 3243 748 3322 xij·
765 3243 817 3304 die
831 3242 950 3303 mensis
970 3241 1112 3321 Augusti,
1128 3261 1211 3302 anno
1226 3241 1354 3301 Domini
1369 3240 1527 3302 M⁰oco⁰x
1537 3240 1628 3323 [xij⁰},

395 3357 456 3413 etc.
994 3392 995 3395 η

396 3616 475 3695 Asty.
496 3614 653 3675 13.-r}c
676 3613 795 3693 Bishop
816 3612 1025 3674 ommistione
1048 3612 1178 3673 Thomas
1199 3613 1235 3673 de
1261 3612 1413 3684 Glrundoa
1435 3614 1631 3675 Arcltdcccoa

517 3697 553 3776 of
577 3695 737 3774 Harasord,
767 3703 796 3755 to
826 3694 894 3755 talc
917 3694 1027 3772 charge
1051 3694 1086 3773 of
1111 3693 1159 3753 tha
1183 3694 1402 3773 spiritualitate
1427 3695 1462 3773 of
1487 3694 1535 3755 tte
1564 3696 1627 3767 Sca,

517 3776 608 3838 while
633 3776 669 3837 aa
694 3775 819 3856 dicastis
840 3776 868 3836 is
889 3774 999 3836 absent
1017 3776 1102 3854 from
1126 3775 1175 3835 tha
1197 3774 1331 3835 Dc'cccsc.

262 3995 278 4025 ο
348 4010 355 4024 .
477 3958 660 4019 Oorrmssro
693 3974 795 4017 rauna
816 3954 1063 4017 Ancsmrxcouo
1094 3955 1355 4016 Hnsnronnnusr
1375 3973 1419 4015 nu
1451 3973 1631 4016 musara—

396 4063 506 4135 Adam,
531 4069 601 4135 etc,
626 4063 762 4123 discreto
786 4062 862 4133 viro,
888 4061 952 4122 filio
977 4062 1010 4121 in
1039 4061 1165 4123 Christo
1188 4061 1310 4133 dilecto,
1336 4062 1486 4142 magistro
1510 4062 1629 4123 Thome

395 4170 435 4230 de
456 4169 634 4241 Ohaundos‚
654 4168 883 4229 Archidiacono
903 4172 1012 4229 nostro
1033 4167 1267 4239 Herefordensi,
1283 4168 1426 4240 salutem,
1448 4174 1506 4230 etc.
1550 4169 1631 4243 Quia

394 4296 454 4337 nos
485 4280 573 4336 extra
607 4275 757 4337 diocesim
795 4279 936 4335 nostram
972 4274 1004 4333 in
1032 4274 1162 4336 remotis
1200 4280 1329 4354 agentes
1362 4274 1630 4336 administracioni

394 4381 605 4461 spiritualium
644 4381 677 4441 in
714 4382 824 4441 eadem
862 4381 902 4441 ad
936 4400 1067 4461 presens
1102 4381 1264 4442 intendere
1299 4401 1362 4441 non
1401 4381 1550 4452 valemus,
1591 4381 1630 4442 de

394 4491 501 4547 vestra
528 4486 679 4548 fidelitate
707 4492 739 4548 et
767 4485 922 4547 industria
952 4486 1078 4566 plenam
1118 4487 1150 4546 in
1186 4486 1313 4547 domino
1340 4487 1487 4548 fiduciam
1525 4508 1627 4568 repor-

395 4596 510 4664 tantes,
530 4612 587 4653 vos
607 4598 751 4653 nostrum
771 4592 803 4651 in
824 4590 970 4651 absencia
989 4591 1139 4651 vicarium
1161 4591 1193 4650 in
1214 4592 1428 4670 spiritualibus
1448 4592 1630 4654 ordinamus

395 4703 428 4758 et
458 4697 689 4765 constituimus,
721 4701 791 4767 etc,
821 4715 1040 4777 quamcunque
1074 4702 1265 4777 potestatem
1291 4717 1384 4776 super
1416 4697 1476 4758 hoc
1504 4698 1629 4777 quibus-

396 4822 520 4884 cunque
548 4802 618 4864 aliis
654 4822 711 4883 per
748 4821 807 4863 nos
842 4822 1024 4863 concessam
1059 4808 1168 4864 tenore
1202 4803 1399 4882 presencium
1437 4808 1629 4865 revocantes.

396 4910 517 4969 Datum
553 4908 637 4988 apud
674 4907 859 4978 Eusebem·
891 4908 944 4967 xiii
981 4907 1031 4967 die
1059 4907 1177 4969 mensis
1212 4908 1354 4988 Augusti,
1386 4926 1469 4967 anno
1501 4905 1630 4968 Domini

396 5014 621 5095 noeoeanjo,
650 5019 709 5075 ea.
