3850 5917
405 684 446 744 86
780 685 960 764 chtctrum
987 687 1052 748 Ado
1078 687 1116 748 de
1146 687 1269 749 Orlctca

236 914 294 954 Μ)-
309 914 364 953 ¹³¹⁸·
406 910 485 970 adeo
509 916 558 971 est
579 910 752 990 collapsum
773 911 866 991 quod,
888 911 950 972 nisi
977 911 1078 972 eidem
1110 911 1242 973 celerius
1266 917 1474 984 succurratur,
1507 912 1547 972 ad
1574 933 1642 992 per·

405 1017 501 1092 potue
525 1013 741 1086 desolacionis,
766 1014 851 1094 quod
871 1014 964 1086 absit,
990 1014 1193 1094 opprobrium
1220 1015 1417 1096 perducetur.
1470 1015 1519 1076 Ne
1547 1015 1644 1095 igitur

405 1119 505 1198 ipsius
527 1119 717 1180 deiormacio
745 1119 836 1180 nobis
858 1119 1036 1200 aliqualiter
1053 1120 1156 1181 valeat
1175 1120 1333 1199 imputari,
1355 1141 1411 1182 vos
1427 1121 1460 1180 in
1486 1121 1589 1200 capite
1609 1126 1643 1182 et

405 1225 438 1284 in
471 1224 621 1286 membris
655 1226 870 1306 proponimus,
906 1226 957 1287 die
992 1227 1081 1287 Jovis
1116 1227 1149 1286 in
1184 1227 1322 1287 crastino
1357 1228 1459 1288 sancti
1495 1228 1642 1288 Nioholai

403 1330 546 1410 proximo
567 1349 651 1390 nunc
673 1330 789 1400 futuro,
818 1330 943 1392 favente
965 1332 1112 1402 Domino,
1139 1332 1276 1394 visitare.
1328 1333 1373 1394 Et
1399 1333 1470 1394 ideo
1497 1333 1586 1394 vobis
1607 1333 1640 1394 in

403 1434 521 1496 virtute
548 1440 657 1496 sancte
688 1435 869 1497 obediencie
900 1436 1033 1497 firmiter
1059 1437 1251 1517 injungendo
1280 1438 1467 1499 mandamus
1491 1439 1641 1518 quatinus

403 1540 513 1600 codem
535 1540 585 1600 die
614 1560 720 1601 coram
742 1541 833 1601 nobis
855 1543 1064 1622 compareatis
1089 1563 1183 1622 super
1210 1543 1405 1624 inquirendis
1427 1565 1446 1604 a
1466 1544 1555 1605 vobis
1579 1565 1641 1624 que

403 1645 512 1706 liniam
533 1647 739 1708 correccionis
754 1654 928 1726 exposcunt
947 1651 1041 1710 modo
1062 1649 1167 1711 debito
1186 1649 1300 1710 dicturi
1317 1649 1450 1712 fideliter
1464 1650 1639 1712 veritatem.

403 1751 447 1812 Et
468 1752 544 1832 quid
559 1752 702 1814 -ieceritis
723 1753 755 1812 in
776 1753 949 1833 premissis,
972 1760 1031 1816 etc.

404 2031 467 2093 Oct.
490 2031 648 2093 27.-The
669 2031 788 2111 Bishop
809 2009 957 2092 iastmccts
980 2031 1029 2091 the
1052 2031 1258 2109 Cornaniesary
1285 2033 1417 2093 Gerrcrol
1438 2040 1467 2093 to
1487 2053 1575 2093 worn
1594 2034 1641 2094 cll

524 2113 648 2173 Rectors
677 2113 740 2173 and
773 2113 878 2174 Vicnrs
907 2113 1021 2172 within
1049 2112 1097 2172 the
1125 2113 1252 2173 Dicccce
1284 2120 1313 2173 to
1349 2113 1382 2174 bc
1417 2114 1453 2173 ia
1487 2113 1639 2175 ratum

523 2193 636 2254 within
657 2201 714 2254 troo
734 2194 864 2256 months.

483 2363 629 2422 errnsa
651 2381 693 2422 nn
714 2380 985 2422 oouasnnunnuu
1004 2362 1179 2423 Racrosns
1196 2381 1238 2422 sn
1260 2365 1638 2435 sesmarum-Adam,

401 2474 471 2538 etc,
487 2468 637 2548 magistro
654 2467 692 2527 R.
708 2469 747 2528 de
763 2467 950 2548 Sydenhale,
965 2468 1181 2529 commissario
1202 2474 1311 2530 nostro
1328 2469 1361 2528 in
1378 2469 1478 2530 nostri
1495 2469 1638 2530 officialis

400 2573 547 2637 absencia
561 2573 706 2654 generali,
725 2573 868 2644 salutem,
884 2578 943 2634 etc.
979 2573 1077 2635 Vobis
1092 2574 1124 2632 in
1139 2574 1256 2634 virtute
1272 2574 1452 2635 obediencie
1467 2574 1636 2635 committi-

399 2700 471 2740 mus
492 2684 524 2740 et
545 2680 732 2740 mandamus
749 2679 898 2759 quatinus
919 2699 1030 2740 omnes
1051 2685 1083 2740 et
1111 2679 1251 2760 singulos
1273 2681 1423 2742 Rectores
1450 2686 1483 2740 et
1503 2680 1638 2741 vicarios

399 2790 582 2865 ceterosque
603 2785 686 2846 viros
707 2784 937 2846 ecclesiasticos
953 2785 1114 2864 religiosos
1135 2791 1167 2845 et
1187 2783 1351 2856 seculares,
1371 2785 1523 2846 beneficia
1539 2785 1636 2846 eccle-

397 2891 526 2952 siastica
548 2910 608 2971 que
630 2891 670 2952 de
702 2891 771 2970 jure
793 2889 1000 2951 residenciam
1027 2890 1156 2970 exigunt
1185 2909 1241 2950 seu
1271 2890 1435 2969 requirunt
1464 2891 1498 2949 in
1526 2896 1637 2951 nostra

398 2996 515 3058 diocesi
538 2997 726 3076 optinentes,
748 2995 873 3074 publice
895 2996 1051 3056 moneatis
1075 3015 1131 3056 seu
1154 2995 1275 3056 moneri
1299 2994 1422 3056 faciatis
1447 2996 1531 3075 quod
1554 2995 1636 3056 inira

397 3102 477 3162 duos
498 3121 623 3163 menses
645 3121 663 3161 a
685 3106 827 3180 tempore
852 3100 1040 3161 monioionis
1060 3107 1165 3161 vestre
1192 3101 1341 3161 continue
1369 3101 1580 3162 numerandos
1601 3101 1635 3160 in

397 3207 516 3269 eisdem
537 3206 744 3267 residenciam
764 3205 882 3265 faciant
903 3205 1110 3284 personalem,
1132 3208 1168 3265 ut
1189 3209 1346 3275 tenentur,
1368 3205 1427 3265 sub
1445 3224 1528 3284 pena
1545 3205 1634 3285 juris.

397 3313 534 3391 Insuper
561 3317 597 3373 ut
617 3312 705 3391 prius
726 3312 882 3373 moneatis
907 3331 964 3372 seu
997 3311 1117 3372 moneri
1148 3310 1271 3371 faciatis
1302 3330 1412 3372 omnes
1437 3317 1469 3372 et
1493 3311 1635 3390 singulos

396 3417 548 3479 beneficia
579 3417 792 3478 ecclesiastica
816 3417 849 3476 in
878 3422 988 3478 nostra
1008 3416 1125 3477 diocesi
1146 3415 1287 3496 predicta
1307 3415 1487 3495 optinentes
1515 3415 1632 3495 qualia·

396 3542 529 3602 cunque,
559 3524 642 3602 quod
667 3523 777 3584 domos
807 3528 838 3584 et
869 3522 992 3583 edificia
1019 3542 1076 3601 pro
1105 3521 1360 3582 incumbentibus
1384 3519 1531 3582 oneribus
1560 3541 1633 3601 sup-

395 3626 559 3707 portandis
593 3627 810 3707 competencia
838 3627 920 3687 inira
954 3628 1034 3687 duos
1064 3622 1190 3687 menses
1217 3646 1236 3685 a
1270 3630 1411 3704 ternpore
1446 3625 1635 3687 municionis

394 3737 499 3793 vestre
520 3733 749 3812 computandos
769 3732 886 3793 facient
906 3736 939 3793 et
953 3731 1096 3793 reficiant
1117 3731 1175 3791 sub
1195 3731 1350 3791 consimili
1371 3751 1454 3811 pena
1466 3732 1554 3811 juris.
1584 3733 1635 3794 De

394 3837 446 3898 die
467 3857 542 3898 vero
566 3837 759 3917 recepcionis
780 3842 812 3898 et
832 3837 907 3917 quid
926 3837 959 3896 in
981 3835 1152 3917 premissis,
1174 3840 1233 3896 etc.
1276 3836 1395 3895 Datum
1411 3836 1635 3900 Leoministrie

394 3943 440 4022 vj⁰
461 3941 531 4003 Kal.
554 3943 753 4015 Novembris,
785 3963 869 4004 anno
897 3943 1088 4022 supradicto.

394 4225 467 4306 Dae.
496 4225 633 4285 1.-Τὴε
661 4225 781 4304 Bisbop
809 4225 956 4286 instructa
985 4225 1035 4286 ihc
1061 4225 1152 4286 Dccu
1175 4225 1210 4305 os
1234 4225 1343 4284 Frcma
1371 4231 1400 4284 to
1424 4224 1555 4304 plublisb
1583 4225 1633 4286 llic

519 4313 654 4366 sentem
681 4307 717 4384 cs
747 4306 1042 4367 exommunicatus
1069 4306 1193 4384 nquinat
1221 4305 1369 4366 Nioholus
1397 4305 1434 4366 de
1462 4305 1540 4366 Alco.
1603 4307 1629 4366 A

519 4386 643 4446 similar
662 4387 807 4448 mndata
827 4387 855 4449 ic
877 4394 943 4448 seat
965 4394 994 4448 to
1016 4387 1065 4447 the
1084 4388 1175 4447 Daca
1194 4386 1230 4465 cf
1246 4385 1406 4465 Herejord.

477 4553 665 4614 Ssurrnrra
679 4572 762 4614 nnus
777 4573 902 4615 concas
916 4555 946 4614 N
950 4571 1119 4614 roncnanu
1133 4571 1177 4613 nr
1199 4553 1499 4633 Asa-Episcopus
1515 4555 1632 4617 dilecto

393 4661 426 4719 in
459 4659 586 4720 Christo
620 4660 694 4733 filio,
728 4661 857 4723 Decano
878 4662 917 4722 de
945 4661 1069 4733 Froma,
1101 4659 1245 4730 salutem,
1281 4665 1341 4720 etc.
1394 4659 1475 4719 Cum
1510 4680 1569 4721 nos
1596 4661 1630 4721 in

390 4766 509 4847 judicio
529 4767 589 4828 rito
617 4769 832 4847 procedentes,
862 4767 1050 4828 Nioholaum
1075 4767 1114 4828 de
1139 4765 1215 4836 Ake,
1245 4765 1299 4845 qui
1320 4783 1355 4825 se
1375 4765 1455 4844 gerit
1479 4785 1536 4844 pro
1559 4786 1631 4846 por·

392 4872 530 4934 cionario
557 4873 590 4931 in
620 4874 752 4935 ecclesia
784 4874 822 4935 de
851 4873 1025 4951 Ledebury,
1055 4892 1113 4951 pro
1143 4891 1201 4932 sua
1235 4869 1403 4930 manifesta
1431 4872 1632 4933 contumacia

391 4979 510 5058 pariter
547 4985 579 5040 et
615 4980 738 5041 offensa
782 4999 888 5040 coram
929 4978 1021 5039 nobis
1062 4977 1095 5036 in
1129 4975 1246 5056 judicic
1286 4975 1458 5036 contractis
1499 4976 1632 5055 majoris

392 5083 732 5147 excommunicacionis
770 5084 933 5147 sentencia
963 5083 1145 5144 duxerimus
1169 5081 1385 5142 innodandum
1404 5081 1533 5160 justicia
1566 5083 1630 5144 exi·
