3850 5917
425 710 485 771 326
802 707 982 785 Rapiatram
1009 706 1074 766 Ade
1101 706 1138 766 de
1168 705 1291 766 Orletoa

710 838 878 845 -.———-—-
911 838 1051 843 -.-.-—-
1092 834 1657 843 -..—-—-———-...-——————-—

256 966 313 1005 Λ-ῡ-
330 966 384 1003 ¹³²⁵·
427 957 520 1037 April
541 956 736 1034 17.-Royal
756 956 848 1034 Bries
868 954 1082 1031 comorandinp
1104 954 1153 1015 the
1174 953 1292 1032 Bichop
1324 960 1353 1013 to
1383 951 1483 1012 admit
1514 952 1599 1012 John
1627 950 1665 1011 de

550 1038 672 1097 Denton
695 1045 723 1097 to
742 1036 790 1096 tha
804 1035 936 1115 pretend
956 1036 992 1114 of
1008 1035 1155 1104 Moreton,
1178 1036 1213 1094 in
1235 1034 1283 1094 the
1304 1034 1414 1111 Kinp'e
1434 1033 1503 1113 pist,
1525 1035 1608 1093 eirace
1628 1032 1665 1092 he

553 1118 622 1179 held
645 1117 693 1177 the
715 1116 933 1196 temporalibus
958 1117 994 1196 of
1012 1115 1061 1175 the
1081 1115 1256 1195 Biahoprc'c.

507 1297 623 1356 Bnnvn
670 1313 840 1355 nisncrou
882 1296 1045 1356 Episcopo
1086 1312 1149 1353 eno
1189 1312 1364 1353 rursusne
1404 1312 1448 1353 nn
1490 1295 1661 1365 Monroua,

426 1420 602 1462 sncssrun
633 1420 719 1461 arun
753 1400 1051 1471 annnroun,1r⁰
1076 1418 1133 1460 mn
1156 1400 1565 1471 Mn11.—Edwardus,etc.,
1587 1400 1661 1478 Epi-

426 1528 522 1589 scopo
552 1507 786 1579 Herefordensi,
818 1507 867 1569 vel
894 1508 963 1586 ejus
993 1507 1114 1587 gerenti
1144 1507 1176 1566 in
1202 1508 1397 1586 Episcopatu
1427 1506 1661 1576 Herefordensi,

426 1613 569 1674 salutern.
613 1614 693 1674 Cum
715 1634 771 1692 per
792 1612 914 1675 litteras
943 1618 1069 1673 nostras
1096 1617 1242 1692 patentes
1270 1612 1449 1673 dederimus
1472 1618 1505 1673 et
1536 1630 1660 1672 conces·

426 1720 560 1780 serimus
582 1719 696 1779 dilecto
723 1719 835 1780 clerico
866 1726 985 1789 nostro,
1006 1719 1146 1779 Johanni
1168 1720 1206 1779 de
1235 1719 1390 1791 Dentoue,
1412 1718 1603 1798 prebendam
1623 1718 1661 1778 de

426 1827 574 1887 Mortone
596 1827 630 1885 in·
650 1827 782 1888 ecclesia
803 1827 904 1887 sancti
927 1827 1114 1898 Ethelberti‚
1147 1828 1343 1898 Herefordie,
1365 1833 1540 1898 vacantem,
1569 1833 1602 1889 et
1623 1828 1661 1888 ad

426 1938 568 1994 nostram
590 1932 796 1993 donacionem
826 1938 1033 2011 spectantem,
1055 1934 1180 1994 racione
1212 1933 1432 2013 temporalium
1455 1934 1663 2014 Episcopatus

427 2038 669 2099 Herefordensis
699 2038 731 2097 in
765 2059 861 2099 manu
889 2044 999 2101 nostra
1033 2040 1249 2109 existencium,
1278 2040 1455 2100 habendam
1491 2060 1563 2100 cum
1598 2040 1664 2100 suis

426 2144 547 2224 juribus
569 2150 601 2205 et
622 2144 826 2223 pertinenciis
859 2145 1107 2225 quibuscunque,
1139 2151 1232 2224 prout
1264 2145 1296 2204 in
1318 2146 1432 2206 litteris
1453 2146 1570 2206 nostris
1595 2166 1662 2224 pre-

427 2250 521 2310 dictis
541 2250 665 2329 plenius
690 2250 878 2320 continetur,
901 2250 989 2311 vobis
1021 2252 1209 2313 mandamus
1236 2254 1319 2331 quod
1349 2252 1452 2331 ipsum
1484 2252 1663 2313 Johannem

427 2354 466 2414 ad
494 2354 685 2434 prebendam
718 2355 803 2414 illam
833 2356 1019 2426 admittatis,
1052 2363 1084 2417 et
1113 2357 1141 2417 ei
1162 2357 1289 2418 stallum
1321 2358 1353 2416 in
1383 2357 1479 2418 choro
1499 2364 1532 2419 et
1562 2358 1666 2419 locum

427 2462 460 2520 in
482 2462 628 2541 capitulo
660 2462 786 2521 racione
816 2462 975 2542 prebende
1006 2464 1154 2543 predicte,
1186 2471 1280 2543 prout
1311 2464 1407 2524 moris
1431 2470 1489 2535 est,
1511 2464 1664 2543 assignari

428 2567 559 2627 faciatis.
596 2566 689 2627 Teste
710 2588 760 2627 me
787 2567 856 2646 ipso
877 2570 960 2647 apud
982 2568 1107 2629 Bellum
1128 2570 1248 2630 Locum
1265 2570 1369 2649 Regis
1383 2570 1458 2650 xrij⁰
1472 2570 1522 2630 die
1541 2570 1665 2650 Aprilis,

429 2692 513 2733 anno
535 2675 621 2751 regni
644 2674 743 2734 nostri
764 2674 860 2752 xviij0.

433 2925 525 3006 Api-at
546 2926 691 2987 aa-Tha
710 2926 793 3005 Ka'np
811 2928 967 3007 prohibite
990 2929 1039 2989 the
1059 2930 1178 3009 Biahop
1192 2932 1278 3010 from
1297 2930 1464 3009 admittr'np
1485 2952 1547 3009 any
1556 2952 1669 3010 parson

557 3014 586 3068 to
619 3007 667 3067 the
696 3008 830 3087 pretend
866 3010 902 3087 os
929 3010 1076 3080 Marcion,
1101 3012 1185 3070 until
1214 3011 1347 3072 thecuat
1377 3011 1460 3071 shall
1493 3012 1567 3072 hara
1598 3012 1669 3073 been

554 3088 679 3149 decidad
701 3088 828 3149 between
850 3090 897 3150 the
922 3090 1014 3169 Kinp·
1028 3091 1091 3150 aad
1113 3092 1162 3151 the
1182 3092 1356 3172 Bishapur
1379 3099 1407 3152 to
1427 3092 1477 3153 the
1497 3093 1666 3154 adcowsma

512 3270 707 3329 Pnornmcio
738 3271 842 3330 Rnoie
872 3290 932 3331 rao
965 3290 1077 3331 nannai
1103 3292 1275 3333 rensuum
1297 3292 1442 3333 nncsrrn
1468 3292 1553 3333 arun
1582 3274 1666 3333 Mm-

397 3378 399 3383 ’
430 3384 667 3445 nnnrosn,11a⁰
698 3394 755 3435 nin
788 3377 1108 3449 Maru-Edwardus,
1140 3384 1209 3450 etc,
1245 3379 1404 3480 Episcopo
1442 3378 1666 3439 Herefordensi

430 3484 574 3544 salutem.
617 3484 826 3545 Prohibemus
847 3485 936 3545 vobis
957 3506 998 3545 ne
1019 3486 1195 3545 admittatis
1222 3506 1389 3565 personam
1412 3487 1452 3545 ad
1475 3486 1666 3565 prebendam

430 3590 468 3650 de
491 3590 638 3650 Mortone
659 3589 691 3647 in
713 3591 845 3651 ecclesia
870 3592 973 3651 sancti
1002 3591 1189 3662 Ethelberti‚
1212 3592 1406 3662 Herefordio,
1428 3612 1488 3672 que
1513 3597 1612 3662 vacat,
1633 3597 1667 3651 et

430 3698 469 3757 de
491 3696 582 3775 cujus
603 3696 812 3757 advocaoione
833 3698 999 3758 contencio
1022 3703 1109 3757 mota
1129 3703 1179 3758 est
1200 3698 1232 3756 in
1254 3698 1348 3759 Curia
1369 3704 1477 3758 nostra
1498 3698 1581 3757 inter
1607 3717 1667 3758 nos

429 3808 462 3863 et
483 3822 548 3873 vos,
570 3802 670 3863 donec
692 3803 869 3863 discussum
901 3802 995 3863 fuerit
1023 3803 1056 3861 in
1085 3803 1195 3863 eadem
1220 3803 1323 3873 Curia,
1351 3809 1458 3863 utrum
1486 3804 1525 3863 ed
1546 3824 1604 3864 nos
1625 3824 1666 3863 an

430 3908 470 3967 ad
491 3928 547 3969 vos
571 3909 728 3987 pertineat
749 3909 890 3986 ejusdem
913 3907 1070 3986 prebende
1091 3908 1267 3969 advocacio.
1310 3909 1403 3969 Teste
1422 3928 1473 3969 me
1493 3910 1562 3987 ipso
1583 3909 1667 3987 apud

432 4015 647 4093 Wyntoniam,
669 4014 777 4091 xxviij⁰
798 4014 849 4074 die
870 4012 995 4093 Aprilis,
1017 4034 1101 4074 anno
1121 4015 1208 4094 regni
1230 4014 1329 4075 nostri
1352 4015 1448 4093 xviij0.

433 4288 509 4366 May
534 4287 669 4347 n-The
697 4287 816 4366 Bisbop
842 4288 896 4348 has
918 4288 1047 4349 collated
1070 4287 1200 4347 Thomas
1221 4286 1258 4347 de
1281 4286 1386 4364 Astley
1409 4294 1437 4348 to
1467 4287 1516 4347 the
1532 4286 1669 4366 pretend

561 4370 595 4437 of
613 4368 837 4447 Ewr'thz'npicn,
857 4369 920 4429 and
941 4370 996 4428 baa
1013 4368 1208 4429 commanded
1228 4367 1277 4428 the
1295 4368 1385 4428 Deua
1402 4368 1465 4428 and
1486 4366 1619 4446 Chapter
1638 4374 1668 4427 to

558 4449 666 4509 tardaret
702 4449 775 4508 him.
832 4450 881 4509 He
912 4470 978 4509 now
1001 4452 1078 4528 “jor
1097 4449 1216 4509 certam
1245 4450 1400 4509 rcaamw”
1428 4448 1517 4508 aenda
1542 4447 1669 4526 further

558 4529 758 4589 instructions
781 4530 848 4590 that
873 4529 922 4590 the
943 4529 1105 4590 indraction
1128 4530 1239 4590 should
1260 4530 1293 4590 bc
1313 4528 1401 4589 made
1421 4528 1549 4589 witlam
1567 4528 1668 4606 delay,

557 4610 644 4669 u⁹hen
664 4610 690 4668 T
691 4610 794 4670 hanws
817 4610 853 4670 de
874 4610 979 4688 Astlep
1000 4610 1083 4670 shall
1105 4610 1179 4671 have
1201 4610 1353 4690 appeared
1373 4610 1408 4668 iu
1426 4630 1545 4689 perron.

513 4792 705 4852 Marnaruu
729 4810 899 4852 omncruu
921 4794 1058 4853 Dsonro
1083 4810 1125 4852 nr
1146 4792 1312 4854 Garrruno
1343 4792 1669 4853 Hsussonueusiacs

439 4918 481 4959 an
506 4916 760 4958 rrsraumunuu
780 4916 972 4959 uao1srnun
993 4898 1027 4958 T.
1045 4918 1089 4958 nn
1114 4899 1274 4971 Asrnnrn,
1297 4916 1493 4969 canonican,
1508 4916 1667 4959 nassone-

430 5002 692 5074 nrrna.—Adam‚
728 5009 798 5074 etc,
834 5004 957 5065 dilectis
999 5004 1081 5074 filiis,
1113 5003 1245 5065 ecclesie
1283 5010 1390 5066 nostre
1425 5002 1668 5065 Herefordensis

432 5115 562 5175 Decano
584 5132 639 5173 seu
662 5111 731 5191 ejus
752 5111 856 5172 locum
871 5111 1002 5182 tenenti,
1024 5117 1056 5172 ct
1070 5110 1216 5189 capitulo
1236 5110 1379 5189 ejusdem
1399 5107 1529 5169 ecclesie
1549 5112 1668 5179 nostre,
