3850 5917
685 670 836 751 Episcopi
863 671 1107 753 Heresordeasie.
1456 678 1515 738 107

130 901 177 940 ³1⁰·
189 901 237 940 ¹³¹⁹·
275 900 400 956 nostras
428 916 502 956 cum
534 896 735 958 coercicionis
764 896 914 958 oenonioe
944 903 1112 976 potestate.
1175 898 1216 958 ln
1243 899 1334 979 cujus
1371 900 1426 971 rei,
1455 904 1516 961 etc.

276 1002 394 1062 Datum
435 1001 617 1072 Londoniis,
647 1002 710 1062 xir⁰
743 1001 794 1064 die
822 1003 941 1065 mensis
976 1003 1147 1075 Februarii,
1176 1025 1261 1066 anno
1289 1005 1418 1066 Domini
1446 1006 1515 1065 mil-

274 1106 500 1168 1666666000ο
526 1107 771 1180 octavodecimo,
796 1113 855 1170 ete.

274 1353 527 1416 Fet.15.-Tla
562 1353 681 1496 Bishop
716 1353 860 1434 oppoiats
888 1354 1031 1416 Ricbord
1065 1357 1102 1417 de
1134 1359 1253 1420 Veraoa
1271 1359 1335 1419 aad
1364 1360 1448 1420 Joba
1478 1360 1516 1420 de

397 1435 565 1514 Bromfield
594 1441 623 1496 to
670 1455 685 1496 e
714 1435 762 1496 bis
790 1443 945 1514 altorrreys
974 1436 1088 1516 during
1118 1437 1166 1500 bie
1194 1439 1327 1501 absence.

355 1591 443 1650 Irnrr
465 1591 647 1653 Gorrrrrssio
668 1609 769 1651 saona
790 1610 897 1651 61666
918 1611 960 1652 su
982 1593 1127 1654 JOHANM
1149 1613 1192 1655 ns
1214 1596 1421 1656 Baousnnns
1452 1616 1515 1658 rao

274 1713 435 1757 cosroen
476 1696 891 1768 responsurum-Adam,
933 1703 1005 1770 etc,
1040 1698 1163 1761 dilectis
1205 1699 1238 1760 in
1273 1701 1400 1764 Christo
1442 1703 1516 1765 filiis

274 1801 426 1882 magistro
454 1802 492 1862 R.
515 1802 553 1863 de
582 1801 742 1873 Vernoun,
768 1803 892 1863 officiali
920 1810 1029 1866 nostro
1058 1806 1293 1878 Herefordensi,
1315 1813 1347 1868 et
1375 1808 1515 1870 Johanni

273 1907 312 1968 de
335 1907 527 1979 Bromieldo‚
563 1908 735 1970 senescallo
763 1913 881 1980 nostro,
910 1909 1055 1980 salutem,
1087 1917 1147 1972 etc.
1190 1911 1270 1973 Oum
1299 1913 1337 1973 de
1365 1914 1515 1975 mandato

273 2013 393 2073 domini
416 2013 517 2074 nostri
546 2013 641 2096 Regis
676 2013 787 2093 Anglie
815 2020 848 2074 at
882 2021 989 2094 partes
1021 2016 1247 2078 transmarinas
1281 2038 1340 2079 nos
1371 2024 1516 2098 oporteat

273 2118 440 2197 proficisci,
462 2119 501 2180 de
520 2127 625 2181 vestra
644 2118 799 2180 industria
819 2125 851 2182 et
869 2120 1022 2182 fidelitate
1039 2121 1149 2183 confisi
1170 2143 1227 2183 vos
1246 2124 1350 2184 locum
1370 2130 1513 2184 nostrum

273 2231 419 2286 tenentes
444 2225 638 2304 conjunctim
660 2231 692 2286 et
713 2225 838 2287 divisim
860 2227 893 2286 in
914 2227 1066 2306 regimine
1088 2229 1309 2308 temporalium
1333 2236 1514 2290 nostrorum

273 2331 507 2402 constituimus,
529 2331 569 2392 ad
590 2331 815 2394 faciendumst
834 2332 1043 2394 ordinandum
1062 2335 1101 2395 de
1120 2334 1239 2396 eisdem
1259 2336 1386 2397 nomine
1405 2342 1515 2397 nostro

272 2442 366 2515 prout
392 2435 482 2498 vobis
509 2437 558 2497 vel
583 2437 638 2497 uni
673 2443 812 2499 vestrum
839 2438 938 2518 magis
967 2438 1124 2500 videbitur
1157 2441 1235 2502 utile
1269 2446 1302 2503 et
1333 2443 1513 2522 expediens,

272 2541 348 2601 dum
369 2541 518 2602 absentes
536 2541 707 2613 fuerimus;
730 2548 762 2603 et
776 2543 865 2604 vobis
886 2543 918 2602 in
940 2544 1002 2605 hiis
1023 2545 1217 2626 conjunctim
1239 2552 1271 2607 et
1291 2547 1416 2607 divisim
1430 2548 1516 2610 vices

273 2655 399 2709 nostres
423 2647 653 2709 committimus
674 2669 730 2728 per
749 2654 922 2728 presentes,
947 2655 1052 2710 ratum
1073 2656 1106 2712 et
1126 2657 1250 2730 gratum
1272 2651 1409 2713 habituri
1427 2654 1513 2734 quic·

272 2752 347 2832 quid
366 2753 400 2812 in
422 2753 585 2832 premissis
605 2753 733 2814 nomine
752 2759 861 2814 nostro
882 2755 1036 2816 duxeritis
1053 2761 1108 2817 ant
1128 2776 1211 2818 unus
1229 2762 1370 2818 vestrum
1391 2758 1514 2821 duxerit

273 2857 460 2920 iaciendum.
504 2858 543 2918 In
572 2859 662 2939 cujus
690 2859 744 2930 rei,
766 2863 825 2920 etc.
879 2861 999 2920 Datum
1028 2861 1209 2933 londoniis,
1231 2872 1283 2922 xv⁰
1314 2863 1364 2924 die
1395 2864 1515 2926 mensis

273 2965 445 3036 Februarii,
474 2985 558 3027 anno
590 2965 719 3027 Domini
741 2966 882 3028 Μο0000
901 2968 1146 3039 octavodecimo,
1168 2974 1227 3030 etc.

274 3213 612 3274 Feb.16.-Mendete
639 3214 675 3292 of
699 3213 748 3273 the
775 3213 969 3294 Arcbbishop
997 3222 1027 3275 to
1055 3215 1105 3276 the
1132 3215 1251 3296 Bisbop
1278 3219 1314 3296 ⁰f
1338 3217 1422 3278 Bate
1449 3218 1525 3278 end'

402 3293 502 3364 Wells,
534 3293 692 3372 enjoininq
722 3292 787 3354 him
825 3302 854 3355 to
882 3296 996 3374 compel
1024 3296 1073 3356 the
1100 3297 1198 3357 Abbot
1224 3298 1288 3357 ond
1318 3299 1451 3359 Conveni
1482 3298 1528 3378 os'

398 3375 576 3452 Kepnshom
601 3381 629 3435 to
657 3375 770 3436 receive
797 3375 927 3436 Thomas
952 3376 1092 3437 Piclrerd
1115 3377 1229 3437 willein
1250 3383 1291 3438 20
1314 3379 1401 3456 days,
1427 3400 1463 3439 or
1483 3387 1513 3440 66

397 3457 455 3516 cite
477 3456 558 3516 them
579 3455 676 3535 before
705 3456 754 3517 the
774 3456 967 3536 Archtishop
996 3465 1025 3518 to
1047 3458 1166 3538 jaste'sp
1195 3459 1275 3520 their
1294 3461 1433 3540 referret}

354 3613 549 3674 MANDATUM
584 3612 840 3674 ARCHIEPISGOPI
875 3632 1045 3675 manorum
1085 3615 1248 3676 EPISCOPO
1283 3616 1512 3679 Barnomun'sl

273 3743 398 3786 course
420 3723 581 3784 Asnnrsu
601 3742 644 3783 66
660 3724 865 3784 Convnurun
887 3743 930 3783 os
947 3725 1155 3784 Ksrnssnru
1173 3742 1234 3784 nno
1255 3743 1381 3785 usuras
1396 3727 1513 3786 Tsous

273 3829 739 3909 Pronesn.-Archiepisoopus
760 3830 920 3910 Episcopo
947 3829 1157 3890 Bathoniensi
1188 3830 1332 3901 salutem,
1361 3836 1421 3891 ete.
1463 3831 1513 3890 Ex

272 3941 361 4015 parte
382 3933 570 3996 venerabilis
586 3933 692 3995 fratris
709 3935 818 4005 nostri,
841 3934 959 3995 domini
981 3981 987 3993 .
1012 3981 1018 3994 .
1042 3981 1048 3993 .
1067 3935 1128 3997 Dei
1147 3935 1252 4014 gracia
1271 3935 1513 3998 Herelordensis

272 4043 432 4123 Episcopi,
458 4040 550 4102 nobis
574 4040 679 4101 extitit
700 4040 881 4101 intimatum
910 4042 993 4121 quod
1019 4061 1091 4102 cum
1116 4042 1183 4120 ipse
1210 4048 1349 4102 vestrum
1369 4042 1511 4102 iratemi-

272 4155 371 4210 tutem
400 4145 616 4227 requisivisset
637 4145 770 4207 sollicite
793 4151 825 4206 et
849 4146 908 4208 sub
928 4151 1037 4206 mutue
1061 4145 1287 4207 vicissitudinis
1310 4153 1451 4226 optentu,
1475 4169 1512 4209 se

273 4255 305 4314 in
332 4255 413 4333 juris
446 4252 620 4314 subsidium
647 4253 712 4313 suis
733 4253 847 4314 litteris
870 4254 1005 4332 repetita
1037 4253 1105 4312 vice
1129 4272 1201 4312 cum
1228 4252 1383 4313 instancia
1407 4254 1514 4315 debita

271 4380 328 4421 vos
362 4363 505 4438 rogasset
532 4362 569 4418 ut
597 4357 725 4418 fratrem
762 4359 916 4419 Thomam
943 4357 1089 4428 Pichard,
1117 4357 1304 4418 canonicum
1338 4359 1511 4438 regularem

271 4465 404 4527 ecclesie
438 4462 655 4524 conventualis
686 4463 724 4523 de
756 4463 964 4543 Wiggemore,
999 4483 1055 4523 sue
1094 4463 1335 4524 Herefordensis
1369 4464 1512 4536 diocesis,

272 4590 366 4651 quem
388 4573 499 4629 contra
519 4567 677 4647 religionis
699 4568 898 4650 honestatem
917 4574 950 4629 et
971 4587 1028 4629 sue
1048 4567 1252 4648 professionis
1268 4562 1408 4628 debitum
1428 4568 1512 4629 idem

271 4677 370 4736 irater
390 4679 499 4734 noster
520 4673 553 4732 in
574 4693 632 4734 sua
652 4673 837 4735 visitacione
865 4693 966 4753 nuper
985 4672 1070 4734 iacta
1093 4672 1229 4752 graviter
1256 4674 1409 4753 comperit
1437 4674 1512 4735 deli-

273 4781 389 4861 quisse,
412 4798 568 4859 quemque
590 4779 629 4838 ed
643 4778 869 4839 monasterium
891 4779 930 4838 de
945 4777 1158 4856 Keynesham,
1180 4776 1321 4856 ejusdem
1343 4777 1511 4857 religionis,

333 4917 407 4958 l-On
421 4915 477 4956 dan.
498 4915 527 4960 1⁴.
543 4915 599 4960 ¹³2⁰,
616 4913 658 4954 the
675 4913 745 4960 Pone,
765 4907 817 4953 “on
832 4911 992 4958 elenillcetion
1009 4909 1036 4953 66
1051 4912 1094 4953 tire
1112 4911 1202 4958 Biehon
1214 4909 1240 4952 66
1253 4909 1394 4956 nemrordr·
1408 4911 1487 4954 ieeues
1500 4924 1515 4955 ι

271 4979 386 5030 nudate
399 4981 426 5018 66
438 4977 480 5018 the
493 4973 641 5020 Archblehon
656 4969 704 5015 ”to
718 4974 809 5021 commi
822 4973 914 5015 certain
928 4973 1054 5015 diocesane
1067 4972 1114 5015 end
1132 4973 1218 5014 ebbote
1231 4970 1278 5012 end
1291 4970 1365 5012 Irim
1378 4976 1403 5013 66
1415 4972 1516 5016 observe

270 5043 313 5084 6666
325 5045 429 5086 ruente.
445 5038 476 5086 by
492 5036 571 5080 which
585 5036 671 5078 abbate
689 5036 736 5078 end
758 5035 832 5077 iriare
849 5047 891 5078 are
904 5035 983 5077 bound
1002 5038 1029 5077 66
1042 5035 1133 5076 receive
1149 5034 1228 5082 faulty
1241 5033 1349 5080 subiecta
1365 5033 1515 5077 transferred

269 5103 333 5146 imm
345 5103 417 5146 other
430 5099 614 5142 monastria?
