3850 5917
677 695 828 776 Episcopi
855 697 1099 777 Hercsordcnsia.
1447 699 1507 760 207

108 925 158 963 ΑΒ.
173 926 227 964 ¹³²¹·
269 917 418 996 quillitas,
440 924 528 980 extra
555 940 630 981 suos
657 921 809 982 terminos
838 920 900 982 hiis
931 920 1050 992 diebus,
1076 923 1155 1002 proh
1185 923 1282 994 dolor,
1312 923 1445 994 exulata,
1468 924 1507 983 ad

269 1021 375 1082 debite
409 1023 576 1084 reducatur
613 1025 880 1086 reconciliacionis
911 1027 1083 1105 amplexae,
1119 1047 1157 1088 eo
1191 1027 1372 1106 prompcius
1408 1047 1508 1107 eoque

269 1127 446 1190 fervencius
467 1131 506 1189 ad
527 1149 637 1209 pacem
660 1132 841 1211 hujusmodi
857 1133 1087 1211 procurandam
1104 1133 1209 1194 studia
1229 1140 1338 1195 nostra
1355 1133 1508 1194 habemus

269 1253 437 1313 apponere,
459 1237 543 1314 quod
573 1236 656 1297 idem
678 1237 737 1298 sub
764 1237 911 1316 gravibus
931 1238 1022 1318 penis
1047 1259 1104 1318 per
1134 1259 1240 1300 sacros
1268 1259 1404 1300 canones
1440 1259 1509 1318 pre-

269 1339 343 1400 latis
364 1347 414 1401 est
436 1341 649 1413 commissum,
671 1343 843 1421 tapeditate
859 1363 1047 1424 quacunque
1070 1345 1217 1424 seposita,
1238 1351 1349 1406 mutuo
1368 1345 1508 1424 ipsorum

270 1443 500 1506 interveniente
531 1446 661 1506 consilio
689 1447 873 1526 diligencius
894 1450 1121 1527 exequendum.
1177 1449 1328 1510 Volentes
1352 1449 1447 1528 igitur
1474 1450 1509 1508 in

270 1550 415 1612 habendo
450 1572 546 1631 super
581 1553 643 1613 hiis
676 1559 813 1614 tractatu
849 1553 882 1613 in
916 1553 1031 1633 quibus
1070 1554 1213 1615 omnium
1246 1559 1279 1615 et
1314 1554 1508 1634 singulorum

270 1677 398 1718 causam
427 1659 476 1738 agi
508 1659 729 1738 conspicimus,
757 1664 863 1720 vestro
894 1681 931 1720 ac
963 1665 1139 1721 ceterorum
1167 1660 1299 1720 fratrum
1328 1667 1508 1721 nostrorum

270 1765 536 1843 coepiscoporum,
569 1785 606 1824 ac
637 1765 711 1826 cleri
736 1766 833 1826 totius
865 1772 973 1826 nostre
1008 1767 1244 1827 Oantnariensis
1274 1766 1443 1845 provincie,
1475 1766 1509 1826 in

270 1869 403 1929 concilio
439 1871 523 1948 quod
558 1890 595 1930 ex
625 1871 728 1932 causis
765 1871 928 1950 premissis
966 1871 1197 1951 urgentissimis
1232 1891 1268 1932 ac
1303 1873 1434 1932 notoriis
1469 1889 1509 1932 ex

271 1976 442 2037 deliberato
470 1977 600 2038 consilio
621 1997 693 2037 cum
722 1978 909 2057 quibusdam
937 1977 1086 2038 fratribus
1115 1977 1233 2038 nostris
1263 1977 1328 2056 jam
1356 1977 1508 2056 presenti-

271 2082 330 2142 bus
364 2082 574 2142 invocandnm
605 2082 809 2152 decrevimus,
845 2082 976 2142 consilio
1007 2088 1039 2142 st
1068 2081 1183 2143 auxilio
1214 2081 1373 2161 perpotiri,
1409 2087 1440 2142 et
1476 2082 1509 2140 in

271 2187 349 2266 ipsis
392 2189 558 2266 procedere
598 2187 688 2266 juxta
729 2189 964 2248 tractandorum
1009 2187 1194 2266 qualitatem
1237 2187 1433 2266 negotiorum
1476 2192 1510 2247 et

271 2313 441 2362 sacrorum,
466 2298 501 2352 nt
523 2294 725 2372 premittitur,
747 2313 903 2354 canonum
926 2293 1082 2364 instituta,
1103 2293 1191 2353 vobis
1209 2293 1242 2352 in
1264 2293 1381 2353 virtute
1400 2297 1510 2353 sancte

272 2398 452 2459 obediencie
467 2399 600 2460 firmiter
618 2399 810 2478 injungendo
827 2399 1014 2460 mandamus
1031 2399 1179 2478 quatinus
1197 2418 1307 2460 omnes
1323 2404 1356 2460 et
1369 2399 1510 2478 singulos

272 2506 474 2584 coepiscopos
505 2505 720 2584 suffraganeos
749 2511 876 2565 nostros
916 2504 1082 2565 Provincia
1131 2510 1237 2565 nostre
1272 2504 1509 2566 Oantuariensis

271 2609 481 2688 peremptorie
505 2609 618 2680 citetis,
650 2615 682 2669 et
707 2629 762 2688 per
791 2609 876 2688 ipsos
906 2608 1082 2687 Episcopos
1112 2609 1252 2688 singulos
1281 2609 1314 2668 in
1346 2609 1411 2670 suis
1443 2609 1508 2669 dio-

273 2714 397 2775 cesibus
418 2715 563 2774 Decanos
582 2720 614 2775 et
633 2715 758 2775 Priores
774 2714 977 2775 ecclesiarum
998 2713 1234 2787 cathedralium,
1255 2714 1509 2784 Archidiaconoe,

273 2822 420 2892 abbates,
441 2829 474 2882 et
494 2821 618 2882 Priores
640 2821 717 2881 alios
739 2841 813 2881 snos
834 2827 1009 2881 conventus
1029 2841 1086 2900 per
1116 2842 1150 2882 se
1172 2827 1324 2900 regentes,
1346 2826 1509 2900 exemptos

273 2932 305 2987 et
337 2947 401 2987 non
432 2932 603 3005 exemptos,
636 2947 672 2986 ac
703 2945 812 2986 eorum
843 2932 1027 2996 conventus,
1060 2931 1224 3004 totumque
1256 2925 1383 2997 clerum,
1415 2933 1510 3004 prout

273 3030 405 3109 singulis
426 3031 555 3091 subesse
576 3030 726 3102 noscitur,
747 3030 958 3110 peremptorie
978 3031 1068 3091 citari
1086 3029 1209 3090 faciatis
1226 3036 1259 3091 et
1277 3030 1403 3102 curetis,
1425 3031 1510 3110 quod

273 3135 349 3195 dicti
370 3134 481 3195 iratres
513 3135 622 3206 nostri,
655 3141 687 3195 et
718 3135 858 3214 ipsorum
880 3135 994 3214 singuli
1030 3134 1150 3194 Decani
1180 3141 1212 3195 et
1233 3133 1358 3195 Priores
1383 3134 1508 3196 ecclesi·

272 3260 361 3301 arum
397 3241 633 3311 cathedralium,
668 3261 705 3301 ac
740 3241 959 3303 Archidiaconi
995 3241 1108 3320 singuli
1144 3241 1358 3319 personaliter,
1395 3241 1510 3320 singuli

273 3367 347 3407 vero
379 3346 515 3407 Abbates
544 3354 577 3407 et
606 3347 731 3408 Priores
762 3353 936 3408 conventus
971 3367 1027 3426 per
1058 3367 1091 3408 se
1123 3352 1277 3426 regentes,
1309 3347 1446 3427 exempti
1477 3353 1513 3408 et

272 3473 338 3514 non
367 3454 513 3532 exempti,
539 3474 575 3514 ac
600 3454 723 3533 singula
746 3453 891 3532 Capitula
915 3460 947 3514 et
973 3453 1155 3514 Conventus
1180 3453 1295 3532 singuli
1319 3473 1375 3532 per
1399 3473 1509 3524 unum,

273 3558 437 3639 clerusque
471 3558 639 3637 cujuslibet
677 3559 810 3620 diocesis
847 3579 905 3639 per
942 3560 1021 3619 duos
1056 3563 1282 3637 procuratores,
1321 3558 1423 3636 primo
1459 3558 1510 3619 die

273 3664 392 3724 mensis
420 3663 603 3724 Decembris
628 3665 660 3723 in
685 3663 817 3725 ecclesia
845 3664 947 3725 sancti
975 3664 1065 3724 Pauli
1091 3662 1321 3724 Londoniensis
1350 3664 1388 3724 de
1417 3685 1510 3726 mane

274 3770 466 3831 sufficienter
489 3776 701 3850 compareant,
724 3791 797 3831 curn
822 3771 1062 3832 continuacione
1087 3776 1119 3830 et
1144 3769 1366 3849 prorogacione
1387 3771 1508 3831 diemm

274 3877 545 3956 subsequencium,
575 3897 670 3956 super
696 3877 858 3956 premissis
886 3884 918 3938 et
943 3877 1013 3937 aliis
1038 3881 1158 3938 statum
1183 3875 1313 3937 ecclesie
1338 3875 1509 3956 Anglicane

274 3988 306 4043 et
334 3984 432 4044 totius
460 3983 547 4063 regni
576 3983 836 4044 concernentibus
865 3983 898 4042 in
926 3983 996 4063 ipso
1031 3982 1163 4044 concilio
1188 3982 1417 4060 pertractandis
1445 4000 1510 4043 una

274 4088 438 4149 nobiscum
466 4094 499 4149 et
527 4109 598 4149 cum
627 4089 739 4150 ceteris
767 4089 915 4150 fratribus
941 4089 1114 4160 tractaturi,
1144 4088 1319 4160 consilium,
1348 4089 1508 4162 auxilium,

274 4200 306 4254 et
333 4215 497 4255 assensum
526 4195 717 4265 ordinandis,
742 4194 893 4256 iaciendis
918 4201 950 4256 et
975 4195 1151 4256 statuendis
1176 4194 1291 4254 ibidem
1320 4195 1359 4254 ad
1383 4195 1509 4256 laudem

274 4301 344 4372 Dei,
379 4300 486 4380 populi
522 4300 669 4381 quietem,
705 4306 737 4361 et
771 4300 942 4361 utilitatem
977 4302 1074 4362 totius
1106 4299 1150 4360 rei
1185 4299 1309 4379 publice
1343 4298 1510 4362 salubriter

275 4406 457 4486 impensuri,
486 4407 608 4478 facturi,
637 4414 669 4468 et
697 4409 852 4487 recepturi
880 4409 913 4467 in
941 4409 1053 4469 sodom
1082 4406 1214 4467 concilio
1239 4405 1370 4467 ulterius
1398 4426 1508 4467 secun-

274 4511 350 4571 dum
388 4513 623 4572 tractandorum
662 4518 817 4584 naturam,
843 4493 943 4592 ¹qnod
985 4513 1115 4574 ecclesie
1153 4518 1248 4592 atque
1286 4513 1373 4591 regni
1412 4513 1508 4591 hujus

276 4617 369 4677 saluti
405 4617 549 4696 congruit
583 4623 615 4677 et
646 4618 744 4697 quieti
756 4637 764 4689 ;
798 4618 948 4679 iratribus
981 4619 1098 4679 nostris
1127 4623 1159 4678 et
1190 4617 1333 4696 personis
1364 4619 1509 4697 superius

274 4713 445 4774 nominatis
483 4733 628 4793 expresse
667 4715 893 4776 denunciantes
929 4716 1014 4795 quod
1052 4719 1161 4777 contra
1198 4715 1285 4794 ipsos
1323 4735 1386 4775 non
1425 4736 1508 4777 com·

275 4815 430 4889 parentes,
461 4816 493 4870 et
525 4811 558 4869 in
588 4811 675 4889 pacis
704 4813 927 4891 prosecucione
962 4813 1164 4892 negligentes,
1198 4811 1237 4871 ad
1268 4831 1362 4891 quam
1394 4813 1508 4892 quibus

276 4907 415 4986 ipsorum
446 4907 579 4967 lratnrm
610 4928 648 4968 ex
675 4908 818 4988 injuncto
850 4910 979 4972 canonis
1011 4909 1070 4970 sub
1100 4909 1215 4988 gradus
1249 4909 1297 4968 sui
1329 4909 1508 4972 amissionis

276 5023 357 5083 pena
387 5009 522 5076 tenetur,
553 5010 708 5084 quantum
740 5006 830 5067 nobis
861 5027 881 5066 a
910 5007 979 5086 jure
1013 5006 1215 5086 permittitur,
1247 5005 1406 5085 puniendo
1436 5027 1507 5086 pro-

276 5101 432 5174 cedemus,
464 5101 613 5182 ipsosque
643 5103 676 5161 in
707 5103 779 5175 hiis,
810 5104 843 5163 in
875 5103 989 5183 quibus
1020 5109 1128 5164 nostra
1162 5123 1196 5164 se
1229 5102 1409 5182 jurisdiccio
1442 5124 1508 5166 non
