3850 5917
690 686 842 767 Episcopi
868 687 1113 768 Hercscrdcnas's.
1461 693 1522 753 315

87 914 152 953 ··⁰·
178 914 239 953 ¹³²⁵·
280 908 478 986 permittant.
519 909 611 982 Quod
626 909 653 970 si
668 909 782 970 vestris
796 910 1027 973 monicionibus
1042 912 1223 991 hujusmodi
1238 934 1347 993 parere
1361 920 1522 995 contemp·

281 1013 390 1085 serint,
412 1014 484 1077 illos
504 1020 537 1077 et
560 1035 780 1096 quemcunque
800 1036 910 1077 eorum
939 1017 1033 1077 adid
1065 1019 1215 1080 canonice
1243 1039 1299 1099 per
1320 1040 1526 1102 quascunque

283 1140 434 1181 censuras
454 1119 684 1182 ecclesiasticas
700 1126 733 1181 et
753 1121 1002 1201 publicaoionem
1017 1144 1124 1185 earum
1147 1125 1351 1205 solempnem,
1367 1128 1527 1188 mediante

284 1226 423 1305 justicia,
450 1226 656 1306 compellatis,
682 1228 722 1287 ad
750 1227 834 1307 qnod
861 1228 960 1298 vobis,
982 1234 1019 1290 ut
1049 1229 1252 1309 premittitur,
1274 1231 1469 1310 conjunctim
1493 1238 1527 1295 et

281 1331 408 1393 divisim
427 1333 657 1393 committimus
678 1338 787 1394 tencre
800 1334 999 1412 presencium
1013 1334 1098 1396 vices
1119 1340 1253 1408 nostras,
1268 1342 1327 1398 etc.
1370 1337 1526 1400 Volumus

284 1437 385 1498 eciam
424 1439 457 1497 in
492 1439 609 1499 virtute
644 1442 754 1499 sancte
787 1439 970 1502 obediencie
1012 1440 1147 1502 subditis
1184 1442 1356 1504 decanatus
1391 1444 1524 1523 predicti

285 1544 479 1623 injungendo
510 1544 670 1605 mandare¹
691 1550 737 1615 ut,
766 1564 838 1605 cum
870 1566 927 1625 per
953 1566 1011 1607 vos
1045 1547 1094 1607 vel
1126 1546 1259 1609 alterum
1291 1554 1432 1610 vestrum
1452 1570 1521 1629 pre·

283 1648 398 1709 muniti
442 1648 568 1721 fuerint,
610 1648 700 1711 vobis
738 1648 890 1711 assistant
935 1651 968 1711 in
1010 1652 1197 1714 execucione
1238 1654 1379 1715 mandati
1421 1656 1522 1717 nostri

281 1754 447 1833 presentis.
498 1754 581 1829 Quid
602 1760 709 1816 autem
730 1754 876 1827 feceritis,
898 1764 958 1818 etc.

281 2009 343 2069 The
384 2009 503 2089 Bishcp
534 2010 570 2089 of
598 2009 763 2088 Salisbury
795 2010 947 2072 thraciam
979 2012 1272 2073 excommunication
1302 2013 1426 2091 aquina
1460 2034 1523 2093 any

407 2090 474 2151 wito
502 2090 613 2151 should
640 2091 760 2171 despoil
787 2091 836 2152 thc
866 2092 990 2153 Choreb
1017 2094 1053 2172 os
1083 2093 1202 2171 Patney
1231 2094 1266 2173 of
1296 2094 1447 2173 anytbinp
1476 2094 1521 2155 bo-

403 2170 526 2250 loaginq
555 2179 584 2233 to
611 2171 647 2232 it.

360 2346 512 2425 Rogerus,
526 2346 743 2425 permissione,
764 2351 824 2407 etc.
866 2346 1033 2421 Querelam
1049 2346 1099 2406 W.
1121 2347 1160 2407 de
1182 2348 1240 2418 A.,'
1260 2352 1329 2419 etc,
1345 2348 1521 2426 recepimus

278 2452 495 2530 continentem
523 2452 607 2532 qnod
628 2451 702 2513 licet
723 2471 834 2514 omnes
865 2450 910 2511 illi
939 2452 995 2531 qui
1015 2451 1164 2514 ecclesias
1185 2452 1345 2514 maliciose
1374 2472 1431 2513 suo
1451 2452 1522 2531 jure

279 2559 404 2637 privare
424 2563 612 2638 presumunt
632 2562 688 2617 aut
712 2556 874 2619 libertates
897 2577 1006 2619 earum
1027 2556 1196 2636 infringere
1216 2556 1266 2617 vel
1287 2577 1343 2636 per
1363 2556 1520 2618 maliciam

281 2664 466 2743 perturbare
485 2665 690 2735 contendunt,
707 2684 830 2725 necnon
845 2664 897 2743 qni
913 2664 1079 2725 ecclesiam
1098 2668 1239 2723 nostram
1256 2662 1521 2724 sarisburiensem

283 2770 334 2831 vel
355 2790 559 2851 quascunque
579 2771 681 2832 eidem
703 2769 862 2849 subjectas
882 2770 976 2831 dictis
997 2769 1220 2840 oblacionibus,
1241 2770 1377 2849 pascuis,
1396 2767 1519 2829 liberta·

286 2873 381 2945 tibus,
416 2874 466 2935 vel
499 2874 593 2935 rebus
624 2874 872 2955 quibuscunque,
907 2874 941 2934 in
973 2894 1106 2955 quarum
1134 2874 1334 2953 possessione
1371 2874 1524 2935 canonica

282 2980 466 3051 extiterunt,
490 2981 617 3060 propria
651 2981 839 3042 auctoritate
871 2982 1006 3061 spoliare
1040 2985 1228 3060 presumunt
1262 2984 1317 3041 aut
1346 2980 1445 3041 eciam
1479 2979 1519 3040 de

281 3084 436 3155 domibus,
456 3086 613 3156 maneriis,
634 3087 781 3166 grangiis,
802 3087 852 3149 vel
873 3086 943 3148 aliis
964 3086 1041 3147 locis
1059 3087 1098 3146 ad
1119 3106 1270 3165 personas
1291 3086 1521 3147 ecclesiasticas

280 3189 331 3251 vel
365 3190 406 3250 ad
434 3190 520 3270 ipsas
551 3191 699 3253 ecclesias
727 3192 958 3271 pertinentibus
991 3193 1177 3253 accedentes
1211 3193 1379 3273 quicquam
1414 3197 1521 3273 preter

281 3294 478 3356 voluntatem
506 3301 562 3356 aut
582 3296 823 3375 permissionem
851 3297 1051 3358 dominorum
1079 3298 1220 3377 ipsorum
1248 3297 1297 3357 vel
1328 3316 1436 3357 eornm
1465 3296 1519 3376 qui

278 3406 355 3461 sunt
389 3401 422 3460 in
456 3401 503 3462 eis
537 3402 783 3463 consistencium
825 3422 930 3463 rerum
967 3402 1109 3463 custodie
1146 3402 1289 3481 deputati
1324 3421 1518 3473 consumere,

274 3507 406 3578 auterre,
447 3508 497 3569 vel
531 3514 728 3570 contractare
757 3508 1018 3589 presumpserint,
1060 3508 1125 3568 sint
1160 3506 1228 3587 ipso
1269 3506 1353 3567 iacto
1388 3506 1516 3585 majoris

280 3614 619 3675 excommunicacionis
640 3614 811 3676 sentenciis
835 3635 854 3675 a
883 3615 1003 3675 sanctis
1027 3614 1175 3675 Patribus
1199 3618 1309 3674 contra
1335 3614 1517 3691 hujusmodi

280 3718 498 3780 malefactores
527 3718 704 3781 fulminatis
725 3719 968 3801 dampnabiliter
998 3720 1150 3790 innodati,
1172 3719 1300 3799 quidam
1332 3726 1438 3780 tamen
1469 3720 1516 3779 in-

275 3825 420 3905 iquitatis
461 3825 527 3898 filii,
569 3846 703 3906 quorum
741 3828 926 3907 ignorantur
967 3828 1097 3888 nomina
1131 3832 1163 3887 ct
1203 3845 1346 3906 persone,
1381 3826 1516 3887 eundem

277 3932 447 3993 Rectorem
461 3952 519 4012 per
532 3932 689 3993 maliciam
705 3934 937 4013 impediverunt
951 3934 1120 4014 quominus
1140 3933 1277 3993 decimus
1292 3932 1331 3992 ad
1352 3931 1516 3993 ecclesiam

275 4057 366 4099 suam
404 4044 587 4119 spectantes
621 4059 677 4119 per
711 4059 745 4100 se
777 4045 809 4101 et
844 4060 919 4101 suos
954 4039 1108 4119 colligere,
1138 4038 1284 4107 adunare,
1322 4043 1354 4098 et
1388 4037 1421 4097 in
1449 4037 1518 4099 solo

275 4143 489 4205 ecclesiastico
510 4164 661 4225 reponere
681 4146 795 4225 potuit,
817 4153 854 4206 nt
874 4145 1011 4217 deberet,
1033 4144 1242 4233 animaliaque
1264 4164 1321 4205 sua
1340 4143 1372 4201 in
1387 4148 1516 4223 pastura

277 4248 410 4310 ecclesie
430 4269 487 4310 sue
507 4250 685 4329 depascere,
711 4251 865 4312 deducere
884 4249 977 4329 juxta
1008 4270 1127 4311 morem
1159 4248 1300 4309 debitum
1328 4253 1360 4310 et
1385 4254 1516 4310 actenus

275 4354 439 4426 usitatum,
460 4374 497 4415 ac
519 4354 701 4434 hujusmodi
730 4356 869 4427 decimis,
898 4357 1046 4436 pasturis,
1074 4355 1210 4436 pascuis,
1239 4354 1461 4426 oblacionibus,
1483 4360 1517 4415 et

275 4459 473 4522 libertatibus
496 4462 726 4533 ecclesiasticis,
748 4462 782 4521 in
806 4483 940 4543 quarum
965 4461 1165 4542 possessione
1187 4461 1338 4521 canonica
1360 4466 1425 4521 tam
1448 4460 1517 4541 ipse

274 4586 369 4645 quam
392 4566 629 4645 predecessores
649 4567 698 4627 sui
718 4568 758 4627 ab
780 4568 911 4648 antiquo
930 4568 1029 4648 ipsius
1047 4567 1177 4628 ecclesie
1193 4566 1321 4627 nomine
1335 4566 1515 4636 extiterunt,

277 4676 395 4733 temere
423 4672 606 4751 spoliarunt.
663 4673 737 4734 Hiis
768 4674 898 4753 insuper
925 4673 1087 4734 maleficiis
1122 4692 1186 4733 non
1215 4672 1356 4732 contenti
1377 4671 1417 4731 ad
1447 4671 1518 4733 loca

276 4777 488 4839 ecclesiastica
508 4778 608 4859 ipsius
631 4779 775 4840 Rectoris
795 4784 829 4840 et
849 4780 889 4840 sd
909 4778 1012 4859 ipsam
1035 4778 1199 4839 ecclesiam
1221 4795 1309 4837 suam
1335 4776 1517 4855 spectancia

276 4888 486 4955 accesserunt,
518 4889 552 4945 et
572 4905 623 4946 res
654 4904 728 4946 suas
748 4885 978 4947 ecclesiasticas
1006 4884 1038 4943 in
1067 4883 1185 4944 eisdem
1213 4880 1384 4942 existentes
1404 4886 1517 4942 contra

276 4990 474 5051 voluntatem
502 4996 535 5052 et
554 4990 795 5070 permissionem
823 4990 966 5071 ejusdem
987 4994 1019 5052 ct
1043 5009 1152 5051 eorum
1172 4987 1226 5068 qui
1247 4986 1375 5047 fuerunt
1405 4988 1514 5067 hujus-

465 5126 529 5166 l-ln
543 5126 595 5168 tls.
612 5125 775 5168 mandamua.
1073 5125 1138 5167 Η.
1152 5122 1181 5165 de
1195 5124 1222 5165 B.
1237 5122 1261 5164 ln
1274 5123 1326 5163 MS.
