3850 5917
704 651 855 732 Episcopi
881 650 1126 732 Hcrosordcusis.
1470 649 1534 709 239

112 884 253 925 A·1>·¹³²²·
295 876 431 956 strepitu
458 880 491 937 et
511 875 675 955 dispendio
706 875 856 954 sopiatur,
885 894 944 936 nos
971 874 1113 935 volentes
1144 874 1321 964 animarum
1341 872 1436 935 saluti
1460 892 1533 934 con·

295 982 407 1054 sulere,
443 988 476 1043 et
516 981 680 1061 utriusque
717 980 817 1060 partis
852 979 1075 1060 indempnitati
1116 979 1303 1060 prospicere,
1339 999 1380 1040 ne
1415 978 1533 1039 frustra
1569 1020 1572 1025 -

296 1093 448 1149 vexentur
481 1086 639 1149 laboribus
666 1091 699 1147 et
729 1086 885 1165 expensis,
916 1086 1018 1166 parati
1050 1106 1160 1147 sumus
1187 1084 1330 1166 partibus
1361 1085 1394 1145 in
1422 1089 1532 1146 nostra

295 1193 458 1273 presencie
478 1192 660 1254 constitutis
676 1196 709 1253 et
729 1192 853 1271 plenius
869 1192 986 1253 auditis
1008 1212 1103 1272 super
1124 1191 1286 1271 premissis
1303 1189 1531 1253 deliberacione

295 1300 402 1378 previa
429 1298 581 1360 ordinare.
624 1298 668 1357 Et
692 1297 762 1358 ideo
790 1297 874 1359 dicto
898 1297 1058 1358 Willelmo
1086 1297 1269 1359 denunciari
1293 1297 1425 1358 iacimus
1447 1297 1532 1377 quod

296 1404 338 1464 sit
365 1423 470 1464 coram
499 1402 589 1464 nobis
618 1403 701 1483 apud
729 1402 920 1481 Prestebury
947 1403 1007 1463 hac
1035 1402 1167 1463 instanti
1191 1402 1242 1463 die
1271 1402 1360 1463 Lune
1387 1402 1530 1481 proxima

294 1514 368 1588 post
387 1508 504 1569 festum
529 1508 759 1569 Translacionis
788 1507 890 1568 sancti
921 1508 1050 1579 Thome,
1079 1526 1137 1568 nos
1165 1507 1204 1568 de
1232 1507 1300 1585 jure
1325 1526 1382 1568 suo
1406 1506 1531 1586 plenius

296 1613 520 1675 informaturus
556 1618 589 1675 et
624 1613 857 1675 ordinacionem
895 1618 1036 1674 nostram
1075 1612 1248 1684 auditurus,
1294 1616 1326 1673 et
1356 1611 1458 1673 eidem
1496 1616 1534 1672 nt

294 1718 415 1798 justum
443 1718 546 1794 inerit,
563 1718 732 1798 pariturus.
787 1718 831 1778 Et
855 1719 888 1778 id
909 1719 981 1780 ideo
1009 1718 1066 1779 tibi
1095 1725 1203 1779 tenore
1230 1716 1429 1798 presencium
1459 1717 1533 1777 inti-

297 1845 430 1885 mamus.
485 1809 605 1885 Deitum
640 1825 698 1886 sub
733 1830 841 1886 nostro
868 1825 992 1905 privato
1020 1824 1122 1904 sigillo
1150 1825 1234 1904 apud
1271 1823 1452 1903 Prestbury‚
1482 1824 1533 1884 die

298 1931 411 1991 Martis
439 1930 471 1990 in
500 1930 621 1991 Octaba
649 1930 871 2011 Apostolorum
898 1931 985 1992 Petri
1013 1936 1046 1992 et
1074 1930 1173 1991 Pauli.

299 2186 374 2265 July
401 2185 716 2264 16.-Oonfirmction
744 2186 782 2264 dy
811 2185 860 2247 tho
888 2184 1006 2265 Bishop
1030 2186 1066 2263 os
1090 2206 1111 2245 a
1137 2190 1229 2262 praet
1258 2184 1295 2263 ty
1322 2183 1371 2244 tlte
1397 2183 1533 2262 Chapter

418 2268 454 2345 of
472 2266 521 2327 tha
543 2259 746 2346 detraheres
761 2266 957 2344 Diddlcbcry
978 2266 1041 2327 arrd
1061 2266 1149 2344 Loco
1164 2266 1319 2325 Stauntoa
1340 2271 1369 2325 lo
1390 2264 1533 2325 Riclrurd

419 2348 456 2408 dc
480 2348 598 2408 Vernos
618 2348 657 2408 ad
678 2347 801 2408 firmam
816 2348 871 2427 for
892 2347 940 2407 his
962 2346 1025 2426 lc'fc,
1047 2354 1081 2407 ct
1102 2366 1122 2407 a
1142 2346 1242 2407 raatol
1262 2347 1298 2426 of
1315 2348 1385 2407 ,860
1405 2365 1425 2405 o
1445 2365 1530 2423 year.

379 2517 602 2577 Oourrsnamo
640 2535 724 2577 nass
765 2516 935 2577 Ormcrsm
967 2517 1229 2577 Hassroensssr
1271 2534 1316 2575 ns
1351 2533 1452 2575 srnrrs
1486 2534 1531 2575 ns

299 2623 504 2682 Donnssusr
525 2641 567 2681 nr
592 2623 1116 2685 sordesceremus-Universa
1140 2629 1249 2684 sancte
1268 2622 1378 2683 matris
1402 2622 1534 2684 ecclesie

298 2727 380 2799 filiis,
401 2728 441 2789 ad
465 2748 599 2808 quorum
625 2728 776 2788 noticiam
796 2728 900 2790 littere
918 2735 1083 2807 presentes
1105 2728 1314 2808 pervenerint,
1336 2728 1446 2800 Adam,
1472 2733 1532 2789 etc.
1584 2798 1586 2803 ,

298 2833 430 2895 Noverit
448 2833 636 2894 universitas
652 2838 758 2894 vestra
776 2854 834 2894 nos
852 2834 1027 2913 inspexisse
1042 2834 1165 2894 litteras
1182 2834 1367 2895 dilectorum
1386 2833 1533 2906 filiorum,

299 2938 436 3018 Capituli
462 2943 570 2999 nostre
598 2938 839 3000 Hereiordensis
870 2939 1010 3011 ecclesie,
1042 2940 1197 3000 decanatu
1220 2939 1361 3019 ejusdem
1389 2944 1532 3013 vacante,

298 3050 440 3105 tenorem
466 3044 519 3124 qui
545 3044 688 3123 sequitur
715 3044 913 3106 continentes
929 3044 1071 3105 z-Anno
1103 3045 1232 3105 Domini
1262 3044 1477 3123 M00000xxij0
1501 3049 1534 3105 et

299 3150 387 3229 regni
407 3149 502 3228 Regis
517 3148 673 3220 Edwardi,
695 3148 750 3209 filii
772 3150 930 3230 quondam
951 3150 1046 3230 Regis
1068 3151 1116 3222 E,
1146 3160 1206 3222 xv⁰,
1229 3170 1337 3211 mense
1358 3150 1464 3221 Junio,
1486 3149 1537 3210 die

299 3254 388 3316 Jovis
415 3254 448 3313 in
473 3254 554 3315 festo
581 3254 757 3315 nativitatis
783 3254 866 3315 beati
894 3256 1050 3317 Johennis
1078 3256 1234 3335 Baptiste,
1263 3276 1321 3316 nos
1353 3255 1535 3335 Capitulum

301 3361 430 3422 ecclesie
458 3360 708 3432 Hereiordensis,
736 3360 836 3441 ipsius
864 3361 1019 3422 decanatu
1039 3366 1180 3435 vacante,
1209 3360 1325 3422 habitis
1347 3366 1484 3421 tractatu
1504 3364 1538 3421 et

300 3466 526 3527 deliberacione
556 3465 705 3545 plenariis
736 3466 769 3525 in
803 3467 963 3527 communi
997 3466 1080 3527 inter
1110 3486 1177 3538 nos,
1209 3466 1401 3547 ecclesieque
1429 3471 1537 3527 nostre

299 3570 436 3631 utilitate
459 3570 663 3642 considerata,
685 3572 755 3649 ejus
775 3572 912 3643 nomine,
937 3576 1055 3643 nostro,
1077 3578 1110 3633 et
1129 3572 1322 3652 singulorum
1347 3574 1535 3634 concanoni-

299 3697 406 3738 corum
437 3681 616 3737 nostrorum
647 3677 845 3756 presencium
873 3683 906 3738 et
933 3677 1120 3751 futurorum,
1149 3679 1357 3739 residencium
1385 3684 1418 3740 et
1456 3699 1534 3739 non·

298 3780 516 3853 residencium,
561 3781 595 3840 in
632 3782 701 3842 loco
739 3781 911 3861 Oapitulari
951 3782 1082 3844 ecclesie
1132 3790 1239 3845 nostre
1283 3784 1533 3859 Hereiordensis,

300 3888 420 3958 damus,
444 3887 654 3959 concedimus,
684 3891 716 3948 et
745 3888 898 3949 tradimus
925 3890 1065 3968 presenti
1093 3889 1202 3969 scripti
1230 3896 1338 3951 tenore
1366 3890 1536 3951 venerabili

300 3991 375 4063 viro,
396 3991 485 4052 fratri
513 3997 545 4052 et
576 3992 787 4053 concanonico
817 3999 936 4065 nostro,
965 3994 1115 4073 magistro
1140 3993 1273 4056 Ricardo
1308 3994 1347 4055 de
1374 3995 1534 4068 Vemoun‚

298 4097 377 4176 juris
401 4097 543 4158 canonici
563 4098 741 4178 professori,
766 4100 906 4178 presenti
927 4105 959 4160 et
980 4099 1143 4179 recipienti
1172 4100 1210 4160 ad
1232 4120 1362 4161 censum
1383 4121 1534 4174 annuum,

299 4204 422 4263 firmem
444 4202 510 4264 sive
530 4203 732 4275 locucionem,
754 4204 793 4264 ad
814 4210 915 4265 totam
937 4206 1036 4266 vitam
1060 4206 1211 4286 ejusdem,
1238 4205 1385 4267 ecclesias
1409 4212 1534 4269 nostras

301 4310 339 4369 de
359 4308 542 4388 Dodlebury
569 4314 601 4370 et
630 4310 916 4390 Longostauntone,
938 4312 971 4371 in
993 4311 1146 4372 comitatu
1171 4310 1336 4389 Salopsire‚
1366 4311 1534 4373 Hereiord-

301 4415 385 4476 ensis
409 4415 552 4487 diocesis,
580 4414 671 4476 nobis
692 4422 724 4477 et
745 4417 828 4478 dicte
854 4417 985 4479 ecclesie
1006 4422 1113 4479 nostre
1141 4417 1181 4478 ab
1208 4417 1283 4478 olim
1311 4419 1537 4498 appropriatus,

300 4526 333 4581 et
353 4522 386 4580 in
408 4539 485 4582 usus
507 4520 651 4600 proprios
671 4521 850 4593 existentes,
876 4514 1037 4583 liabendas
1059 4526 1091 4583 et
1108 4522 1260 4583 tenendas
1278 4542 1351 4583 oum
1372 4522 1535 4595 fructibus,

299 4626 481 4696 redditibus,
503 4626 716 4705 proventibus,
745 4630 778 4687 et
805 4627 1058 4699 obvencionibus,
1087 4632 1119 4689 et
1141 4628 1253 4689 ceteris
1274 4628 1340 4689 suis
1359 4627 1481 4708 juribus
1504 4634 1538 4691 et

301 4731 504 4812 pertinenciis
525 4731 688 4803 universis,
706 4752 763 4811 pro
787 4732 818 4792 lx
839 4732 927 4794 libris
949 4733 1170 4813 sterlingorum
1188 4733 1336 4814 ponderis
1355 4739 1388 4794 et
1410 4740 1537 4797 monete

304 4837 411 4917 legalis
432 4836 596 4897 annuatim
620 4836 660 4897 ab
687 4837 797 4898 eodem
818 4838 969 4917 magistro
996 4838 1140 4910 Ricardo,
1168 4838 1298 4900 ecclesie
1325 4842 1357 4899 et
1382 4838 1537 4919 Capitulo,

304 4943 395 5005 nobis
430 4949 464 5004 et
491 4942 609 5003 nostris
649 4943 891 5016 successoribus,
930 4944 1074 5005 terminis
1115 4943 1299 5024 subscriptis
1335 4944 1368 5004 in
1406 4946 1538 5009 ecclesia

307 5049 531 5111 Hereiordensi
568 5049 735 5123 solvendis,
774 5050 808 5110 in
845 5050 935 5112 iestis
966 5050 1202 5112 Purificacionis
1229 5050 1319 5113 beate
1356 5052 1466 5126 Maria,
1500 5074 1542 5115 xx
