3850 5917
419 692 478 751 342
794 691 973 769 chietrum
1000 691 1065 751 ude
1092 692 1128 753 dc
1158 691 1281 752 Orator

249 946 307 987 Μ)-
323 948 378 986 ¹³²⁶·
421 940 494 999 Jon.
519 940 651 998 16.—ln
676 938 725 999 tire
748 945 859 998 matter
880 939 915 1016 os
936 959 956 997 o
980 937 1044 997 cruit
1070 938 1167 1016 before
1192 938 1240 997 the
1264 938 1354 998 Deera
1375 939 1410 1016 os
1434 938 1594 1018 Hereford,
1619 940 1655 999 in

542 1019 643 1079 which
669 1019 751 1080 Cecil
774 1018 810 1079 de
837 1019 928 1096 Cary,
953 1018 1101 1096 oleimiap
1125 1026 1154 1078 to
1180 1018 1254 1079 luove
1279 1018 1350 1079 beera
1370 1020 1538 1098 prermted·
1553 1027 1581 1080 to
1605 1020 1653 1081 tlte

546 1100 691 1178 Vicorope
715 1100 751 1178 os
778 1099 994 1177 Worrabrr'dpe,
1022 1099 1131 1177 souqlrt
1156 1106 1185 1159 to
1210 1100 1243 1159 be
1267 1099 1431 1161 instituted
1455 1100 1599 1179 inplere
1621 1101 1658 1180 of

546 1181 686 1241 Williorn
720 1182 837 1257 Bruyn,
875 1172 922 1239 tlte
958 1180 1063 1240 holder
1089 1180 1125 1259 os
1156 1179 1205 1240 tlte
1233 1180 1366 1258 berrefiee,
1399 1182 1448 1241 the
1479 1182 1570 1241 latter
1597 1181 1652 1241 leus

543 1262 689 1341 appeuled
718 1269 747 1322 to
777 1260 825 1321 rte
852 1260 980 1339 Bishop.
1038 1259 1100 1321 Tlre
1127 1260 1254 1339 Bishop,
1284 1261 1437 1341 therefore,
1456 1262 1580 1340 sorbuit
1604 1262 1653 1323 rte

542 1342 632 1403 Deua
659 1351 688 1403 to
713 1350 763 1403 acl
784 1342 911 1421 further
939 1340 975 1400 in
1003 1341 1052 1401 llre
1079 1362 1147 1402 cose
1173 1342 1258 1401 rentii
1285 1342 1334 1402 the
1362 1344 1472 1421 appeol
1499 1343 1555 1403 lias
1584 1342 1654 1403 been

542 1423 631 1484 tried.

501 1600 667 1660 Innumero
698 1600 853 1661 Errscorr
886 1618 918 1659 ru
951 1618 1052 1660 cause
1081 1618 1335 1660 arruanncroms
1366 1619 1427 1661 rao
1458 1620 1588 1662 vrcanro
1609 1622 1652 1662 os

420 1704 825 1775 warmacan-Adam,
866 1710 936 1775 etc,
979 1705 1108 1766 Decano
1148 1706 1280 1766 ecclesie
1320 1712 1428 1767 nostre
1466 1708 1653 1769 cathedralis

420 1812 670 1882 Hercfordensis,
686 1812 819 1872 salutem
835 1810 867 1870 in
883 1810 1030 1871 Domino.
1072 1810 1122 1869 Ex
1135 1816 1225 1890 parte
1239 1811 1358 1871 domini
1373 1811 1522 1872 Willelmi
1536 1813 1652 1892 Brayn,

420 1918 527 1979 vicarii
548 1918 678 1979 ecclesie
711 1918 749 1978 de
771 1916 1007 1995 Wormbrugge,
1030 1916 1126 1976 vestri
1158 1916 1349 1985 Decanatus,
1381 1922 1488 1977 nostre
1512 1917 1652 1989 diocesis,

421 2024 512 2083 nobis
533 2023 638 2083 extitit
661 2022 841 2082 intimatum
871 2022 954 2101 quod
975 2041 1032 2081 vos
1053 2021 1086 2079 in
1118 2040 1213 2081 causa
1233 2022 1451 2082 destitucionis
1472 2030 1505 2082 et
1528 2022 1652 2083 institu-

420 2129 519 2189 cionis
543 2148 603 2207 que
623 2128 786 2188 occasione
808 2132 958 2205 perpetue
983 2126 1098 2187 vicarie
1118 2127 1201 2186 dicte
1222 2127 1352 2188 ecclesie
1373 2128 1411 2187 de
1428 2129 1653 2209 Wormbrugge

420 2253 525 2293 coram
547 2234 635 2294 vobis
657 2233 843 2293 auctoritate
864 2232 1022 2301 ordinarii,
1050 2237 1087 2291 ut
1118 2232 1241 2303 dicitur,
1273 2235 1534 2311 cognoscentibus
1554 2242 1652 2297 verte·

421 2339 520 2409 batur,
566 2340 685 2399 vertive
727 2338 912 2417 sperabatur
949 2338 1032 2397 inter
1049 2338 1230 2397 'dominum
1268 2338 1443 2417 Seycellum
1478 2341 1516 2400 de
1559 2342 1653 2420 Kary,

419 2442 637 2522 presbiterum,
659 2443 698 2501 ad
721 2443 837 2502 dictam
852 2442 1015 2512 vicariam,
1026 2448 1062 2502 ut
1083 2443 1241 2513 asseritur,
1258 2450 1484 2523 presentatum,
1507 2452 1653 2519 actorem,

419 2568 457 2609 ex
478 2555 567 2627 parte
588 2568 660 2617 una,
685 2554 717 2608 et
739 2548 915 2627 predictum
938 2547 1101 2607 dominum
1130 2548 1333 2618 willelmum,
1365 2550 1525 2620 vicarium,
1557 2572 1653 2621 reum,

418 2674 456 2715 ex
492 2654 598 2725 altera,
634 2655 787 2734 quasdam
825 2654 1030 2733 excepcionee
1065 2654 1208 2715 dilatoris
1249 2654 1407 2733 legitimae
1448 2662 1480 2716 et
1514 2658 1654 2719 efficaces

420 2766 530 2821 contra
551 2759 690 2819 libellum
712 2760 787 2820 dicti
811 2760 841 2820 S.
864 2760 896 2818 in
918 2760 1003 2819 diota
1024 2780 1118 2819 causa
1133 2757 1325 2839 ¹porrectum
1353 2781 1409 2839 per
1429 2770 1551 2841 partem
1580 2762 1654 2822 dicti

420 2866 538 2926 domini
564 2866 614 2924 W.
647 2866 792 2945 congruis
824 2866 892 2925 loco
920 2871 952 2925 et
983 2870 1124 2944 tempore
1153 2866 1185 2925 in
1207 2866 1267 2926 hac
1298 2872 1387 2946 parte
1414 2867 1599 2946 propositas,
1622 2869 1653 2927 in

420 2972 520 3033 forma
540 2972 618 3050 juris
640 2977 817 3051 conceptae,
833 2972 978 3033 videlicet
1000 2972 1096 3032 nimie
1116 2972 1339 3051 generalitatis,
1359 2973 1568 3044 obscuritatis,
1582 2994 1653 3034 con·

421 3078 599 3148 trarietatis,
622 3084 654 3139 et
676 3078 895 3157 ineptitudinis
917 3078 1058 3156 ejusdem
1085 3078 1181 3138 libelli
1206 3097 1311 3138 veram
1342 3078 1463 3138 notorie
1491 3079 1652 3139 materiam

420 3185 673 3263 complectentes
699 3184 853 3262 rejecistis
879 3184 984 3245 minus
1008 3184 1146 3263 provide,
1172 3190 1207 3244 ut
1232 3184 1390 3255 asseritur,
1415 3204 1471 3263 per
1495 3186 1654 3246 decretum

420 3310 456 3348 ac
478 3289 595 3349 eisdem
631 3288 915 3349 nonobstantibus
950 3288 990 3348 ad
1029 3289 1282 3367 respondendum
1320 3289 1386 3349 sive
1414 3292 1654 3351 contestandum

422 3392 525 3453 libello
554 3391 694 3472 predicto
722 3392 803 3472 parti
831 3394 973 3471 ejusdem
1000 3393 1120 3453 domini
1151 3393 1201 3452 W.
1233 3398 1342 3453 contra
1368 3394 1527 3473 justiciam
1559 3398 1654 3477 assig-

423 3498 531 3569 nastis,
563 3498 596 3557 in
628 3498 727 3577 ipsius
759 3498 878 3557 domini
910 3498 959 3556 W.
992 3504 1024 3557 et
1055 3498 1170 3558 vicarie
1194 3518 1250 3558 sue
1272 3499 1410 3577 predicte
1437 3502 1654 3579 prejudicium,

421 3603 593 3683 dampnum
626 3624 689 3664 non
721 3604 888 3673 modicum,
918 3609 949 3663 et
979 3622 1156 3682 gravamen.
1213 3605 1303 3665 Unde
1330 3624 1368 3665 ex
1396 3612 1486 3685 parte
1514 3608 1655 3685 ejusdem

422 3710 541 3770 domini
556 3710 616 3781 W,
638 3710 807 3771 sancientis
829 3730 862 3770 se
884 3730 921 3770 cx
942 3709 1004 3770 hiis
1025 3715 1057 3770 et
1078 3730 1185 3771 eorum
1208 3710 1347 3789 quolibet
1367 3732 1423 3791 per
1444 3733 1500 3773 vos
1518 3714 1656 3777 indebite

422 3816 607 3895 pregravari,
643 3815 682 3875 ad
715 3815 909 3875 audienciam
938 3820 1080 3875 nostram
1114 3815 1227 3885 extitit,
1259 3821 1295 3875 ut
1327 3816 1485 3886 asseritur,
1517 3818 1655 3897 legitime

421 3921 622 4001 appellatum.
686 3922 789 3995 Quare
829 3920 916 3981 vobis
954 3921 1143 3990 inhibemus,
1182 3927 1214 3981 et
1251 3941 1307 4001 per
1345 3941 1401 3981 vos
1439 3924 1585 3985 omnibus
1622 3932 1655 3987 et

422 4028 561 4107 singulis,
597 4028 710 4107 quibus
740 4028 791 4107 jus
826 4026 930 4107 exigit,
967 4028 1100 4087 inhiberi
1131 4028 1284 4097 volumus,
1320 4032 1353 4088 et
1384 4030 1579 4099 mandamus,
1615 4052 1655 4093 ne

422 4136 579 4215 pendente
600 4155 704 4195 coram
727 4135 816 4195 nobis
838 4140 892 4193 aut
915 4138 1024 4193 nostro
1049 4132 1271 4193 Commissario
1297 4134 1328 4191 in
1351 4133 1410 4193 hac
1432 4140 1521 4213 parte
1546 4136 1654 4214 hujus·

423 4241 507 4301 modi
529 4240 751 4320 appellacionis
776 4259 870 4299 causa
905 4239 1074 4318 quicquam
1098 4238 1157 4297 hac
1186 4238 1349 4299 occasione
1380 4239 1413 4297 in
1445 4239 1527 4300 dicte
1556 4244 1656 4320 partis

422 4346 610 4426 appellantis
644 4346 850 4425 prejudicium
886 4344 1084 4423 attemptatis
1118 4343 1167 4404 vel
1201 4349 1400 4423 attemptent,
1443 4344 1566 4407 faciatis
1599 4354 1655 4409 aut

422 4453 539 4513 faciant
574 4452 749 4531 aliqualiter
784 4452 975 4529 attemptari,
1015 4451 1183 4530 quominus
1221 4450 1322 4509 eidem
1359 4452 1442 4529 parti
1483 4453 1654 4531 appellanti

422 4558 519 4618 libera
546 4563 653 4637 pateat
681 4577 770 4618 suam
795 4557 1041 4636 appellacionem
1069 4556 1249 4635 hujusmodi
1276 4558 1483 4637 prosequendi
1511 4560 1654 4623 facultas.

424 4665 536 4725 (litatis
558 4664 656 4725 eciam
679 4684 735 4724 seu
749 4664 838 4723 citari
860 4663 982 4723 faciatis
1003 4663 1123 4722 dictum
1146 4663 1307 4723 dominum
1323 4663 1507 4741 Seycellum,
1522 4672 1656 4743 partem,

425 4776 460 4830 ut
481 4770 683 4849 premittitur,
706 4768 904 4847 appellatam,
929 4769 1014 4846 quod
1035 4774 1214 4846 compareat
1236 4786 1341 4827 coram
1362 4767 1452 4828 nobis
1477 4770 1525 4829 vel
1547 4778 1659 4833 nostro

424 4874 647 4937 Commissario
676 4874 707 4933 in
738 4874 797 4933 hac
821 4878 910 4952 parte
945 4874 978 4931 in
1008 4872 1139 4932 ecclesia
1168 4878 1276 4932 nostra
1311 4873 1479 4932 cathedrali
1516 4878 1658 4954 predicta

424 4982 474 5042 die
495 4981 583 5041 Jovis
608 4980 749 5059 proximo
773 4985 846 5057 post
877 4978 993 5039 festum
1024 4978 1261 5037 Purificacionis
1285 4977 1375 5037 beate
1398 4978 1497 5040 Mario
1518 4981 1659 5061 Virginis

427 5087 460 5145 in
481 5086 565 5145 dicta
586 5084 807 5164 appellacionis
835 5104 929 5144 causa
950 5104 1162 5162 processurus,
1184 5083 1332 5153 facturus,
1354 5089 1413 5143 etc.
1455 5084 1499 5144 Et
1526 5088 1602 5165 quid
1624 5090 1658 5149 in
