3850 5917
423 702 482 761 328
797 699 977 777 Rapistrum
1003 698 1069 759 Ade
1096 700 1133 759 dc
1163 699 1286 759 Orleton

252 938 310 975 alt
328 940 382 975 ¹³2⁵·
426 944 622 986 nnvoonruu
645 944 678 985 nv
701 944 814 984 annau
829 926 931 986 Onam
956 935 1124 984 xv11J⁰n1s
1140 943 1291 984 nrusnau
1312 927 1670 987 nensis—Venerabili

425 1032 458 1090 in
484 1032 611 1092 Christo
635 1031 726 1109 patri,
750 1030 878 1091 domino
910 1029 986 1100 Ade,
1018 1036 1087 1099 etc,
1120 1029 1270 1090 Officialis
1302 1030 1395 1091 Gurie
1426 1031 1672 1094 cantuariensis

424 1137 569 1208 salutern,
601 1142 660 1197 etc.
704 1136 867 1209 Querelem
912 1136 1032 1195 domini
1070 1135 1226 1195 Johannis
1271 1136 1309 1196 de
1351 1138 1507 1207 Dentone,
1549 1138 1670 1211 clerici,

426 1262 552 1321 gravem
574 1243 750 1321 recepimus
771 1242 985 1302 continentem
1008 1241 1184 1321 quodlicet
1205 1242 1486 1304 excellentissimus
1506 1245 1669 1325 princeps,

426 1350 572 1409 dominus
587 1350 635 1419 E,
656 1348 715 1408 Dei
737 1348 841 1427 gracia
862 1347 928 1407 Rex
948 1346 1059 1425 Anglie
1080 1346 1220 1417 illustris,
1242 1348 1432 1426 prebendam
1454 1347 1492 1409 de
1516 1350 1669 1411 Mortone

425 1460 457 1513 in
490 1454 621 1516 ecclesia
654 1455 756 1515 sancti
787 1453 974 1524 Ethelberti,
1003 1452 1199 1522 Herefcrdie,
1234 1460 1409 1523 vacantem,
1439 1460 1471 1513 et
1502 1456 1542 1513 ad
1563 1455 1670 1533 ipsius

425 1560 544 1621 domini
568 1539 663 1640 Regis
694 1560 899 1620 donacionem
936 1578 992 1619 seu
1024 1558 1227 1619 collacionem
1259 1559 1383 1619 racione
1417 1561 1667 1639 [temporalium]

424 1669 636 1746 Episcopatus
665 1666 907 1727 Herelordonsis
939 1666 972 1724 in
1005 1686 1101 1725 manu
1133 1685 1190 1725 sua
1221 1666 1426 1727 existencium
1455 1672 1667 1745 spectantem,

423 1774 525 1834 eidem
557 1774 685 1845 domino
716 1772 854 1832 Johanni
875 1772 943 1849 jure
969 1791 1026 1831 suo
1049 1772 1133 1849 regio
1158 1792 1259 1851 nuper
1289 1772 1439 1832 canonice
1466 1774 1667 1845 contulisset,

425 1866 599 1959 fuissetque
621 1878 821 1957 postmodum
854 1898 911 1956 per
937 1883 1060 1956 partem
1090 1878 1189 1956 ipsius
1211 1878 1329 1938 domini
1350 1879 1515 1950 Johannis,
1536 1900 1667 1958 presen-

426 1986 502 2047 tatis
532 1993 563 2046 et
599 1984 745 2046 exhibitis
775 2004 812 2043 ex
841 1990 930 2062 parte
960 1984 1060 2063 ipsius
1091 1983 1205 2044 litteris
1234 1983 1327 2063 regiis
1359 2005 1453 2063 super
1482 1985 1667 2063 hujusmodi

427 2093 600 2153 donacicne
622 2114 678 2153 seu
700 2092 870 2151 collacione
891 2091 1031 2169 predicte
1051 2090 1217 2168 prebende,
1240 2096 1275 2150 ut
1306 2080 1509 2170 premittitur,
1531 2092 1623 2163 lecta,
1648 2114 1669 2154 a

424 2198 513 2259 vobis
535 2219 606 2258 cum
630 2197 784 2258 instancia
803 2196 908 2257 debita
926 2197 1071 2276 congruis
1093 2197 1162 2257 loco
1182 2203 1215 2257 et
1232 2203 1373 2276 tempore
1393 2198 1528 2277 petitum
1549 2204 1587 2259 ut
1607 2220 1668 2261 vos

425 2304 541 2364 virtute
584 2303 764 2380 hujusmodi
807 2302 990 2362 donacionis
1032 2322 1088 2362 seu
1133 2303 1312 2364 collacicnis
1354 2304 1457 2382 ipsum
1500 2306 1666 2365 dominum

426 2409 605 2469 Johannem
627 2409 665 2468 ad
688 2408 804 2467 dictam
826 2408 1028 2486 prebendam,
1050 2413 1085 2467 ut
1114 2409 1210 2468 moris
1231 2415 1280 2469 est
1311 2410 1344 2467 in
1366 2409 1546 2488 hujusmodi
1567 2412 1666 2471 dona·
1825 2449 1826 2452 =

425 2515 568 2576 cionibus
603 2536 659 2576 seu
690 2514 913 2575 collacionibus
941 2515 1010 2591 jure
1043 2515 1127 2593 regio
1149 2514 1249 2585 lactis,
1282 2535 1354 2574 cum
1384 2516 1451 2575 suis
1481 2516 1603 2594 juribus
1631 2524 1667 2577 et

426 2621 628 2700 pertinenciis
654 2621 871 2689 admitteretis,
895 2640 930 2680 sc
952 2620 1081 2681 stallum
1106 2621 1139 2679 in
1164 2621 1259 2681 choro
1280 2632 1312 2681 et
1333 2622 1437 2682 locum
1459 2623 1491 2681 in
1518 2622 1669 2701 Capitulo

425 2728 527 2787 eidem
549 2727 751 2807 assignaretis
766 2747 821 2787 seu
837 2728 997 2804 assignare
1019 2726 1172 2797 laceretis,
1188 2727 1382 2807 ulteriusque
1396 2727 1498 2788 lacere
1512 2730 1666 2790 curaretis

428 2834 511 2913 quod
527 2839 632 2895 vestro
647 2832 801 2893 incumbit
815 2832 917 2892 officio
932 2832 965 2889 in
980 2831 1040 2890 hac
1053 2837 1152 2910 parte,
1167 2852 1223 2892 vos
1238 2835 1344 2891 tamen
1359 2833 1478 2892 dictum
1501 2834 1665 2893 dominum

425 2938 614 3009 Johannem,
646 2958 838 3018 quamquam
860 2937 957 2997 nichil
979 2936 1039 2997 sibi
1060 2936 1218 2997 obviasset
1237 2942 1292 2997 aut
1312 2937 1418 2998 obviet
1439 2938 1471 2997 in
1493 2939 1552 2998 hac
1573 2947 1666 3018 parte

422 3046 461 3105 de
482 3045 642 3105 canonicis
667 3044 831 3114 institutis,
857 3044 1036 3103 addictam
1063 3043 1253 3122 prebendam
1279 3044 1446 3105 admittere
1476 3050 1509 3105 et
1529 3046 1663 3107 ulterius

421 3172 478 3230 pro
512 3152 631 3222 eodem,
663 3155 757 3229 prout
785 3150 873 3210 vobis
905 3149 1057 3220 incubuit,
1103 3149 1205 3211 lacere
1233 3171 1296 3210 non
1328 3152 1471 3222 curastis,
1503 3171 1559 3211 seu
1589 3152 1664 3231 plus

422 3256 528 3317 debito
550 3256 718 3317 distulistis
739 3256 844 3316 minus
869 3256 972 3331 juste;
1001 3256 1237 3335 propterquod
1269 3277 1341 3334 pars
1372 3256 1513 3335 ejusdem
1542 3257 1662 3317 domini

425 3364 582 3424 Johannis
604 3364 642 3423 ad
665 3384 722 3423 nos
744 3367 960 3441 competenter
988 3363 1140 3423 accedens
1168 3363 1228 3423 sibi
1247 3384 1342 3443 super
1371 3364 1430 3423 hoc
1459 3384 1516 3441 per
1536 3384 1593 3423 nos
1621 3364 1662 3424 de

423 3469 562 3530 remedio
582 3469 745 3547 providere
766 3468 858 3546 potiit
876 3473 1042 3546 oportuno.
1086 3468 1239 3529 Nolentes
1260 3469 1356 3546 igitur
1371 3469 1512 3548 predicto
1533 3469 1664 3530 domino

424 3573 564 3633 Johanni
594 3574 626 3632 in
648 3594 706 3635 sua
727 3574 835 3634 deesse
856 3574 991 3652 justicia,
1014 3574 1107 3634 sicuti
1138 3594 1197 3634 nec
1228 3574 1387 3643 debemus,
1418 3574 1602 3634 vobiscum
1624 3595 1663 3635 ea

422 3700 485 3759 qua
516 3680 606 3740 decet
640 3680 818 3740 reverencia
853 3680 1041 3740 auctoritate
1070 3680 1153 3740 dicte
1183 3680 1275 3741 Curis
1306 3680 1438 3741 firmiter
1469 3681 1664 3760 injungendo

424 3787 611 3847 mandamus
632 3787 791 3866 quatinus,
814 3786 840 3846 si
862 3792 911 3847 est
932 3787 986 3857 ita,
1008 3787 1092 3847 dicto
1114 3787 1242 3847 domino
1272 3788 1411 3848 Johanni
1441 3787 1522 3847 inira
1550 3788 1663 3867 viginti

423 3892 544 3951 dierum
567 3892 707 3971 spacium
731 3912 749 3951 a
770 3897 912 3970 tempore
933 3893 1127 3972 recepoionis
1147 3894 1345 3971 presencium
1367 3894 1515 3954 continue
1535 3913 1662 3953 numer-

425 3998 578 4057 andorum
601 3998 702 4058 eidem
725 3998 853 4058 domino
874 4000 903 4058 J.
926 3999 1101 4059 exhibeatis
1122 3999 1154 4057 in
1187 3998 1246 4059 hac
1267 4005 1356 4079 parte
1379 3999 1505 4078 justicie
1525 3999 1662 4078 comple·

423 4111 576 4165 mentum.
634 4104 781 4184 Alioquin
816 4111 926 4165 tenore
960 4105 1159 4185 presencium
1193 4106 1401 4186 peremptorie
1435 4126 1491 4167 vos
1526 4105 1663 4167 citamus

426 4211 510 4289 quod
532 4210 739 4289 compareatis
760 4231 865 4271 coram
892 4211 984 4271 nobis
1003 4212 1053 4273 vel
1085 4218 1193 4273 nostro
1225 4212 1447 4273 commissario
1476 4212 1508 4271 in
1530 4212 1664 4273 ecclesis

422 4317 513 4377 beate
548 4318 647 4377 Marie
677 4318 715 4377 de
745 4317 1076 4389 Aldermariechirche,
1104 4318 1286 4388 londoniis,
1318 4323 1430 4379 octavo
1457 4318 1507 4377 die
1527 4317 1662 4395 juridico

423 4429 495 4502 post
517 4423 639 4501 lapsum
662 4424 816 4482 dictorum
839 4423 949 4502 viginti
973 4423 1092 4483 dierum
1120 4424 1153 4482 in
1175 4424 1357 4501 hujusmodi
1386 4423 1510 4503 querele
1531 4424 1663 4503 negocio

422 4528 511 4607 juxta
532 4528 630 4607 ipsius
654 4528 838 4607 qualitatem
863 4535 895 4590 et
920 4535 1066 4589 naturam
1091 4549 1303 4608 processurus,
1330 4535 1388 4591 etc.
1446 4530 1494 4591 De
1514 4530 1566 4590 dle
1586 4550 1664 4591 vero

425 4634 626 4713 recepoionis,
652 4642 710 4694 etc.
765 4633 883 4693 Datum
906 4634 1089 4705 Londoniis,
1122 4635 1181 4713 iiij⁰
1201 4636 1284 4695 Non.
1309 4635 1395 4706 Maii,
1417 4655 1500 4695 anno
1532 4636 1665 4695 Domini

425 4739 642 4799 M⁰COO⁰xxv⁰.
