3850 5917
677 702 828 782 Episcopi
855 700 1098 781 Horcscrdcnsis.
1447 701 1506 760 101

122 929 166 968 *⁰-
179 931 227 970 ¹³¹*
265 945 360 997 cena;
393 926 541 1006 reliquias
562 926 703 988 ciborum
724 947 852 988 suorum
887 925 1007 987 nemini
1042 927 1154 987 dantes
1182 946 1240 986 nec
1272 925 1389 1005 aliquid
1414 931 1502 986 extra

265 1031 465 1092 refectorium
489 1032 661 1102 mittentes,
684 1037 732 1092 set
755 1032 788 1090 in
816 1031 981 1092 refectorio
1012 1037 1244 1092 commorantes
1264 1031 1343 1091 hora
1366 1031 1500 1110 prandii,

266 1155 350 1207 cene,
380 1141 413 1196 et
441 1135 630 1208 collacionis,
663 1137 780 1216 absque
808 1136 946 1197 tumultu
982 1136 1015 1194 in
1046 1137 1161 1216 quiete,
1195 1157 1254 1197 nec
1284 1136 1358 1197 inde
1390 1135 1502 1196 alicubi

266 1242 357 1302 dictis
378 1242 467 1303 horis
488 1243 686 1322 devagantes.
743 1243 786 1302 Et
816 1243 842 1302 si
871 1262 908 1303 ex
929 1242 1034 1321 aliqua
1055 1262 1150 1302 causa
1170 1242 1235 1302 sint
1256 1241 1403 1303 absentes
1424 1241 1504 1302 hora

266 1348 398 1427 prandii,
420 1347 470 1409 vel
491 1368 576 1420 cene,
599 1369 671 1408 cum
702 1349 786 1409 domi
818 1348 977 1420 redierint,
1009 1349 1183 1409 secundum
1214 1368 1324 1409 eorum
1346 1349 1501 1409 adventus

267 1453 461 1532 exigentiam
489 1454 607 1515 eisdem
635 1454 828 1514 deserviatur
849 1455 887 1515 de
909 1453 1022 1515 celario
1043 1459 1076 1515 et
1104 1454 1248 1534 anquina.
1302 1454 1384 1515 Item
1420 1456 1505 1534 quod

266 1558 357 1637 panis
373 1558 452 1619 certi
474 1559 621 1638 ponderis
642 1580 661 1619 a
682 1579 839 1639 quoquam
856 1560 1007 1621 canonico
1026 1561 1171 1622 decetero
1195 1580 1259 1621 non
1280 1561 1431 1640 exigatur,
1453 1567 1503 1622 set

268 1666 305 1725 de
334 1685 373 1726 eo
404 1666 489 1744 quod
520 1665 565 1726 eis
595 1666 672 1726 satis
702 1671 750 1726 est
771 1666 978 1745 imposterum
1009 1666 1075 1727 sint
1095 1666 1246 1727 contenti.
1310 1666 1394 1727 Item
1421 1668 1504 1746 quod

267 1771 372 1830 nullus
394 1779 482 1830 extra
511 1771 710 1830 refectorium
741 1771 854 1832 alieubi
885 1791 919 1832 se
948 1772 1084 1833 divertat
1105 1792 1200 1832 causa
1231 1771 1357 1832 bibendi
1378 1772 1439 1832 nisi
1469 1772 1502 1830 in

267 1895 391 1936 camera
427 1875 557 1936 Abbatis
578 1882 610 1935 et
631 1875 664 1935 in
695 1877 857 1955 presencia
880 1877 1033 1956 ejusdem,
1061 1878 1109 1938 vel
1132 1878 1165 1937 in
1186 1878 1358 1939 infirmaria
1378 1879 1504 1939 racione

265 1982 461 2042 infirmitatis
482 1981 653 2042 eorundem
664 2001 671 2052 ;
694 2001 752 2042 nec
773 1983 805 2041 in
826 1983 911 2043 dicto
938 1983 1104 2045 refectorio
1124 1990 1264 2046 moretur
1284 1983 1397 2064 aliquis
1419 1985 1503 2044 ultra

267 2089 378 2149 horam
417 2087 556 2148 debitam
584 2107 642 2148 nec
662 2093 735 2167 post
764 2087 1003 2167 completorium
1028 2091 1258 2169 quoquomodo.
1314 2090 1397 2152 Item
1422 2091 1506 2170 quod

267 2193 411 2255 canonici
446 2194 591 2255 decetaro
624 2213 688 2253 non
721 2194 892 2273 jententur.
944 2193 1030 2254 Item
1064 2195 1148 2275 quod
1175 2215 1286 2257 omnes
1320 2201 1501 2276 egrotantes

266 2305 430 2361 morentur
458 2299 490 2358 in
519 2319 582 2359 una
606 2299 777 2359 infirmaria
797 2319 852 2378 per
874 2320 941 2370 nos,
963 2301 1038 2360 dum
1060 2301 1145 2381 apud
1166 2322 1223 2363 vos
1244 2302 1404 2373 fuerimus,
1433 2322 1502 2381 per-

266 2405 418 2467 sonaliter
445 2405 605 2484 deputata,
637 2411 669 2466 et
697 2406 780 2486 quod
808 2426 864 2485 per
895 2405 1102 2467 infirmarium
1133 2412 1166 2468 et
1200 2407 1269 2485 ejus
1290 2408 1444 2468 famulum
1471 2414 1505 2470 et

267 2533 329 2574 non
350 2512 527 2592 paralium
554 2511 748 2572 deserviatur
776 2512 917 2572 eisdem:
946 2532 1004 2591 per
1031 2513 1092 2573 hoc
1112 2517 1220 2574 tamen
1244 2513 1408 2574 licenciam
1429 2535 1503 2575 eon-

268 2639 389 2680 cessam
418 2616 576 2689 fratribus,
608 2618 658 2678 W.
694 2618 732 2678 de
762 2617 928 2679 Lodelowe
956 2624 989 2678 et
1016 2618 1045 2679 J.
1078 2619 1117 2680 de
1146 2619 1287 2690 Persora,
1312 2621 1351 2682 de
1379 2621 1502 2682 duobus

267 2724 393 2784 famulis
412 2729 541 2802 propter
574 2742 682 2784 eorum
707 2723 931 2803 impotenciam
966 2724 1139 2786 reticendis
1159 2725 1308 2787 nolumus
1338 2747 1503 2798 revocara;

267 2829 443 2908 fragmenta
463 2834 570 2888 autem
591 2848 647 2889 seu
678 2825 838 2908 reliquias
854 2829 995 2891 ciborum
1026 2832 1197 2893 eorundem
1223 2838 1256 2893 et
1286 2835 1501 2912 egrotancium

265 2933 446 3014 hujusmodi
474 2933 603 3013 reliquie
631 2933 867 2995 eleemosinario
894 2935 1016 3015 integre
1044 2935 1224 2998 liberentur.
1291 2938 1358 2999 Nec
1376 2916 1500 3019 aliquis

264 3038 436 3099 canonieus
467 3056 592 3117 equum,
627 3055 749 3116 porcos,
778 3036 929 3109 bidentes,
966 3039 1146 3119 leporarios‚
1175 3061 1233 3102 neo
1254 3043 1416 3120 garciones
1441 3065 1500 3105 nee

265 3145 390 3224 aliquod
420 3143 505 3204 aliud
535 3143 695 3222 proprium
729 3143 843 3204 habeat
870 3163 1057 3224 quocunque
1088 3146 1182 3207 titulo
1212 3147 1262 3208 vel
1291 3149 1403 3220 colore,
1435 3148 1507 3212 nisi

265 3253 389 3312 racione
411 3249 504 3311 officii
534 3249 618 3330 quod
638 3249 718 3328 gerit
738 3249 823 3310 aliud
852 3252 1051 3311 concedatur.
1107 3252 1191 3313 Item
1220 3255 1304 3334 quod
1324 3260 1499 3333 precentor,

266 3359 406 3428 sacrista,
442 3356 617 3426 celerarius,
663 3356 852 3416 infirmarius
885 3376 943 3417 nec
972 3357 1085 3437 aliquis
1120 3358 1200 3420 alius
1233 3360 1403 3421 canonicus
1449 3362 1498 3422 vel

264 3463 415 3534 officialis,
440 3462 522 3522 infra
546 3467 636 3541 septa
655 3462 836 3522 monasterii
855 3462 956 3522 linum
977 3464 1091 3525 amodo
1113 3465 1247 3526 seminet
1268 3467 1379 3545 quovis
1397 3467 1500 3539 mode,

265 3590 303 3631 ne
325 3569 474 3630 mulieres
494 3574 636 3647 tempore
656 3567 836 3629 collacionis
855 3568 998 3646 ejusdam
1018 3569 1216 3630 occasionem
1233 3570 1369 3632 habeant
1387 3577 1498 3632 contra

265 3675 424 3756 religionis
443 3674 642 3735 honestatem
663 3673 782 3733 dictum
800 3675 1027 3735 monasterium
1042 3674 1271 3755 frequentandi.
1313 3676 1396 3737 Item
1418 3679 1503 3758 quod

264 3781 368 3842 nullus
398 3779 568 3840 eanonicus
589 3785 710 3839 certum
731 3779 806 3858 quid
834 3779 969 3859 accipiat
996 3780 1045 3840 vel
1076 3781 1179 3860 exigat
1207 3801 1264 3861 pro
1292 3788 1426 3855 vestura,
1449 3790 1499 3844 set

263 3887 432 3966 unicuique
446 3885 598 3945 canonico
612 3891 705 3964 prout
726 3881 894 3964 indiguerIt
908 3905 965 3965 per
978 3887 1161 3947 vestiarium
1175 3908 1231 3967 per
1246 3887 1400 3949 Abbatem
1413 3890 1496 3951 ordi·

264 3993 405 4053 nandum
425 3995 458 4052 et
487 3989 714 4069 providendum
736 3981 950 4050 distribuatur.
993 3991 1077 4052 Item
1102 3993 1185 4072 quod
1207 3993 1312 4054 nullus
1329 3994 1500 4056 canonicus

265 4099 397 4179 [egum]
415 4115 450 4157 se
468 4095 567 4175 fingat
587 4095 637 4156 vel
653 4095 798 4156 absentet
817 4095 856 4156 ab
873 4096 1005 4157 ecelesia
1019 4097 1105 4158 horis
1121 4097 1235 4160 debitis
1252 4105 1284 4160 et
1306 4100 1499 4173 constitutis,

265 4210 296 4266 et
326 4202 463 4263 maxime
494 4201 528 4260 in
558 4200 770 4262 celebracione
799 4201 987 4274 divinorum,
1011 4223 1070 4263 nee
1098 4204 1270 4264 claustrum
1299 4225 1393 4265 suum
1413 4206 1501 4267 horis

264 4309 413 4372 indebitis
434 4314 524 4369 exeat
551 4307 619 4368 eine
646 4307 777 4368 licencia
810 4307 937 4387 speciali
964 4309 1065 4387 petita
1092 4308 1132 4369 ab
1162 4308 1282 4371 Abbate
1310 4310 1359 4372 vel
1389 4311 1498 4372 Priore

265 4425 297 4478 et
313 4419 455 4496 optenta,
474 4413 524 4475 vel
543 4413 620 4473 alias
641 4412 766 4473 racione
788 4413 880 4474 officii
902 4414 952 4474 cui
973 4421 1079 4493 preest
1099 4415 1301 4494 probabiliter
1321 4424 1497 4478 excusetur.

265 4523 348 4584 Item
371 4519 457 4601 quod
470 4519 584 4599 singuli
605 4519 756 4590 canonici,
771 4519 955 4599 presbyteri,
970 4540 1044 4582 suas
1058 4521 1172 4583 missas
1193 4523 1350 4584 celebrent
1364 4523 1496 4603 singulis

265 4628 384 4698 diebus,
400 4625 461 4685 nisi
479 4624 583 4698 aliqua
603 4625 786 4686 infirmitate
810 4625 947 4686 evidenti
968 4627 1177 4700 detineantur,
1192 4629 1241 4689 vel
1256 4630 1333 4691 alias
1347 4649 1385 4691 ex
1405 4651 1502 4692 causa

265 4733 405 4813 legitima
439 4729 556 4790 fuerint
580 4730 731 4809 impediti.
787 4730 871 4791 Item
898 4737 1052 4810 quantum
1087 4733 1127 4793 ad
1155 4733 1233 4794 alios
1268 4736 1307 4796 de
1342 4742 1501 4796 conventu

265 4837 436 4900 statuimus
464 4840 497 4896 et
524 4835 705 4896 ordinamus
726 4837 808 4916 quod
840 4856 949 4898 omnes
977 4843 1010 4898 et
1034 4839 1149 4918 singuli
1171 4841 1313 4900 canonici
1338 4841 1376 4901 ad
1405 4841 1500 4902 horas

267 4943 434 5005 canonicas
462 4941 652 5003 conveniant
672 4946 704 5002 et
724 4941 837 5003 missas
862 4963 935 5004 suas
964 4944 1076 5005 devote
1103 4944 1270 5016 celebrent,
1293 4951 1328 5006 ut
1352 4951 1502 5007 tenentur

266 5050 299 5109 in
333 5047 513 5111 sacerdocio
541 5047 714 5108 constituti.
770 5047 854 5108 Item
889 5049 973 5128 quod
1001 5049 1166 5110 silencium
1195 5051 1272 5113 locis
1306 5053 1497 5127 constitutis,
