3850 5917
402 704 462 765 276
776 703 955 781 Rapiatr'cm
984 704 1047 765 Ade
1074 704 1110 764 de
1141 704 1264 771 Orictcn

230 935 288 974 M>-
305 935 360 972 Μ-
403 929 601 989 dominorum
626 929 746 990 Thome
767 929 806 989 de
829 929 1019 999 Hometone,
1045 928 1188 989 Rectoris
1209 928 1339 989 ecclesie
1359 928 1397 988 de
1419 926 1636 1007 Rudmerleye,

403 1035 470 1095 Ade
493 1036 532 1095 de
561 1035 738 1114 Ailyntone,
764 1035 927 1114 capellani,
952 1034 1094 1113 magistri
1119 1034 1276 1095 Johannis
1301 1033 1468 1104 Hubande,
1494 1034 1637 1093 Rectoris

402 1142 531 1202 ecclesie
563 1142 601 1202 de
633 1142 868 1212 Thurclestone,
907 1136 1046 1221 Philippi
1075 1142 1249 1219 Walwayn,
1285 1140 1398 1212 clerici,
1428 1140 1579 1201 Willelmi
1610 1140 1638 1199 le

402 1248 521 1318 Porter,
551 1248 670 1307 domini
700 1248 829 1308 Roberti
859 1248 946 1325 Ooly,
979 1246 1141 1326 capellani,
1172 1246 1238 1306 Ade
1269 1246 1308 1307 de
1337 1246 1421 1325 Irby,
1452 1244 1578 1305 Ricardi
1600 1246 1637 1305 de

402 1352 523 1422 Schnle,
539 1352 689 1412 Willelmi
704 1353 742 1413 de
758 1351 959 1422 Ailmestone,
978 1350 1107 1411 chriei
1126 1350 1229 1421 Elian,
1247 1351 1466 1419 litteratorum,
1482 1350 1637 1410 Johannis

401 1457 440 1517 ds
461 1457 604 1527 Peniard,
627 1457 778 1527 Audoeni,
801 1454 952 1517 Janitoris
967 1455 1130 1516 Prioratus
1156 1454 1405 1525 Herelordensis,
1428 1454 1579 1515 Willelmi
1600 1454 1637 1514 de

401 1562 570 1633 Ailestone,
608 1563 748 1634 litterati,
781 1563 913 1622 fratrum
947 1561 1103 1622 Johannis
1131 1562 1169 1621 de
1208 1561 1313 1640 Lalpit
1343 1567 1376 1621 et
1410 1560 1566 1620 Johannis
1600 1561 1638 1619 de

399 1666 509 1737 Cerne,
533 1668 757 1728 monachorum
782 1666 939 1745 prioratus
962 1664 1212 1735 Hsreiordensis,
1235 1666 1364 1725 testium
1380 1665 1419 1724 ad
1440 1663 1636 1743 probandum

400 1772 540 1833 libellum
569 1793 662 1833 suum
698 1772 731 1831 in
760 1772 844 1832 dicta
872 1792 967 1831 causa
998 1776 1187 1851 porrectum,
1219 1770 1278 1831 sibi
1304 1776 1339 1829 ut
1368 1770 1502 1830 asseruit
1530 1789 1634 1829 neces·

400 1877 563 1948 sariorum,
584 1865 672 1938 ¹iacta.
692 1877 780 1957 prius
801 1876 863 1937 fide
884 1876 1064 1947 summaria,
1087 1881 1123 1935 ut
1144 1881 1193 1936 est
1215 1875 1320 1947 moris,
1342 1874 1487 1954 exigente
1505 1874 1636 1953 justitia,

400 1985 580 2045 duxerimus
619 1985 861 2055 concedendam,
900 1983 989 2044 vobis
1028 1984 1110 2043 dicte
1153 1981 1246 2042 Gurie
1281 1981 1467 2041 auctoritato
1506 1978 1637 2038 firmiter

401 2091 593 2170 injungendo
611 2091 798 2151 mandamus
817 2091 966 2170 quatinus
981 2089 1084 2150 citetis
1107 2109 1163 2150 seu
1182 2088 1272 2148 citari
1292 2086 1414 2147 faciatis
1428 2086 1637 2167 peremptorie

400 2203 499 2258 testes
519 2198 686 2277 predictos,
712 2217 821 2257 omnes
850 2201 882 2257 et
903 2196 1052 2275 singulos,
1085 2196 1168 2275 quod
1189 2198 1391 2273 compareant
1420 2212 1525 2253 eoram
1554 2192 1636 2250 dicto

401 2302 528 2363 domino
557 2301 698 2374 Officiali,
730 2301 830 2373 nobis,
870 2307 924 2361 aut
963 2301 1024 2361 alio
1059 2300 1158 2380 ipsius
1188 2298 1403 2359 commissario
1438 2298 1471 2357 in
1506 2297 1637 2358 eeclesia

401 2410 492 2469 beate
523 2407 624 2468 Marie
653 2408 690 2468 de
721 2406 1022 2467 Aldermariehirehe
1052 2405 1233 2475 Londoniis,
1263 2405 1308 2484 vj⁰
1336 2405 1386 2465 die
1411 2404 1543 2483 juridico
1565 2408 1637 2483 post

401 2514 518 2575 festum
549 2515 650 2574 sancti
682 2514 852 2585 Valentini,
883 2534 977 2593 super
1004 2513 1108 2574 libello
1145 2513 1286 2592 predicto
1321 2511 1537 2572 testimonium
1569 2531 1635 2590 per·

400 2621 529 2681 bibituri
558 2621 692 2691 veritati,
718 2621 911 2701 ulteriusque
942 2619 1055 2680 facturi
1077 2624 1109 2679 et
1137 2618 1291 2697 recepturi
1321 2618 1406 2697 quod
1435 2618 1514 2695 juris
1544 2616 1637 2677 luerit

400 2731 433 2787 et
454 2727 597 2787 racionis.
634 2728 682 2787 De
704 2728 753 2787 die
767 2747 841 2787 vero
862 2726 1054 2806 recepcionis
1068 2724 1265 2804 presencium
1288 2744 1324 2784 ac
1345 2724 1509 2785 citacionis
1524 2728 1635 2794 vestre,

401 2833 481 2894 etsi
503 2833 604 2893 dictos
626 2838 724 2893 testes
745 2832 952 2911 personaliter
976 2830 1168 2901 inveneritis
1197 2850 1319 2890 necnon
1341 2829 1416 2909 quid
1441 2829 1577 2890 feceritis
1605 2828 1637 2886 in

401 2940 572 3019 premissis,
605 2940 724 2999 dictum
753 2938 916 2999 dominum
944 2937 1127 3008 Officialem,
1148 2956 1216 3006 nos,
1239 2940 1294 2995 aut
1316 2935 1411 2995 alium
1434 2934 1533 3013 ipsius
1554 2954 1637 2994 com·

403 3046 591 3118 missorium,
613 3046 704 3106 dictis
729 3046 779 3105 die
800 3050 832 3106 et
854 3045 922 3105 loco
947 3042 1216 3113 certificetis-etc.
1259 3042 1378 3101 Datum
1400 3039 1582 3110 Londoniis,
1603 3040 1638 3119 ij·

402 3152 472 3213 Kal.
495 3150 666 3223 Februarii,
688 3172 772 3211 anno
793 3150 921 3210 Domini
941 3147 1176 3227 M⁰000⁰xxiija

402 3471 473 3532 Feb.
495 3470 792 3631 13·thdede
813 3469 940 3548 certifica
964 3468 1031 3529 thot
1055 3468 1186 3529 Robcrto
1208 3465 1312 3527 Fabul
1331 3486 1393 3527 was
1415 3466 1491 3526 born
1511 3466 1547 3526 ia
1566 3466 1636 3527 low-

538 3572 560 3611 c
592 3571 618 3611 w
687 3572 732 3611 c.

482 3731 629 3790 errnnn
668 3748 752 3790 nara
781 3730 938 3789 Roanmo
980 3726 1269 3797 Fuscum-Adam,
1307 3732 1377 3798 eta,
1410 3726 1566 3788 universis
1603 3726 1636 3785 in

401 3838 528 3898 Christo
542 3836 615 3896 filiis
636 3836 726 3896 nobis
746 3836 815 3913 jure
832 3835 1000 3895 diocesano
1016 3832 1175 3912 subjectis,
1195 3837 1228 3893 et
1244 3832 1391 3894 omnibus
1412 3831 1482 3892 aliis
1503 3852 1635 3912 quorum

402 3944 533 4003 interest
554 3942 604 4002 vel
624 3942 776 4001 iuteresse
800 3940 916 4019 poterit
937 3940 970 3999 in
996 3940 1055 3999 hac
1075 3945 1173 4019 parte,
1196 3938 1330 3999 salutem
1351 3938 1385 3996 in
1406 3936 1535 3997 domino
1556 3956 1636 3997 sem·

401 4048 567 4126 piternam.
623 4045 704 4120 Quia
727 4045 815 4124 pium
839 4050 871 4105 et
895 4045 924 4105 ei
949 4044 1003 4123 qui
1028 4043 1134 4103 omnia
1157 4042 1245 4102 novit
1269 4041 1420 4121 placitum
1453 4047 1637 4120 reputamus

401 4153 526 4214 veritati
564 4152 781 4212 testimonium
816 4150 990 4229 perhibere,
1035 4148 1233 4209 universitati
1274 4152 1378 4208 vestre
1409 4145 1636 4207 innotescimus

402 4278 458 4337 per
486 4262 648 4336 presentes
663 4257 752 4336 quod
778 4256 897 4336 Symon
920 4254 1021 4316 Fileul
1041 4255 1080 4315 de
1105 4254 1269 4332 Goupillar
1292 4253 1325 4312 in
1346 4252 1543 4312 Normannia
1563 4272 1635 4312 cum

402 4364 535 4425 Matilda
556 4364 587 4423 la
607 4364 721 4424 Taillor
741 4364 780 4424 de
802 4363 876 4423 villa
891 4364 930 4423 de
945 4363 1080 4423 Nowent
1101 4366 1208 4422 nostre
1230 4360 1364 4421 diocesis
1388 4359 1521 4419 oriunda
1540 4380 1559 4419 a
1582 4360 1637 4420 diu

402 4476 451 4531 est
485 4469 721 4530 matrimonium
750 4469 888 4548 legitime
922 4466 1088 4537 contraxit,
1123 4466 1206 4545 quod
1241 4463 1366 4544 quidem
1399 4464 1636 4525 matrimonium

402 4575 523 4637 exstitit
552 4580 662 4654 postea
703 4574 785 4635 inter
823 4574 982 4651 [eos]dem
1018 4572 1050 4632 in
1085 4570 1164 4632 facie
1198 4569 1328 4631 ecclesie
1363 4568 1637 4647 sollempnizatum

402 4681 527 4752 ibidem,
568 4700 605 4740 ae
639 4680 866 4760 subsequenter
900 4678 1060 4758 predictus
1104 4675 1223 4755 Symon
1263 4695 1301 4735 ex
1347 4674 1456 4735 eadem
1505 4674 1639 4734 Matilda

401 4807 497 4848 uxore
525 4806 583 4847 sua
602 4786 749 4866 legitima,
772 4790 938 4846 constante
975 4784 1079 4861 [inter]
1109 4781 1237 4843 eosdem
1265 4780 1465 4841 matrimonio
1486 4781 1636 4860 predicto,

402 4894 558 4974 quendam
586 4891 769 4962 Robertum,
801 4891 900 4951 filium
936 4910 1039 4960 suum,
1075 4908 1113 4949 ex
1147 4888 1240 4948 thoro
1270 4886 1411 4965 legitimo
1452 4888 1636 4965 procreavit,

402 5019 505 5078 quem,
534 4997 609 5057 dum
640 4997 726 5069 vixit,
756 4997 833 5056 aluit
854 5002 886 5057 et
907 4994 1052 5056 educavit
1072 5000 1105 5055 et
1143 4996 1201 5071 [ut]
1234 4992 1333 5052 filium
1363 5010 1456 5052 suum
1490 4993 1635 5070 agnovit;

403 5125 464 5185 que
483 5103 591 5165 omnia
610 5103 644 5162 in
664 5103 806 5184 partibus
828 5104 866 5164 de
890 5102 1026 5163 Nswent
1047 5106 1079 5162 et
1113 5100 1190 5161 locis
1216 5098 1328 5159 vicinis
1354 5096 1481 5177 publica
1499 5103 1576 5159 sunt
1602 5104 1638 5159 et
