3850 5917
384 588 445 649 280
758 587 937 665 Registrcm
964 587 1029 647 Adc
1056 587 1093 647 dc
1123 587 1246 649 Orlotoa

215 822 272 860 Λ-θ-
287 821 343 859 ¹³²⁴·
386 814 470 874 dicta
491 813 715 875 Herelordensi
736 813 867 874 ecclesia
886 813 1027 885 obtinet,
1039 833 1075 873 ac
1096 813 1211 874 virtute
1231 814 1425 893 quarundam
1444 812 1619 893 graciarum

390 919 480 981 Sedis
504 919 684 999 Apostolioe
711 919 823 980 asserit
848 918 907 980 sibi
931 918 1045 991 deberi,
1071 924 1103 980 et
1127 928 1182 999 p'er
1204 919 1323 980 dictum
1352 918 1532 998 Capitulum
1561 918 1620 979 sibi

389 1024 486 1087 inisse
507 1024 693 1096 subtractos,
714 1042 837 1085 necnon
859 1044 953 1104 super
973 1024 1119 1085 omnibus
1139 1023 1336 1105 processibus
1357 1028 1389 1085 et
1410 1024 1551 1085 censuris
1571 1044 1619 1085 ec-

388 1130 571 1192 clesiasticis
612 1151 668 1210 per
708 1150 911 1210 quoscunque
951 1130 1081 1210 judices,
1123 1130 1290 1202 auditores,
1332 1134 1522 1201 executores,
1565 1148 1621 1190 seu

389 1256 592 1316 quoscunque
620 1236 698 1297 alios
727 1235 767 1295 ad
795 1234 983 1295 instanciam
1012 1254 1067 1295 seu
1094 1234 1348 1314 procuracionem
1376 1234 1452 1295 dicti
1480 1234 1621 1314 magistri

386 1344 417 1403 J.
453 1362 509 1403 seu
547 1342 761 1421 cujuscunque
776 1360 779 1364 ·
795 1340 924 1400 alterius
958 1340 1026 1400 vice
1061 1360 1117 1401 seu
1151 1340 1300 1401 mandato
1334 1340 1433 1419 ipsius
1468 1340 1621 1420 premissa

386 1448 550 1509 occasione
591 1447 683 1507 lactis
724 1452 756 1508 et
797 1446 935 1525 prelatis,
975 1465 1097 1507 necnon
1136 1446 1175 1506 ad
1214 1445 1462 1507 submittendum
1501 1446 1619 1506 dictum

387 1553 567 1633 Capitulum
609 1552 821 1633 jurisdiccioni
866 1572 989 1612 camere
1027 1551 1145 1611 domini
1180 1552 1265 1630 Pape
1299 1556 1331 1611 et
1366 1551 1464 1631 ipsius
1499 1571 1620 1611 camere

389 1659 540 1720 auditoris
565 1658 624 1719 sub
649 1678 731 1737 pena
756 1657 981 1736 suspensionis,
1007 1656 1173 1727 interdicti,
1199 1662 1230 1718 ct
1255 1657 1383 1718 alterius
1407 1658 1620 1735 cujuscunque

389 1786 520 1828 censure
559 1764 777 1835 ecclesiastice,
816 1764 901 1843 quod
938 1763 1021 1823 idem
1060 1762 1240 1842 Capitulum
1275 1768 1307 1824 et
1341 1762 1483 1823 canonici
1517 1767 1620 1821 ratum

392 1876 425 1932 et
460 1870 586 1930 firmum
624 1869 785 1930 habebunt
822 1867 971 1948 quicquid
1008 1889 1064 1947 per
1102 1868 1220 1929 dictum
1258 1874 1490 1949 procuratorem
1528 1888 1620 1928 suum

387 1982 503 2047 actum,
531 1980 664 2055 gestum,
692 1976 742 2036 vel
770 1975 960 2054 promissum
985 1974 1079 2035 fuerit
1104 1976 1266 2036 occasione
1291 1974 1377 2054 pacis
1402 1980 1434 2034 et
1458 1973 1621 2034 concordie

388 2102 483 2161 super
519 2081 681 2160 premissis
722 2080 839 2151 litibus,
879 2081 1109 2151 controversiis,
1148 2085 1180 2140 et
1218 2079 1433 2160 questionibus
1471 2078 1619 2139 iaciendo.

390 2188 668 2267 Promiseruntque
692 2187 791 2247 eciam
819 2186 950 2265 predicti
975 2186 1126 2257 canonici,
1148 2186 1337 2265 Capitulum,
1362 2190 1398 2245 ut
1420 2184 1621 2264 premittitur,

387 2292 547 2364 iacientes,
586 2313 644 2353 suo
686 2292 880 2372 aliorumque
917 2293 1138 2354 canonicorum
1180 2293 1318 2371 predicte
1356 2291 1485 2352 ecclesie
1524 2292 1621 2352 Here-

387 2398 542 2460 iordensis
584 2398 643 2459 sibi
686 2398 906 2458 adhibencium
948 2418 985 2458 ac
1027 2397 1182 2458 dictorum
1227 2397 1356 2458 ecclesie
1404 2402 1436 2457 et
1485 2396 1620 2476 Capituli

388 2504 524 2575 nomine,
550 2504 656 2573 michi,
683 2504 807 2563 notario
831 2502 956 2582 publico
984 2503 1191 2583 infrascripto
1214 2503 1281 2564 vice
1305 2508 1337 2563 et
1362 2502 1488 2563 nomine
1510 2502 1621 2581 prelati

391 2610 533 2689 magistri
560 2609 716 2669 Johannis
737 2613 769 2669 et
790 2609 932 2668 omnium
952 2628 1085 2688 quorum
1111 2608 1241 2669 interest
1262 2608 1311 2669 vel
1331 2608 1483 2668 interesse
1507 2608 1623 2686 poterit

389 2714 563 2794 stipulanti,
596 2734 630 2775 se
661 2719 765 2774 ratum
800 2718 833 2774 et
863 2712 990 2772 firmum
1018 2718 1169 2793 perpetuo
1197 2713 1358 2773 habituros
1394 2713 1542 2791 quicquid
1568 2732 1623 2791 per

388 2820 545 2900 prelatum
567 2825 800 2900 procuratorem
824 2839 917 2879 suum
942 2819 975 2877 in
999 2819 1160 2898 premissis
1185 2824 1216 2879 et
1239 2819 1391 2898 premissa
1415 2818 1621 2898 contingenti-

390 2926 450 2986 bus
488 2931 603 2996 actum,
640 2929 764 3007 gestum
801 2923 903 2994 fuerit,
939 2923 988 2985 vel
1026 2924 1125 2984 eciam
1159 2930 1369 3003 procuratum.
1432 2924 1511 2984 Acta
1548 2928 1622 2984 sunt

391 3032 450 3092 bec
470 3030 669 3110 presentibus
683 3031 834 3108 magistro
854 3030 874 3089 J
876 3030 1000 3090 ohanne
1020 3030 1058 3090 de
1072 3030 1226 3102 Radnore,
1248 3031 1434 3092 auctoritate
1452 3030 1623 3110 apostolica

389 3134 512 3195 notario
546 3133 680 3213 publico,
715 3133 843 3194 domino
877 3133 915 3192 R.
952 3133 991 3193 de
1027 3133 1080 3203 H,
1113 3140 1265 3212 perpetuo
1302 3135 1417 3195 vicario
1453 3136 1491 3196 de
1527 3136 1622 3195 choro

394 3238 525 3299 ecclesie
556 3237 744 3299 cathedralis
772 3236 1013 3298 Herelordensis
1041 3239 1206 3309 antedicto,
1235 3244 1267 3299 et
1294 3240 1453 3301 Willelmo
1489 3242 1621 3319 Deynte,

389 3345 519 3415 clericis,
544 3345 686 3415 testibus,
715 3349 774 3404 etc.
816 3344 860 3402 Et
884 3362 950 3422 eg0,
977 3343 1010 3402 H
1043 3343 1082 3403 de
1106 3344 1150 3414 T,
1176 3343 1306 3405 clericus
1325 3345 1533 3406 Eboracensis
1557 3344 1620 3404 dio-

391 3452 481 3522 cesis,
510 3451 697 3511 auctoritate
735 3448 906 3528 apostolica
933 3449 1074 3509 notarius
1102 3448 1254 3527 publicus,
1289 3450 1450 3529 premissis
1477 3450 1623 3510 omnibus

391 3563 423 3619 et
444 3556 576 3635 singulis
603 3556 653 3616 die
681 3560 713 3615 et
741 3554 809 3615 loco
836 3554 1020 3633 prenotatis,
1044 3559 1102 3615 etc.
1158 3556 1202 3615 Et
1227 3555 1265 3615 ad
1290 3556 1440 3633 majorem
1469 3556 1562 3615 fidem
1590 3560 1623 3616 et

392 3661 585 3723 evidenciam
613 3660 837 3739 premissorum
873 3679 984 3719 omnes
1021 3664 1053 3719 et
1083 3660 1196 3739 singuli
1232 3661 1373 3721 canonici
1409 3660 1621 3741 suprascripti,

392 3767 573 3846 Capitulum
601 3765 760 3835 iacientes
783 3768 818 3823 ut
844 3764 988 3842 superius
1013 3769 1061 3825 cst
1089 3784 1279 3843 expressum,
1302 3765 1437 3845 sigillum
1457 3786 1624 3826 commune

393 3872 529 3952 Capituli
561 3872 644 3931 dicte
671 3870 801 3931 ecclesie
828 3868 1017 3929 cathedralis
1045 3868 1284 3929 Hereiordensis
1312 3871 1450 3949 presenti
1477 3890 1621 3951 procura·

391 3979 472 4040 torio
496 3997 554 4039 suo
575 3976 691 4056 apponi
711 3974 861 4035 iecerunt.

392 4234 474 4293 Mar.
496 4231 651 4292 23.-Tte
671 4230 790 4309 Bishop
811 4230 846 4308 of
873 4228 1025 4308 Heresord
1053 4227 1258 4289 commissions
1291 4229 1339 4289 ihc
1370 4230 1467 4291 Bicbo
1515 4232 1551 4305 o(
1576 4234 1622 4294 St.

514 4312 622 4391 Asopb
645 4319 674 4372 to
705 4310 851 4371 rccocoilc
883 4309 933 4368 tha
962 4316 1104 4387 canaam
1130 4309 1165 4388 os
1185 4309 1281 4370 Maolc
1305 4311 1411 4381 Bracc,
1439 4252 1539 4373 zulich
1562 4313 1623 4374 lind

516 4394 587 4453 been
606 4392 745 4472 polluted
770 4391 807 4468 by
836 4389 1006 4451 bloodslrcd.

474 4561 656 4623 Counrssro
698 4578 759 4620 sno
801 4576 1094 4619 sncoucmrrcross
1136 4576 1298 4619 cmrrssn
1346 4560 1625 4623 Moncnssrcr.-

392 4666 570 4729 Venerabili
605 4667 638 4724 in
670 4664 797 4727 Christo
824 4663 916 4744 patri,
945 4664 1073 4724 domino
1101 4664 1212 4735 David,
1249 4664 1307 4725 Dei
1335 4667 1438 4745 gracia
1466 4668 1626 4750 Episcopo

393 4773 572 4845 Assavensi,
600 4771 649 4832 vel
677 4770 730 4831 alii
762 4770 921 4849 Episcopo
959 4769 1113 4829 catholico
1151 4768 1333 4849 cuicunque,
1370 4771 1504 4851 graciam
1535 4775 1626 4838 Sedis

393 4879 572 4961 Apostolice
594 4883 627 4939 et
649 4876 699 4938 sui
724 4875 944 4937 execucionem
967 4874 1060 4935 officii
1081 4873 1245 4954 optinenti,
1268 4874 1376 4949 Adam,
1398 4883 1467 4950 etc,
1489 4880 1624 4942 salutem

393 4992 427 5047 et
447 4985 616 5047 fraternam
639 4982 672 5042 in
694 4981 832 5042 Domino
852 4980 1024 5044 caritatem.
1081 4978 1129 5040 Ad
1151 4980 1413 5042 reconciliandum
1435 4983 1624 5047 cimiterium
