3850 5917
408 717 448 778 36
780 717 959 794 Repastrum
986 716 1051 777 Adc
1077 715 1114 778 dc
1144 715 1268 778 Orletoo

237 950 293 990 Α-ὓ-
310 950 365 989 ¹³¹⁷·
407 960 441 1001 se
470 939 645 1001 astrictum.
697 939 736 999 In
772 940 899 1002 (lhristc
933 940 1035 1002 Jhesu
1058 946 1091 1001 et
1122 940 1190 1020 ejus
1221 945 1323 1000 matre
1353 939 1473 1019 virgins
1503 939 1640 1019 gloriosa

407 1020 539 1082 feliciter
559 1021 698 1082 veleatis.
741 1021 861 1081 Datum
882 1021 967 1101 apud
995 1021 1172 1081 lamhcthe
1192 1021 1260 1100 iiij‘0
1281 1020 1436 1081 Octobris.

333 1353 337 1364 .
409 1302 473 1364 Oct.
494 1301 650 1361 13.-Thc
677 1299 796 1381 Bislwp
823 1301 967 1381 oppoicts
995 1302 1098 1363 Adam
1124 1301 1327 1372 Morinum,
1358 1302 1465 1363 Conco
1493 1303 1529 1383 of
1546 1301 1642 1364 Herc-

523 1381 607 1461 sord,
634 1389 662 1442 fo
685 1382 717 1443 bc
740 1383 787 1443 his
809 1382 935 1444 Proctor
955 1390 989 1444 ot
1010 1383 1060 1444 the
1082 1383 1177 1444 Goort
1198 1383 1233 1462 os
1249 1382 1354 1444 Rosa.

488 1549 737 1610 Procumronrs
760 1567 854 1611 ursss
885 1567 928 1609 sn
959 1549 1090 1611 onnus
1124 1549 1506 1611 Romnum-Universa
1532 1555 1643 1630 pateat

406 1676 463 1736 per
483 1660 646 1735 presentes
669 1657 752 1736 quod
773 1676 832 1718 nos
853 1656 964 1727 Adam,
992 1662 1061 1728 stc,
1090 1656 1124 1717 in
1145 1655 1292 1718 omnibus
1313 1656 1417 1717 causis
1439 1662 1472 1718 et
1503 1657 1642 1736 negociis

407 1782 464 1823 nos
486 1766 518 1823 et
543 1761 713 1822 ecclesiam
744 1767 883 1822 nostram
917 1761 1175 1841 qualitercunque
1206 1761 1462 1842 contingentibus
1492 1762 1526 1822 in
1547 1762 1644 1824 Curia

406 1867 550 1928 Romana
570 1868 609 1930 de
630 1867 679 1928 sui
701 1873 814 1927 natura
841 1867 1015 1927 tractandis
1046 1871 1078 1928 et
1098 1867 1254 1939 finiendis,
1276 1887 1338 1948 que
1358 1875 1391 1928 et
1411 1887 1490 1948 quas
1518 1868 1552 1927 in
1573 1869 1643 1947 ipsa

406 1972 501 2034 Ourie
521 1972 687 2034 defendere
718 1973 767 2033 vol
795 1973 943 2052 prosequi
965 1973 1004 2033 de
1024 1973 1093 2052 jure
1113 1978 1267 2045 tenemur,
1296 1980 1425 2054 propter
1453 1974 1642 2035 citacionem

406 2079 507 2158 ajuro
527 2078 576 2139 vel
597 2078 637 2139 ab
657 2078 785 2139 homine
801 2078 939 2158 legitime
956 2078 1047 2140 nobis
1068 2078 1184 2140 factam
1205 2099 1310 2140 coram
1324 2100 1512 2160 quocunque
1532 2080 1638 2159 judice

405 2183 456 2244 vel
477 2183 619 2245 auditore
639 2184 713 2245 dato
743 2183 794 2245 vel
825 2184 937 2254 dendo,
959 2182 1169 2245 venerabilem
1190 2185 1292 2244 virum
1323 2185 1508 2264 magistrum
1538 2186 1641 2246 Adam

406 2288 613 2359 Murimouth,
636 2288 822 2350 canonicum
845 2288 1119 2361 Herefordensem,
1141 2295 1174 2351 et
1196 2290 1275 2369 juris
1296 2290 1397 2352 civilis
1421 2290 1642 2370 professorem,

406 2401 550 2456 nostrum
564 2413 673 2456 verum
687 2399 719 2456 et
733 2395 908 2474 legitimum
922 2393 1065 2466 facimus,
1080 2395 1272 2467 ordinamus,
1287 2402 1319 2457 et
1333 2397 1556 2459 constituimus
1569 2419 1642 2478 pro·

406 2507 601 2572 curatorem
624 2501 735 2563 dantes
756 2506 788 2562 et
809 2501 1026 2573 concedentes,
1056 2507 1107 2562 etc
1109 2546 1313 2563 .....
1347 2509 1383 2563 ut
1409 2522 1506 2582 supro
1532 2505 1574 2582 (p.
1596 2504 1641 2583 6),

406 2606 581 2668 sententias
601 2611 667 2666 tam
688 2605 940 2666 interlocutorias
961 2625 1056 2686 quam
1078 2605 1260 2667 diffinitivas
1281 2607 1438 2678 audiendi,
1453 2608 1586 2668 crimina
1606 2613 1640 2669 et

405 2712 603 2774 defensiones
633 2709 829 2789 [ob]iciendi,
864 2715 968 2772 status
992 2711 1093 2772 nostri
1113 2710 1381 2783 reformacionem,
1403 2719 1436 2774 et
1456 2712 1490 2771 in
1511 2713 1639 2792 integri·

404 2824 471 2880 tato
491 2817 728 2880 restitucionem
749 2817 967 2896 dampnorum,
988 2815 1227 2877 estimacionem
1247 2837 1464 2896 expensarum,
1486 2817 1641 2879 interesse

404 2923 556 3003 quociens
601 2941 680 3001 opus
712 2921 762 2991 sit,
794 2919 923 3000 petendi
953 2927 987 2982 et
1017 2920 1198 3000 recipiendi,
1230 2920 1326 2981 alium
1360 2922 1410 2983 vel
1445 2921 1532 2992 alios,
1568 2927 1640 2993 etc,

404 3036 439 3090 ut
466 3047 571 3108 supra,
604 3028 630 3089 si
659 3026 867 3107 personaliter
894 3030 1058 3106 presentes
1089 3045 1241 3098 essemus,
1272 3026 1369 3087 etiam
1398 3027 1425 3088 si
1454 3026 1641 3087 mandatum

403 3134 529 3214 exigant
555 3133 699 3214 speciale.
755 3133 817 3192 Pro
844 3133 955 3193 eodem
986 3152 1060 3193 vero
1093 3137 1296 3213 procuratore
1322 3137 1440 3203 nostro,
1469 3132 1539 3212 ejus
1568 3132 1643 3193 sub·

405 3237 518 3300 stituto
552 3237 601 3300 vel
636 3237 826 3308 substitutis,
858 3236 897 3297 ab
932 3237 1001 3316 ipso
1035 3257 1102 3298 rem
1130 3243 1233 3297 ratam
1264 3236 1379 3298 habere
1404 3242 1437 3297 et
1463 3237 1639 3317 judicatum

405 3343 483 3406 solvi
504 3343 650 3405 omnibus
671 3363 805 3423 quorum
835 3342 989 3404 interesse
1008 3343 1126 3422 poterit
1156 3343 1358 3423 promitimue
1388 3347 1421 3402 et
1452 3343 1639 3422 exponimus

404 3450 579 3511 cauciones.
630 3448 670 3509 In
695 3468 828 3529 quorum
857 3449 1000 3510 omnium
1030 3449 1257 3521 testimonium,
1289 3454 1348 3511 stc.
1401 3448 1520 3509 Detum
1555 3449 1642 3529 apud

407 3555 546 3636 Sugwas
575 3555 643 3635 xiij⁰
670 3555 721 3616 die
762 3554 880 3616 mensis
912 3554 1068 3626 Octobris,
1099 3575 1183 3616 enno
1214 3555 1344 3617 Domini
1375 3554 1641 3635 Mwocomvija

410 3665 645 3740 l¹····]

410 3943 473 4005 Oct.
496 3941 652 4004 13.-rte
674 3941 793 4020 Bishop
814 3939 958 4019 appoints
983 3939 1086 4000 Adam
1108 3939 1304 4001 Marinwott
1327 3948 1357 4002 to
1382 3940 1415 4001 be
1440 3941 1489 4001 ac
1514 3941 1643 4001 Proetor

528 4023 568 4084 ad
592 4021 825 4102 impetrandum
849 4026 882 4082 et
906 4021 1194 4082 contradicendum.

489 4191 768 4252 Pnocunarosruu
803 4207 932 4250 raoruu
975 4207 1137 4251 uaorsrno
1169 4191 1239 4250 Ana
1272 4191 1489 4253 Mosruooru
1522 4209 1564 4250 in
1589 4209 1641 4251 nr-

408 4313 607 4356 rnraaunuu
636 4313 677 4355 ur
709 4294 1225 4357 concremassem-universis
1252 4300 1360 4374 petest
1390 4315 1447 4375 per
1477 4301 1641 4375 presentes

409 4403 493 4483 quod
517 4423 576 4464 uos
604 4403 714 4473 Adam,
738 4407 808 4472 ete,
830 4401 1040 4463 venerabilem
1068 4403 1170 4463 virum
1202 4401 1387 4481 magistrum
1409 4402 1510 4463 Adam
1542 4401 1642 4462 Muri·

409 4507 529 4578 mouth,
569 4508 755 4568 canonicum
796 4506 1071 4578 Herefordensem,
1111 4513 1143 4568 et
1176 4507 1246 4587 jure
1280 4506 1381 4568 civilis
1421 4506 1642 4588 professorem,

407 4631 516 4674 verum
537 4617 569 4672 et
590 4611 764 4692 legitimum
792 4619 1027 4692 procuratorem
1058 4618 1202 4673 nostrum
1230 4612 1373 4684 facimus,
1401 4613 1584 4674 ordinamus
1605 4619 1640 4674 et

409 4717 631 4778 constituimus
653 4719 691 4777 ad
713 4717 990 4779 contradicendum
1009 4724 1075 4777 tam
1096 4717 1218 4779 litteras
1240 4719 1400 4798 simplices
1420 4738 1515 4798 quam
1537 4719 1642 4799 legen·

409 4825 465 4885 das
486 4824 622 4904 graciam
644 4844 700 4885 seu
719 4823 878 4904 justicium
900 4822 1108 4894 continentes,
1133 4824 1383 4884 conveniendum
1404 4823 1437 4883 in
1459 4824 1528 4884 loca
1548 4831 1581 4886 et
1609 4825 1643 4885 in

408 4929 528 5010 judices
550 4934 582 4989 et
602 4929 688 5009 ipsos
709 4928 808 4989 eciaur
829 4929 1047 4999 recusandum,
1068 4929 1235 4990 cauciones
1255 4949 1313 5008 pro
1343 4930 1390 4991 eis
1410 4932 1640 5010 exponendum,

409 5035 505 5096 alium
534 5034 583 5095 vel
604 5033 690 5104 alios,
712 5039 782 5105 etc,
810 5040 847 5094 ct
866 5053 970 5112 sopra.
1030 5033 1070 5092 In
1091 5052 1225 5114 quorum
1250 5035 1392 5095 omnium
1413 5036 1642 5111 testimonium,

810 5167 921 5209 t-These
933 5166 1012 5210 worda
1025 5178 1066 5209 are
1079 5167 1176 5209 crased
1188 5172 1239 5210 out.
