3850 5917
681 687 831 767 Episcopo
859 687 1103 767 Horcsordcnasc.
1469 689 1510 749 63

131 939 173 980 tl>-
188 941 233 980 ¹³¹⁸-
271 934 343 996 Fcb.
368 939 418 996 12.
419 936 666 996 -Oommission
691 943 719 997 tc
745 936 794 995 the
818 935 967 1027 Priores
990 936 1172 997 Moonsoutb
1195 937 1259 997 ond
1282 937 1382 998 others
1409 944 1438 997 to
1459 958 1509 998 ea-

394 1017 614 1078 commanicato
639 1016 722 1079 tlwse
744 1017 811 1080 wlco
837 1016 898 1077 liud
922 1016 1057 1077 violatori
1082 1017 1131 1077 the
1154 1018 1316 1078 canoniocl
1340 1025 1509 1096 comtccry

395 1097 499 1257 iisidi
521 1097 697 1238 igiiidos
714 1097 1009 1170 lucubrantium
1032 1098 1147 1158 Walter
1168 1098 1313 1159 Herbcrd
1334 1099 1397 1159 hod
1418 1099 1511 1159 taken

356 1332 540 1394 (ioumssro
554 1351 596 1392 ru
617 1350 879 1392 nununonnnuu
896 1349 989 1393 maes
1003 1349 1297 1394 axcouuurucsros
1318 1352 1376 1404 eur
1397 1352 1514 1395 cusro-

274 1455 355 1499 msu
371 1457 603 1500 reresuaaunr
624 1457 717 1500 omos
732 1456 915 1500 aocnnsrru
936 1439 1130 1500 Mensarum
1151 1457 1329 1500 ocoss1ouu
1350 1441 1512 1500 Wsuurnn

275 1545 439 1605 Haecine
454 1563 693 1606 consuomnms
713 1565 755 1605 ro
771 1545 1097 1624 mesu-Episcopus
1114 1545 1258 1606 discretis
1279 1545 1354 1607 viris
1376 1545 1512 1626 filiisque

274 1652 307 1710 in
322 1651 450 1713 Christo
466 1651 598 1736 dilectis,
615 1653 743 1713 domiuo
757 1651 857 1712 Priori
877 1651 1071 1721 Monemute‚
1086 1652 1216 1712 Decano
1232 1651 1272 1713 de
1286 1651 1512 1724 Ircheenlelde,

275 1757 390 1819 vicario
412 1757 543 1818 ecclesie
559 1759 598 1818 de
618 1757 729 1819 Castro
743 1757 880 1828 Godrici,
902 1763 935 1818 et
951 1756 1101 1836 magistro
1120 1757 1254 1818 Ricardo
1271 1757 1310 1819 de
1334 1757 1512 1830 Sideuhale,

274 1861 520 1945 presbyterclac
547 1863 750 1924 commensali
779 1868 887 1923 nostro
912 1863 1056 1933 sulutem,
1080 1867 1140 1923 etc.
1203 1862 1251 1922 Ad
1280 1863 1513 1943 inquirendum,

275 1969 519 2039 reformandum,
544 1969 770 2048 corrigendum,
793 1974 825 2029 et
848 1969 1044 2048 puniendum
1069 1969 1266 2048 quorundam
1291 1969 1514 2049 sacrilegorum

275 2095 422 2136 excessus
444 2075 498 2154 qui
519 2094 591 2155 erga
612 2074 773 2136 libertates
798 2075 1027 2136 ecclesiasticas
1048 2075 1282 2136 immunitatem
1305 2075 1513 2156 confugienti-

276 2181 333 2243 bus
365 2181 406 2241 ad
440 2181 604 2242 eeclesiam
630 2201 758 2242 asaoro
786 2201 905 2243 canone
934 2181 1091 2242 indultam
1118 2180 1152 2241 in
1172 2182 1305 2243 ecclesia
1326 2183 1513 2248 Monemute

276 2292 383 2348 nostre
413 2287 555 2358 diocesis,
598 2306 677 2348 ausu
718 2288 884 2348 temerario
918 2287 1085 2359 violarunt,
1128 2287 1301 2349 claustrum
1335 2294 1368 2350 et
1402 2291 1514 2354 domos

276 2394 433 2474 prioratus
464 2394 606 2472 ejusdem
637 2392 818 2473 frangendo,
850 2394 882 2453 in
914 2393 1064 2455 vicarium
1097 2394 1196 2474 ipsius
1227 2395 1358 2458 ecclesie
1378 2408 1411 2457 et
1442 2398 1513 2478 ejus

276 2499 424 2561 clericum
442 2518 556 2559 manus
569 2498 724 2559 violentas
741 2491 918 2577 injiciendo,
936 2498 970 2557 in
984 2498 1069 2558 dicta
1083 2498 1214 2559 ecclesia
1228 2504 1260 2560 et
1274 2499 1344 2579 ejus
1359 2500 1514 2564 cimiterio

277 2625 313 2666 ac
342 2604 499 2666 meatibus
530 2605 701 2665 eorundem
735 2604 910 2665 custodiam
940 2603 1127 2683 apponendo
1156 2604 1320 2666 occasione
1348 2607 1514 2686 cujusdam

276 2711 409 2791 coniuge
441 2711 480 2771 ad
512 2711 675 2772 ecclesiam
704 2710 905 2782 antedictam,
934 2717 967 2772 et
995 2711 1242 2790 quamplurimas
1271 2711 1349 2772 alias
1380 2711 1536 2792 injurias

276 2817 420 2878 iaciendo
454 2821 564 2877 contra
598 2817 765 2876 canonicas
801 2816 993 2888 sedecimas,
1029 2836 1153 2877 necnon
1188 2817 1228 2877 sd
1259 2816 1513 2878 denunciandum

276 2944 347 2984 cum
379 2921 467 2984 omni
498 2923 731 3002 sollempuitate
761 2942 872 2983 omnes
899 2927 932 2983 et
962 2922 1103 3002 singulos
1132 2922 1313 3001 hujusmodi
1345 2923 1513 3004 sacrilegos

276 3027 573 3099 excommunicatos,
595 3028 692 3088 sacris
711 3027 750 3087 ad
771 3028 831 3088 hoc
845 3026 986 3088 vestibus
1002 3027 1184 3106 assumptis,
1199 3046 1291 3088 cruce
1310 3026 1343 3087 in
1366 3028 1513 3089 manibus

275 3141 389 3206 erecta,
410 3133 545 3214 pulsatis
567 3133 738 3213 campanis,
764 3133 902 3194 candelis
926 3132 1068 3193 accensis
1091 3137 1124 3192 et
1148 3132 1305 3205 extinctis,
1327 3153 1450 3194 necnon
1472 3135 1513 3194 ad

276 3239 513 3301 convocandum
534 3239 652 3300 clerum
674 3244 706 3299 et
726 3239 877 3318 populum
899 3237 990 3299 uobis
1021 3237 1200 3316 subjectum
1231 3238 1271 3298 ad
1299 3237 1513 3299 assistendum

276 3344 364 3406 vobis
384 3345 419 3404 in
436 3343 617 3424 hujusmodi
638 3343 799 3413 iaciendis,
820 3349 860 3414 et,
883 3343 910 3403 si
932 3361 1061 3402 necesse
1081 3341 1185 3413 fuerit,
1207 3341 1246 3401 ad
1268 3343 1511 3422 supponendum

275 3450 442 3512 ecclesiam
462 3449 635 3529 predictam
652 3448 863 3511 ecclesiastico
884 3447 1053 3508 interdicto
1066 3447 1155 3509 vobis
1175 3452 1208 3508 et
1225 3447 1352 3509 cuilibet
1369 3455 1511 3513 vestrum

276 3555 471 3636 coniunctim
492 3561 524 3615 et
545 3555 669 3615 divisim
691 3553 919 3614 committimus
947 3553 1034 3615 vices
1062 3559 1187 3615 nostras
1208 3573 1281 3615 cum
1310 3555 1513 3618 coeroicionis

275 3660 426 3722 canonice
446 3664 612 3738 potestate.
645 3660 763 3720 Datum
779 3659 862 3738 apud
877 3659 1051 3738 Bosebury,
1066 3659 1122 3738 xij⁰
1142 3659 1193 3720 die
1207 3660 1325 3720 mensis
1340 3659 1512 3735 Februarii,

277 3788 359 3829 auno
383 3767 514 3828 Domini
535 3765 759 3846 Muccuvija

278 3999 347 4062 ne
382 3999 540 4060 ar-rn
575 3998 693 4078 Bishop
730 3999 835 4059 atara
878 3999 993 4060 iratur
1030 3999 1067 4059 aa
1106 3998 1258 4071 aaran,
1299 3999 1348 4060 oa
1387 4001 1513 4074 ecana

399 4079 728 4241 {ppcgpvbplffleslmoe
752 4081 838 4140 lllcss
864 4080 935 4141 said
958 4081 994 4140 io
1019 4080 1068 4140 bis
1092 4100 1160 4141 own
1180 4080 1303 4160 priuato
1330 4079 1446 4161 Chcpel
1474 4083 1512 4159 an

357 4309 524 4371 Onussam
545 4323 705 4368 concussa
727 4323 851 4367 uouruo
873 4307 923 4366 W.
946 4324 990 4366 me
1013 4307 1419 4380 Sunonensem-Adam,
1441 4316 1512 4380 etc,

276 4407 390 4468 dilecto
423 4405 456 4464 iu
485 4404 611 4465 Christo
645 4405 719 4475 filie,
751 4405 880 4465 domiuo
911 4404 1053 4465 Waltero
1081 4403 1120 4464 de
1149 4404 1384 4477 Schobbedcue,
1409 4406 1512 4477 militi,

278 4504 402 4566 domine
427 4501 547 4582 Regino
575 4502 755 4573 senescallo,
788 4502 931 4572 salutem,
964 4507 1023 4562 etc.
1080 4501 1145 4561 uuo
1166 4501 1345 4563 devocionis
1368 4503 1513 4581 precibus

277 4600 417 4662 inclinati
441 4604 478 4660 ut
511 4599 544 4658 in
575 4600 710 4661 oratorio
743 4619 798 4660 seu
830 4598 949 4677 capella
981 4599 1112 4658 manerii
1134 4597 1181 4658 tui
1212 4599 1251 4659 de
1287 4599 1513 4661 Schobbedouc

276 4697 406 4778 predicti
438 4696 546 4756 divina
576 4697 678 4775 possis
707 4697 809 4757 lacere
840 4715 896 4776 per
928 4695 1077 4756 idoneum
1105 4694 1324 4774 presbyterum
1353 4696 1511 4770 celebrari,

277 4795 447 4855 dummodo
477 4813 534 4872 per
562 4793 622 4854 hoo
652 4794 841 4873 parochiano
876 4793 1007 4854 ecclesie
1035 4792 1085 4853 vel
1116 4791 1185 4852 aliis
1216 4812 1349 4872 quorum
1381 4793 1514 4854 interest

277 4893 394 4953 nullam
426 4889 634 4970 prejudicium
664 4896 838 4970 generetur,
867 4889 924 4950 tibi
956 4895 1066 4949 teriora
1097 4890 1295 4968 presencium
1326 4889 1455 4950 liberam
1479 4891 1513 4949 in

278 4989 415 5051 Domino
429 4986 631 5048 concedimus
644 4987 836 5048 lacultatem.
869 4987 909 5046 Iu
924 4987 1015 5064 cujus
1030 4986 1084 5056 rei,
1100 4978 1167 5046 eto.¹
1196 4978 1315 5046 Datum
1330 4987 1512 5059 Irondoniis‚

275 5087 373 5168 xxvij⁰
393 5085 445 5146 die
466 5083 585 5146 mensis
606 5083 776 5156 Februarii,
793 5083 892 5144 anno'
913 5083 1044 5144 Domini
1061 5082 1298 5162 Muocnnj‘v,
1318 5089 1378 5146 etc.
1471 5109 1474 5117 ¹
