3850 5917
713 684 865 764 Episcopi
892 685 1137 766 Herefcrdeuse'a
1483 692 1543 753 243

116 913 192 953 M>-
208 914 264 953 ¹³²2
305 908 402 968 alium
437 929 494 971 seu
528 908 607 970 alios
643 914 878 988 procuratorem
918 917 974 972 aut
1004 918 1222 992 procuratores
1258 915 1386 975 nomine
1420 936 1477 977 suo
1512 921 1544 977 et

305 1014 475 1095 cujuslibet
502 1016 643 1095 ipsorum
668 1015 891 1087 substituendi,
913 1022 993 1089 etc.;
1022 1038 1080 1097 pro
1102 1018 1220 1080 eisdem
1243 1040 1317 1081 vero
1338 1021 1545 1099 procuratori-

305 1119 365 1181 bus
386 1121 478 1181 meis‘
497 1125 530 1182 et
560 1140 669 1182 eorum
698 1121 839 1202 quolibet
870 1122 1106 1203 substitutoque
1142 1124 1182 1185 ab
1209 1125 1329 1186 eisdem
1357 1146 1414 1187 seu
1440 1126 1547 1207 aliquo

304 1226 476 1287 eorundem
514 1246 582 1287 rem
609 1231 711 1287 ratam
750 1227 858 1288 haberi
895 1233 928 1289 et
965 1228 1140 1307 judicatum
1179 1231 1257 1292 solvi
1296 1232 1354 1293 sub
1388 1232 1546 1312 ypotheca

304 1350 409 1391 rerum
439 1350 581 1391 mearum
608 1332 769 1411 promitto,
799 1338 831 1394 et
860 1334 1027 1395 cauoiones
1052 1356 1174 1415 expono
1201 1358 1257 1417 per
1279 1344 1451 1417 presentes.
1504 1339 1544 1399 In

305 1437 396 1517 cujus
415 1438 461 1499 rei
481 1438 710 1510 testimonium,
725 1439 799 1519 quia
819 1440 956 1521 sigillum
978 1462 1084 1502 meum
1105 1441 1247 1521 pluribus
1269 1448 1318 1504 est
1338 1444 1543 1523 incognitum,

304 1543 441 1623 sigillum
473 1543 660 1606 venerabilis
687 1546 796 1625 patris,
829 1546 948 1609 domini
981 1546 1056 1617 Ade,
1088 1553 1158 1620 etc,
1197 1549 1313 1629 apponi
1346 1550 1546 1629 presentibus

304 1650 478 1729 procuravi.
521 1651 565 1711 Et
585 1671 653 1721 nos,
676 1651 785 1722 Adam,
807 1657 877 1723 etc,
899 1653 940 1712 ad
959 1660 1104 1733 rogatum
1126 1654 1202 1715 dicti
1231 1654 1386 1715 Johannis
1414 1675 1546 1735 presens

304 1756 553 1834 procuratorium
589 1757 690 1836 sigillo
719 1763 828 1819 nostro
862 1758 995 1821 fecimus
1033 1760 1210 1841 consignari
1251 1760 1283 1820 in
1326 1761 1543 1822 testimonium

303 1861 539 1940 premissorum.
571 1862 691 1923 Datum
706 1864 789 1942 apud
807 1863 989 1944 Prestbury,
1005 1875 1037 1925 v⁰
1055 1865 1125 1926 Kal.
1143 1865 1285 1945 Augusti,
1307 1886 1390 1928 anno
1413 1866 1543 1927 Domini

304 1966 527 2048 M⁶coo⁰xxija

305 2246 331 2306 J
331 2246 383 2325 aly
408 2246 565 2307 30.—Tlre
592 2247 711 2327 Birtop
739 2248 948 2310 commercium
977 2249 1120 2311 Richard
1146 2250 1183 2310 de
1214 2251 1332 2311 Verncc
1360 2257 1389 2311 to
1417 2258 1467 2311 act
1488 2252 1545 2329 jor

429 2327 494 2387 irim
517 2328 553 2387 in
578 2327 627 2388 the
650 2336 762 2389 ntctter
785 2331 821 2408 os
844 2350 887 2390 aa
910 2330 1061 2408 ecolaunpe
1086 2331 1214 2391 between
1241 2331 1325 2392 John
1348 2332 1385 2392 de
1412 2333 1540 2409 Harey,

426 2409 538 2469 Rector
551 2410 587 2488 os
604 2409 712 2469 Edvin
732 2409 848 2489 Ralprlr,
869 2411 933 2470 and
955 2411 1039 2471 John
1058 2412 1226 2483 Abraham,
1252 2412 1344 2473 Vicar
1357 2414 1392 2492 os
1410 2412 1540 2474 Sctlcolc.

384 2593 567 2654 Corrurssro
598 2610 642 2652 ns
672 2611 927 2653 rnnnnrsorcna
955 2612 1087 2654 vrersm
1108 2611 1152 2653 nn
1181 2595 1334 2653 Brrssrrr
1357 2612 1425 2654 cun
1456 2594 1540 2654 Rac-

302 2714 398 2756 roms
433 2714 477 2755 nn
517 2696 875 2768 huomini—Adam,
917 2702 987 2769 etc,
1026 2698 1161 2759 discreto
1196 2698 1272 2769 viro,
1311 2697 1425 2758 dilecto
1467 2698 1541 2770 filio,

303 2804 454 2884 magistro
481 2804 617 2864 Ricardo
645 2805 684 2865 de
711 2804 871 2876 Vernoun,
892 2810 952 2865 etc.
996 2803 1076 2865 (lum
1098 2804 1203 2865 dilecti
1228 2803 1294 2875 filii,
1315 2803 1478 2865 Johannes
1503 2805 1543 2865 de

303 2909 457 2989 Henleye,
490 2910 606 2970 Rector
650 2910 780 2971 ecclesie
815 2910 854 2971 de
899 2909 1070 2981 Yeddelen,
1114 2914 1147 2970 et
1188 2909 1337 2989 magister
1378 2908 1541 2971 «lohannes

302 3014 470 3087 Abraham,
499 3014 634 3077 vicarius
658 3014 789 3075 ecclesie
817 3014 856 3076 de
880 3014 1042 3085 Baisham,
1066 3020 1173 3076 nostre
1195 3013 1337 3085 diocesis,
1362 3019 1541 3094 proponant

301 3121 412 3182 eadem
450 3140 508 3181 sua
539 3120 690 3181 beneficia
727 3140 765 3180 ex
803 3120 908 3181 causis
943 3120 1093 3200 legitimis
1130 3126 1319 3201 permutare,
1355 3121 1539 3181 dumtamen

302 3245 451 3287 assensus
479 3231 512 3288 et
534 3226 705 3287 auctoritas
728 3245 837 3287 eorum
862 3246 996 3306 quorum
1022 3226 1154 3287 interest
1175 3226 1401 3288 intervenerint
1425 3228 1458 3285 in
1481 3227 1541 3288 hac

301 3336 400 3411 parte,
433 3331 618 3391 discrecioni
652 3335 766 3402 vestre,
802 3331 840 3392 de
871 3352 934 3412 qua
971 3332 1098 3412 plenam
1126 3332 1274 3393 fiduciam
1310 3334 1457 3413 gerimus,
1501 3335 1540 3394 cd

302 3437 524 3517 inquirendum
545 3438 585 3499 de
612 3438 715 3498 causis
736 3436 983 3517 permutacionis
1013 3438 1204 3518 hujusmodi,
1234 3438 1486 3511 examinandum,
1507 3444 1541 3500 et

301 3544 452 3605 canonice
472 3543 700 3624 acceptandum
729 3545 864 3616 easdem,
886 3564 923 3604 ac
943 3545 1212 3624 permutacionem
1241 3545 1422 3624 hujusmodi
1450 3544 1541 3624 juxte

302 3649 486 3711 sancciones
522 3650 690 3711 canonicas
725 3650 972 3729 approbandum,
1015 3672 1051 3711 ao
1085 3650 1243 3729 prefatum
1284 3650 1470 3730 magistrum
1508 3650 1538 3711 J.

302 3753 460 3815 Abraham
481 3756 521 3815 ad
542 3755 659 3816 dictam
676 3755 840 3816 ecclesiam
862 3756 900 3816 de
922 3749 1093 3826 Yeddelen,
1112 3762 1144 3817 et
1163 3756 1338 3835 predictum
1360 3756 1540 3818 Johannem

303 3860 342 3919 de
370 3859 515 3940 Henleye
539 3861 580 3922 ad
603 3860 750 3921 vicariam
776 3861 907 3923 ecclesie
931 3862 971 3923 de
995 3862 1146 3922 Baisham
1171 3862 1293 3941 prelato
1316 3863 1355 3921 ad
1377 3858 1537 3941 presenta-

301 3965 425 4026 cionem
453 3971 658 4045 patronorum
680 3966 829 4046 ipsorum,
859 3967 994 4046 receptis
1022 3968 1109 4047 prius
1136 3966 1403 4045 resignacionibus
1427 3986 1538 4027 eorun-

302 4072 374 4132 dem
403 4072 559 4133 Johannis
596 4077 629 4134 et
659 4072 825 4143 iohannis,
864 4072 1086 4143 admittendos,
1129 4092 1165 4132 ac
1198 4072 1318 4132 dictum
1353 4071 1539 4151 magistrum

301 4176 481 4239 Johannem
503 4177 671 4250 Abraham,
697 4179 864 4240 Rectorem
892 4177 926 4237 in
947 4178 1079 4239 ecclesia
1110 4178 1148 4239 de
1171 4178 1341 4251 Yeddelen‚
1365 4184 1396 4239 et
1418 4179 1537 4238 dictum

302 4282 482 4345 Johannem
503 4285 543 4345 de
563 4284 718 4364 Henleye,
746 4284 897 4345 vicarium
919 4284 951 4343 in
975 4284 1106 4345 ecelesia
1134 4286 1172 4345 de
1200 4283 1361 4355 Baisham,
1388 4284 1540 4344 canonice

302 4388 523 4462 instituendos,
544 4396 615 4462 etc,
646 4391 731 4451 vices
761 4384 887 4451 nostras
908 4388 1137 4450 committimus
1167 4410 1224 4469 per
1257 4394 1428 4468 presentes,
1451 4409 1536 4449 man-

302 4479 415 4553 dantes
443 4493 592 4573 quatinus
614 4493 653 4554 de
672 4513 822 4573 processu
842 4497 947 4554 vestro
970 4492 1003 4552 in
1036 4493 1095 4553 hac
1119 4498 1208 4572 parte
1232 4493 1375 4554 habendo
1400 4514 1458 4554 nos
1482 4514 1539 4573 per

142 4626 196 4670 m
209 4626 244 4667 a,
303 4599 426 4660 litteras
447 4604 568 4661 vestras
593 4605 739 4680 patentes
763 4601 876 4660 harum
901 4605 933 4660 et
952 4599 1093 4680 ejusdem
1116 4619 1282 4678 processus
1305 4599 1399 4660 vestri
1424 4599 1537 4661 seriem

301 4705 500 4765 continentes
524 4706 640 4767 curetis
659 4705 789 4767 reddere
812 4705 974 4766 cerciores.
1016 4706 1135 4765 Datum
1157 4706 1240 4785 apud
1261 4705 1441 4785 Prestbury,
1464 4714 1537 4764 xxx⁰

302 4810 353 4872 die
377 4812 496 4873 mensis
517 4811 603 4883 Julii,
624 4832 708 4872 anno
728 4810 858 4872 Domini
880 4809 1104 4889 M⁰oco⁰xxij⁰.

402 4948 491 4989 1—us.
506 4946 697 4994 Hcoemaloisel:
718 4945 832 4994 probably
848 4945 910 4987 from
924 4956 991 4987 some
1004 4942 1129 4986 conlusion
1146 4944 1205 4987 with
1223 4944 1265 4985 the
1278 4947 1336 4985 next
1348 4948 1425 4989 enrry.
