3850 5917
396 695 454 754 178
768 692 947 770 Rapistrum
974 691 1040 753 Ado
1067 692 1103 752 da
1133 691 1257 752 01161611

220 954 276 992 Αιῦ-
293 953 347 992 ¹³2¹·
391 944 464 1003 Jan.
487 944 643 1003 22.-The
665 944 793 1023 Biston,
819 943 1049 1005 commissioued
1075 951 1103 1004 to
1125 943 1254 1022 prouida
1279 942 1379 1021 Roper
1406 942 1484 1002 Tillo
1507 941 1585 1001 with
1609 961 1630 1000 (1

513 1025 646 1102 benefice,
675 1025 799 1104 deputes
827 1025 970 1086 Richcrd
998 1025 1035 1086 de
1067 1025 1185 1086 Vernos
1214 1031 1242 1084 to
1270 1031 1321 1084 act
1342 1024 1398 1103 jor
1426 1023 1491 1083 tim
1518 1022 1554 1082 in
1582 1021 1631 1082 ilic

514 1113 634 1166 matter.

472 1260 654 1321 Oouinssro
675 1279 737 1320 rao
758 1279 908 1320 1111111116
930 1277 1069 1320 connino
1092 1259 1630 1320 snnasro1lun0.-Memorandum

390 1368 474 1447 quod
499 1368 618 1428 eisdem
639 1369 698 1439 die,
724 1389 816 1438 anno,
840 1373 872 1429 et
892 1369 971 1439 loco,
994 1367 1149 1438 dominus,
1172 1373 1320 1428 executor
1342 1367 1382 1427 ad
1402 1367 1630 1446 providendum

391 1474 513 1552 Rogcro
545 1473 632 1543 Tille,
668 1474 799 1553 pauperi
834 1473 956 1545 clerico,
986 1472 1228 1534 Hereiordensis
1267 1472 1410 1543 diocesis,
1446 1471 1484 1532 de
1526 1471 1631 1551 aliquo

390 1579 542 1640 beneficio
581 1584 745 1658 spectante
784 1579 823 1639 nd
861 1579 1065 1640 collacionem
1104 1578 1154 1639 vel
1192 1578 1465 1658 presentacionem
1500 1576 1631 1638 Abbatis

391 1691 423 1745 ct
458 1685 640 1746 Conventus
672 1684 937 1747 Gloucestriensis
973 1685 1005 1743 in
1042 1684 1158 1744 diocesi
1200 1683 1433 1754 Herelordensi,
1473 1683 1632 1743 commisit

391 1791 474 1851 vices
496 1811 569 1867 suas
592 1791 743 1870 magistro
765 1791 802 1850 R.
825 1791 864 1852 de
885 1789 1045 1860 Vernoun‚
1061 1789 1213 1850 canonico
1232 1788 1467 1850 Hereiordensi.

391 2059 464 2118 Jnn.
492 2058 648 2118 aa-Tte
683 2057 802 2136 Bishop
836 2056 1045 2117 commissione
1075 2056 1159 2116 John
1186 2055 1223 2116 da
1257 2054 1424 2133 Bromfiald
1452 2055 1516 2114 and
1549 2053 1630 2114 three

512 2139 611 2199 othere
637 2146 665 2198 to
690 2145 740 2198 act
762 2139 817 2216 for
845 2138 909 2197 him
935 2138 971 2196 in
996 2136 1103 2215 latiinp
1131 2144 1192 2206 out,
1216 2138 1271 2215 for
1296 2136 1350 2215 lisa
1374 2155 1409 2195 or
1431 2136 1485 2213 sor
1509 2155 1529 2194 c
1556 2143 1632 2194 term

512 2221 546 2298 of
569 2239 667 2297 poam,
695 2219 744 2278 the
770 2219 858 2278 lancis
883 2219 919 2296 of
941 2217 1084 2296 Bishop's
1114 2217 1215 2277 Gustle
1240 2216 1303 2276 ond
1327 2215 1477 2294 Lydbury
1504 2215 1614 2276 North.

474 2387 656 2449 Oouissssro
678 2405 720 2446 An
741 2405 945 2446 6111666661(
967 2405 1090 2446 nasicas
1113 2405 1199 2446 arun
1214 2385 1370 2446 Oisrsuu
1392 2403 1434 2444 ar
1457 2385 1632 2444 Linssnsr

388 2511 430 2553 sn
461 2493 800 2562 cremnon-Adam,
832 2499 902 2562 eto,
934 2493 1058 2553 dilectis
1086 2497 1118 2552 ot
1146 2491 1290 2552 fidelibus
1326 2491 1392 2550 suis
1422 2489 1558 2568 filiisque
1594 2489 1627 2548 in

390 2599 526 2670 Christo,
567 2599 706 2659 Jchanni
746 2599 784 2660 de
827 2598 1038 2677 Brompfelde‚
1082 2598 1223 2658 Waltero
1266 2598 1303 2657 de
1347 2596 1462 2666 Garios,
1506 2597 1630 2675 Rogcrc

390 2702 549 2782 Oollynge,
582 2709 614 2764 et
647 2703 786 2764 Waltero
821 2704 861 2764 (16
889 2703 1002 2772 Esshe,
1025 2705 1169 2774 salutem,
1192 2707 1251 2763 etc.
1309 2700 1357 2761 Ad
1380 2701 1568 2762 tradendum
1598 2707 1631 2762 et

389 2807 623 2867 concedendum
643 2812 742 2867 terras
759 2812 883 2867 nostras
904 2807 1078 2867 dominicas
1100 2807 1210 2867 frisoas
1227 2811 1259 2866 et
1279 2805 1411 2866 arabiles
1430 2805 1464 2864 in
1480 2806 1629 2866 maneriis

388 2913 506 2972 nostris
540 2912 579 2972 (16
613 2912 725 2972 (instro
754 2913 903 2991 Episcopi
928 2929 960 2973 et
998 2912 1155 2991 Lidebury
1190 2911 1229 2971 ad
1269 2911 1439 2971 terminum
1478 2912 1543 2971 vite
1579 2911 1629 2972 vel

391 3039 546 3079 annorum
567 3024 633 3078 tam
656 3019 837 3080 tenentibus
866 3020 985 3080 nostris
1005 3039 1101 3098 quam
1126 3017 1196 3078 aliis
1218 3018 1466 3098 quibuscunque,
1488 3017 1577 3079 vobis
1598 3025 1631 3079 ct

390 3123 559 3202 unicuique
580 3129 721 3183 vestrum
736 3124 929 3202 conjunctim
948 3130 981 3184 et
1002 3125 1126 3184 divisim
1149 3124 1378 3184 committimus
1392 3125 1477 3185 vices
1495 3133 1629 3195 nostras,

391 3234 484 3308 prout
519 3228 607 3288 vobis
642 3232 674 3288 et
708 3233 849 3289 vestrum
884 3229 1054 3308 unicuique
1089 3229 1128 3288 ad
1163 3228 1363 3288 commodum
1398 3233 1430 3289 et
1460 3228 1630 3290 utilitatem

391 3333 521 3394 ecclesie
564 3337 670 3392 nostre
710 3333 952 3393 Herefordensis
1002 3333 1113 3393 melius
1156 3338 1189 3392 et
1230 3332 1427 3392 commodius
1475 3333 1632 3393 videbitur

391 3438 545 3517 expedire,
574 3442 678 3497 ratum
706 3444 738 3498 et
763 3444 888 3517 gratum
916 3439 1070 3500 habentes
1095 3444 1127 3500 ot
1152 3438 1289 3499 habituri
1315 3437 1461 3517 quicquid
1491 3459 1547 3499 vos
1576 3446 1631 3499 aut

391 3565 474 3604 unus
504 3549 645 3605 vestrum
677 3544 710 3602 in
741 3545 903 3623 premissis
935 3546 1086 3606 duxeritis
1115 3546 1164 3606 vel
1195 3545 1318 3604 duxerit
1346 3543 1534 3604 iaciendum.
1591 3545 1630 3604 In

392 3651 482 3730 cujus
514 3651 567 3721 rei,
600 3656 659 3710 etc.
717 3651 837 3711 Datum
868 3653 952 3730 apud
985 3651 1124 3730 Sugwas,
1153 3651 1302 3712 vicesimo
1331 3651 1399 3729 111]ιο
1430 3651 1480 3711 die
1513 3651 1632 3712 mensis

392 3756 543 3826 Januarii,
573 3775 656 3815 anno
685 3755 814 3815 Domini
844 3756 983 3817 ΜθΟΟΟ0
1011 3757 1169 3828 vicesimo,
1199 3761 1258 3817 etc.

276 4093 281 4102 ,
347 4092 352 4102 .
395 4023 471 4082 Non.
500 4021 711 4082 27.-Wcltcr
740 4023 854 4091 Garlcs,
883 4023 995 4083 Rector
1022 4024 1057 4101 of
1091 4023 1231 4099 Orodley,
1265 4022 1379 4100 haviup
1407 4021 1552 4083 rendered
1581 4023 1630 4084 lais

515 4109 657 4162 accounts
674 4103 729 4180 for
752 4105 876 4163 various
899 4125 1041 4164 rcucnucs
1064 4105 1099 4182 of
1121 4104 1170 4163 the
1195 4103 1369 4182 Bishopric,
1395 4102 1423 4162 is
1448 4103 1630 4182 disctcrped

508 4184 594 4261 from
614 4184 740 4262 furtlwr
769 4183 915 4262 linbilaty.

475 4349 699 4419 Aoumraucm
734 4369 817 4410 nara
853 4352 1021 4411 Wanraso
1057 4350 1411 4422 cinnas-universis,
1443 4356 1512 4422 etc,
1546 4353 1630 4432 qnod

393 4474 451 4515 nos
476 4453 586 4525 Adam,
611 4462 680 4526 eta,
706 4456 881 4535 recepimus
906 4463 938 4518 ct
960 4457 1129 4517 habuimus
1153 4477 1171 4516 a
1193 4454 1333 4516 Waltero
1358 4455 1474 4526 Oarles,
1496 4457 1631 4518 Rectore

393 4561 523 4622 ecclesie
551 4561 590 4622 de
618 4561 806 4634 Oredelowe,
834 4563 961 4624 finalem
990 4567 1172 4642 compotum
1204 4567 1236 4622 et
1265 4559 1389 4622 fidelem
1417 4561 1457 4622 (16
1484 4563 1632 4624 omnibns

393 4666 538 4736 denariis,
567 4666 667 4738 bonis,
696 4675 728 4728 et
755 4668 877 4729 catallis
905 4669 1022 4729 nostris
1054 4669 1093 4728 (16
1125 4672 1193 4727 toto
1224 4672 1366 4747 tempore
1397 4686 1460 4746 quo
1490 4667 1632 4746 prefatus

393 4772 553 4833 Walterus
574 4773 679 4834 extitit
699 4780 842 4854 receptor
862 4779 894 4835 et
915 4774 1152 4834 administrator
1180 4773 1388 4844 denariorum,
1410 4771 1573 4845 bonorum,
1599 4781 1633 4836 et

393 4878 579 4939 catellorum
617 4885 796 4941 nostrorum
835 4879 1054 4960 temporalium
1098 4884 1131 4940 et
1169 4877 1380 4958 spiritualium
1419 4877 1459 4938 de
1495 4879 1631 4942 exitibus

393 4984 493 5043 nostri
518 4984 730 5064 Episcopatus
755 4987 794 5046 ad
819 5006 931 5046 manus
956 4984 1242 5064 predicti'Waltcri
1268 4983 1507 5045 devenienoium
1531 5004 1632 5070 usque

393 5089 433 5150 ad
461 5089 544 5150 diem
569 5091 777 5153 conieccionis
806 5091 1013 5172 presencium.
1071 5091 1140 5164 Quo
1165 5091 1272 5152 audito
1295 5096 1328 5152 ot
1351 5089 1521 5163 intellecto,
1547 5111 1631 5152 com-
