3850 5917
411 687 471 747 316
786 688 966 767 Registvam
994 689 1058 750 Acie
1085 688 1122 749 dc
1152 689 1276 751 Orletrns

237 915 297 955 M>-
312 916 368 956 ¹³²⁵·
409 912 495 972 modi
512 912 652 973 locorum
670 919 703 974 et
724 934 829 975 rerum
848 914 996 975 custodes
1012 913 1155 995 deputati
1173 914 1381 985 abstulerunt,
1403 918 1653 985 contmctarunt,

409 1023 441 1077 et
483 1018 584 1078 eciam
625 1025 899 1100 consumpserunt,
935 1020 1115 1081 sentencias
1151 1020 1279 1100 majoris
1311 1020 1652 1082 excommunicacionis

408 1129 519 1184 contra
538 1125 722 1205 hujusmodi
746 1126 974 1199 malefactores,
1006 1132 1042 1187 ut
1069 1127 1273 1207 premittitur,
1302 1126 1361 1189 sub
1392 1130 1516 1207 [pena]¹
1546 1128 1648 1189 incur·

408 1230 515 1301 rende,
529 1230 564 1289 in
580 1230 758 1291 animarum
777 1251 906 1293 suarum
925 1233 1043 1312 grande
1060 1233 1244 1313 periculum,
1259 1234 1286 1294 si
1304 1234 1346 1294 sit
1364 1234 1417 1305 ita,
1432 1233 1651 1313 ubertatisque

409 1336 620 1397 ecclesiastice
634 1336 795 1409 lesionem,
810 1342 843 1398 et
863 1338 1047 1399 scandalum
1062 1339 1277 1419 plurimorum.
1321 1340 1474 1413 Quocirca
1488 1339 1651 1400 devocioni

408 1446 512 1501 vestre
533 1441 728 1520 conjunctim
755 1447 787 1503 et
815 1443 942 1504 divisim
970 1443 1199 1505 committimus
1221 1450 1254 1505 et
1282 1445 1469 1505 mandamus
1497 1444 1648 1524 quatinus

408 1545 625 1607 malefactores
645 1547 838 1625 hujusmodi,
859 1568 993 1628 quorum
1015 1548 1152 1620 nomina,
1174 1556 1211 1610 ut
1230 1550 1433 1629 premittitur,
1455 1550 1649 1630 ignorantur,

406 1650 434 1711 si
455 1651 509 1730 qui
540 1652 615 1723 sint,
647 1652 680 1711 in
711 1673 824 1732 genere
852 1653 953 1715 dictas
984 1656 1163 1717 sentencias
1191 1655 1360 1717 incurrisse
1388 1663 1420 1717 et
1451 1658 1496 1718 sic
1524 1676 1646 1718 excom-

407 1757 585 1818 municatos
605 1778 675 1819 esse
696 1757 729 1817 in
750 1759 883 1819 ecclesia
913 1760 952 1822 de
983 1761 1104 1822 Patone
1134 1762 1285 1840 predicta,
1305 1768 1337 1823 et
1368 1762 1490 1833 vicinis,
1512 1783 1584 1823 cum
1616 1770 1649 1823 et

407 1861 451 1922 ibi
485 1882 544 1941 per
571 1868 694 1942 partem
725 1864 802 1924 dicti
833 1865 977 1927 Rectoris
1014 1866 1136 1927 fueritis
1175 1885 1312 1945 congrue
1351 1868 1503 1948 requisiti,
1534 1868 1643 1930 diebus

407 1968 583 2029 Dominicis
603 1975 635 2030 et
656 1969 777 2031 festivis
799 1970 883 2030 intra
903 1971 1071 2032 missarum
1093 1972 1277 2051 solempnia,
1300 1992 1372 2033 cum
1394 1974 1495 2053 major
1520 1974 1646 2035 affuerit

405 2073 514 2153 populi
535 2074 714 2145 multitudo,
736 2095 829 2136 eruce
849 2081 962 2147 erecta,
992 2076 1126 2156 pulsatis
1147 2077 1318 2156 campanis,
1341 2078 1479 2140 candelis
1505 2080 1646 2141 accensis

407 2184 440 2240 et
460 2180 588 2240 domum
608 2179 756 2241 extinctis
783 2185 816 2242 et
836 2181 869 2240 in
890 2182 1031 2261 ipsorum
1063 2181 1254 2262 vituperium
1286 2184 1319 2243 in
1341 2189 1458 2245 terram
1486 2186 1644 2265 projectis,

405 2286 529 2365 publice
563 2292 595 2346 et
630 2287 835 2367 solempniter
868 2288 1066 2350 denuncietis
1101 2309 1158 2350 seu
1192 2290 1382 2351 denunciare
1418 2290 1561 2362 faciatis;
1598 2292 1646 2352 in-

404 2391 566 2472 quirentes
586 2392 810 2454 nichilominus
838 2394 877 2455 de
908 2394 1090 2455 nominibus
1121 2396 1302 2467 eorundem,
1331 2401 1373 2467 et,
1402 2397 1430 2457 si
1461 2417 1540 2478 quos
1573 2418 1644 2459 reos

406 2496 589 2558 inveneritis
609 2498 643 2557 in
663 2498 723 2558 hac
743 2503 842 2577 parte,
864 2499 969 2561 citetis
990 2501 1117 2561 eosdem
1137 2500 1221 2581 quod
1242 2508 1445 2580 compareant
1462 2502 1495 2561 in
1514 2503 1648 2565 ecclesis

407 2607 516 2663 nostra
536 2602 708 2663 cathedrali
731 2602 956 2665 sarisburiensi
981 2624 1087 2665 coram
1109 2604 1241 2666 Officiali
1262 2611 1371 2693 nostro
1392 2607 1441 2668 vel
1463 2608 1531 2685 ejus
1553 2609 1646 2671 (lom-

406 2708 559 2780 missario,
600 2708 650 2769 die
671 2709 785 2770 Martis
815 2710 958 2789 proximo
979 2716 1052 2790 post
1080 2710 1197 2773 festum
1228 2712 1330 2773 sancti
1352 2712 1473 2774 Mathei
1503 2714 1647 2794 Apostoli

406 2813 528 2893 prefato
561 2813 718 2875 Willelmo
746 2815 786 2875 de
813 2814 985 2877 Abendone
1014 2836 1108 2896 super
1131 2817 1294 2896 premissis
1323 2822 1354 2878 st
1385 2838 1423 2879 ea
1444 2819 1648 2899 tangentibus

406 2920 445 2980 de
465 2920 593 2997 justicia
621 2920 811 2999 responsuri,
843 2921 976 2983 ulterius
1004 2921 1127 2994 facturi,
1163 2926 1195 2984 et
1224 2922 1381 3002 recepturi
1408 2925 1493 3003 quod
1519 2924 1648 3003 justicia

404 3026 558 3087 suadebit.
602 3026 702 3106 Super
729 3026 790 3087 hoc
817 3033 925 3088 autem
962 3029 1113 3089 mandato
1141 3028 1304 3089 dominum
1336 3034 1480 3090 nostrum
1512 3030 1641 3109 Regem,

404 3136 461 3191 aut
481 3131 644 3210 Reginam,
666 3132 716 3192 vel
740 3131 881 3211 ipsorum
902 3133 1017 3195 liberos
1042 3133 1189 3195 nolumus
1214 3134 1391 3215 aliqualiter
1411 3137 1646 3215 comprehendi.

406 3236 450 3296 Et
478 3236 554 3315 quid
574 3236 721 3308 feceritis,
742 3241 802 3298 etc.
845 3238 975 3309 Datum,
1001 3242 1060 3299 eto.

407 3532 469 3593 The
497 3530 615 3609 Bislrop
641 3530 763 3591 revolves
790 3550 812 3591 u
838 3531 970 3609 synodal
996 3538 1110 3592 statute
1137 3532 1239 3593 which
1260 3534 1392 3612 sorbadc
1420 3534 1469 3596 the
1493 3536 1644 3617 drinking]

521 3613 620 3692 scaete
634 3611 733 3672 called
753 3612 892 3683 scotalla,
914 3612 978 3675 and
995 3613 1190 3692 proauum
1211 3616 1505 3677 nemausiacas
1518 3618 1644 3695 oquiml

529 3691 611 3753 those
630 3692 697 3753 who
719 3692 787 3753 took
804 3699 879 3771 port
904 3692 939 3752 in
964 3693 1044 3754 these
1067 3694 1253 3773 pathcrinqs.
1317 3696 1366 3757 He
1386 3696 1456 3757 does
1478 3710 1539 3769 rtet,
1562 3698 1641 3759 horu-

527 3793 602 3843 cvcr,
628 3774 666 3851 by
691 3772 764 3843 thir,
788 3772 868 3833 rcish
897 3780 925 3833 to
953 3774 1058 3835 revolsa
1087 3774 1135 3835 the
1159 3784 1294 3837 sentence
1318 3778 1442 3855 against
1468 3778 1550 3839 those
1574 3780 1642 3841 wlco

526 3862 705 3915 controversa
733 3854 782 3915 the
813 3854 915 3915 clause
946 3854 982 3915 ia
1013 3855 1063 3915 tire
1095 3855 1225 3917 Charter
1255 3858 1291 3936 os
1323 3858 1372 3918 ibe
1402 3858 1510 3919 Forest
1540 3860 1643 3921 which

522 3935 645 4015 sorbids
677 3936 831 3996 Forestcrs
864 3943 893 3995 to
923 3935 1064 4014 orpaaisc
1098 3938 1238 3999 scotalla.
1301 3938 1524 4011 Furtbermorc,
1556 3940 1583 4001 it
1614 3942 1643 4002 is

525 4014 675 4095 provided
703 4015 770 4075 thar
797 4035 837 4075 ao
867 4016 991 4076 Charch
1018 4017 1102 4077 shall
1129 4018 1162 4079 be
1190 4018 1230 4079 let
1257 4027 1310 4081 out
1338 4020 1378 4081 ad
1405 4022 1529 4081 firmam
1561 4028 1591 4082 to
1622 4042 1644 4082 u

530 4097 663 4174 loynson,
686 4116 721 4156 or
742 4116 815 4156 ecca
837 4103 866 4158 to
888 4118 909 4157 o
930 4097 1011 4157 clcrlr
1033 4098 1163 4159 without
1187 4099 1235 4160 the
1262 4098 1372 4161 liocrwc
1393 4101 1428 4179 of
1453 4101 1502 4161 the
1524 4102 1644 4183 Bishop

525 4177 702 4257 previously
730 4177 883 4239 obtoirwd.

490 4350 600 4421 Adam,
622 4355 682 4411 etc.
724 4349 844 4420 Nostis,
866 4350 919 4422 fili,
941 4355 974 4411 et
995 4356 1100 4412 vestra
1120 4350 1271 4413 discrecio
1295 4372 1424 4415 noscere
1448 4354 1542 4417 debet
1562 4358 1646 4436 quod

409 4457 492 4519 alma
520 4460 621 4517 mater
648 4455 780 4516 ecclesia
810 4456 962 4516 nonnulla
993 4456 1177 4537 plerumque
1208 4457 1438 4520 racionabiliter
1464 4462 1590 4523 ordinat
1612 4468 1647 4524 et

407 4563 626 4643 consulitque
650 4562 803 4623 suadente
830 4561 1044 4641 subjectorum
1069 4563 1206 4624 utilitate
1231 4566 1434 4643 postmodum
1466 4568 1647 4630 consulcius

407 4676 441 4733 et
464 4667 684 4731 racionabilius
718 4673 844 4728 revocat
868 4668 901 4728 in
933 4668 1085 4731 meliusve
1109 4676 1281 4731 convertat.
1339 4671 1421 4733 Sane
1445 4672 1519 4735 licet
1547 4679 1648 4737 statu-

409 4781 478 4837 tum
506 4776 664 4856 quoddam
695 4774 835 4836 sinodale
866 4774 899 4834 in
926 4780 1036 4837 nostra
1056 4776 1172 4837 diocesi
1198 4776 1310 4839 fuisset
1338 4777 1504 4840 salubriter
1527 4780 1649 4842 editum

407 4904 464 4964 per
484 4883 568 4963 quod
589 4900 773 4943 communes
793 4881 976 4960 potaciones
1004 4901 1065 4962 que
1096 4882 1227 4944 scotalls
1255 4883 1380 4945 fuerant
1410 4890 1443 4945 et
1474 4892 1550 4947 sunt
1580 4888 1647 4949 vul·

407 4989 524 5071 gariter
550 4992 731 5068 nuncupate
758 4986 984 5066 prohibeantur
1004 5007 1160 5069 expresse,
1188 4989 1253 5049 lata
1277 4990 1405 5069 majoris
1433 4994 1647 5054 excommuni-

885 5124 999 5171 l—Suace
1016 5122 1060 5165 left
1073 5123 1097 5165 ln
1111 5125 1163 5166 MS.
