3850 5917
399 703 457 762 100
772 701 950 780 Regianum
978 701 1043 763 Ado
1070 703 1107 762 dc
1136 702 1260 762 Orlctoa

223 935 281 974 t-D·
297 935 352 976 ¹³¹⁸·
398 949 469 988 mus
500 928 664 1007 provideri,
696 933 854 989 reservata
889 928 981 989 nobis
1015 933 1172 1008 potestate
1202 929 1426 1008 augmentandi
1453 927 1636 1007 hujusmodi

398 1033 610 1113 provisionem
638 1038 807 1114 postquam
846 1033 1073 1095 monasterium
1103 1040 1253 1105 vestrum,
1286 1034 1455 1125 auxiliante
1487 1033 1636 1103 Domino,

398 1140 436 1199 ad
451 1140 646 1219 pinguiorem
657 1139 816 1200 fortunam
830 1141 960 1212 venerit,
973 1145 1004 1201 et
1013 1140 1052 1200 ab
1067 1139 1213 1200 omnibus
1223 1139 1337 1219 quibus
1351 1139 1631 1219 impreseneiarum

397 1244 533 1324 graviter
553 1245 706 1323 premitur
726 1244 820 1305 fuerit
840 1245 1023 1316 relevatum,
1038 1244 1065 1306 si
1086 1245 1170 1305 idem
1191 1245 1357 1324 Philippus
1376 1245 1466 1324 juxta
1485 1243 1637 1323 regularis

397 1348 598 1409 observancie
627 1349 824 1429 disciplinam
856 1333 911 1429 per
942 1349 1130 1410 laudabilem
1158 1350 1442 1420 conversacionem,
1474 1348 1634 1428 religionis

397 1454 526 1524 cultum,
549 1459 581 1514 et
602 1453 772 1514 fraternam
794 1454 968 1526 caritatem,
1000 1453 1143 1515 sollicitis
1174 1455 1287 1515 studiis
1319 1454 1474 1515 curaverit
1505 1453 1637 1514 dilatare

397 1566 429 1620 et
446 1558 648 1619 laudabilium
670 1559 834 1620 cocionum
856 1559 999 1639 exempla
1019 1560 1167 1619 fratribus
1191 1559 1346 1620 exhibere.
1394 1559 1520 1620 Habeat
1541 1560 1638 1638 igitur

398 1665 500 1727 dictus
522 1665 688 1745 Philippus
711 1665 751 1726 ob
772 1667 984 1726 reverenciam
1008 1670 1111 1726 status
1132 1686 1225 1745 quem
1260 1665 1358 1746 gessit
1389 1685 1488 1725 unum
1509 1665 1637 1725 canoni-

397 1792 478 1842 cum,
503 1773 591 1851 juxta
612 1771 846 1833 ordinacionem
876 1771 1016 1841 Abbatis,
1039 1771 1092 1852 qui
1116 1772 1218 1832 eidem
1247 1771 1395 1851 Philippo
1419 1778 1455 1831 ut
1476 1771 1583 1832 socius
1605 1777 1639 1830 et

396 1877 576 1956 capellanus
611 1877 772 1939 humiliter
803 1877 918 1938 serviat
949 1882 982 1938 et
1012 1878 1166 1949 intendat,
1198 1882 1231 1937 et
1266 1897 1365 1937 unum
1403 1877 1537 1938 liberum
1573 1897 1636 1937 ser-

397 1983 544 2054 vientem,
576 1989 609 2043 et
639 2003 737 2042 unum
769 1974 957 2063 garcionem,
989 1984 1042 2063 qui
1064 1988 1158 2064 prout
1187 1985 1227 2044 ad
1257 2003 1312 2045 eos
1342 1984 1480 2063 pertinet
1510 1984 1570 2045 sibi
1601 1991 1635 2044 et

397 2089 482 2150 socio
520 2109 578 2149 suo
609 2089 721 2150 devote
757 2095 789 2150 et
823 2089 957 2150 fideliter
987 2089 1112 2150 valeant
1147 2089 1335 2158 ministrare,
1372 2095 1404 2150 et
1435 2089 1497 2150 hiis
1536 2089 1638 2150 tribus

398 2194 550 2254 ministris
582 2194 624 2255 eit
651 2199 828 2256 contentus.
882 2195 1025 2275 Recipiet
1056 2202 1162 2256 antem
1198 2196 1302 2256 dictus
1333 2195 1429 2256 irater
1457 2196 1636 2274 Philippus,

397 2300 528 2380 singulis
555 2300 665 2362 diebus
690 2300 803 2380 quibus
828 2301 861 2360 in
886 2302 1078 2362 monasterio
1101 2321 1231 2381 presens
1256 2301 1359 2372 fuerit,
1387 2301 1421 2360 in
1444 2300 1577 2380 prandio
1602 2308 1636 2361 et

397 2407 430 2466 in
452 2427 538 2478 cena,
561 2427 580 2466 a
601 2407 713 2467 celario
734 2426 791 2486 pro
811 2427 845 2468 se
866 2407 944 2468 duae
964 2407 1096 2468 michias
1117 2412 1149 2468 et
1169 2408 1247 2468 duas
1267 2407 1395 2486 lagenas
1413 2407 1553 2468 melioris
1571 2427 1638 2468 cer-

252 2549 291 2586 -0,
332 2573 338 2586 ‚
396 2512 483 2583 visie,
516 2518 548 2573 et
577 2532 634 2591 pro
654 2511 738 2573 socio
770 2532 827 2573 suo
849 2533 945 2572 unam
977 2513 1125 2573 michiam
1155 2519 1187 2573 et
1207 2532 1303 2572 unam
1325 2513 1468 2592 lagenam
1493 2513 1637 2590 ejusdem

396 2619 535 2690 cervisie,
550 2623 582 2680 et
603 2639 660 2698 pro
681 2618 802 2679 duobus
820 2618 1012 2686 secularibus
1033 2618 1092 2679 sibi
1109 2619 1318 2680 servientibus
1339 2624 1404 2679 tres
1424 2638 1523 2698 panes
1544 2618 1634 2680 albos

396 2732 429 2787 et
449 2727 528 2786 duas
547 2725 673 2805 lagenas
694 2725 830 2786 secunde
851 2725 998 2795 cervisie;
1021 2726 1059 2785 de
1081 2725 1215 2804 coquina
1237 2731 1344 2786 autem
1365 2744 1422 2804 pro
1445 2745 1479 2785 ee
1498 2731 1531 2785 et
1550 2726 1637 2786 socio

397 2852 454 2894 suo
479 2831 608 2909 recipiet
642 2835 795 2910 quantum
831 2829 931 2890 tribus
962 2830 1131 2902 canonicis,
1159 2836 1192 2890 et
1225 2850 1281 2909 pro
1311 2829 1404 2890 dictis
1442 2829 1636 2891 secularibus

396 2943 549 3017 quantum
571 2935 640 2996 aliie
669 2935 822 2995 ministris
848 2934 979 2995 Abbatis
1003 2935 1145 3014 ejusdem
1166 2935 1358 2996 condicionis
1388 2935 1503 2996 cotidie
1523 2934 1633 2995 minis·

395 3048 504 3103 tratur.
539 3041 644 3102 Abbas
665 3061 739 3102 vero
754 3041 808 3121 qui
830 3061 914 3102 nunc
937 3046 995 3111 est,
1008 3041 1058 3102 vel
1079 3041 1132 3120 qui
1154 3061 1211 3120 pro
1231 3047 1373 3121 tempore
1394 3041 1497 3112 fuerit,
1515 3041 1636 3102 eisdem

395 3149 586 3210 secularibus
609 3149 648 3208 de
667 3153 762 3208 seota'
775 3147 982 3209 serviencium
1003 3167 1131 3208 suorum
1155 3148 1297 3226 ejusdem
1321 3147 1515 3208 condicionis
1536 3167 1636 3207 annu-

394 3255 472 3316 atim
501 3254 592 3315 robas
621 3253 717 3314 dabit.
760 3255 905 3315 Predicto
938 3254 1067 3334 insuper
1095 3254 1243 3333 Philippo
1263 3273 1320 3332 pro
1350 3252 1550 3315 habitacione
1579 3273 1639 3314 sua

395 3359 593 3438 assignamus
622 3377 779 3418 cameram
807 3358 966 3438 depictam
987 3358 1020 3417 in
1055 3356 1201 3428 Abbacia,
1227 3377 1321 3438 quam
1351 3357 1448 3417 frater
1468 3357 1634 3419 Johannes

394 3465 434 3526 de
455 3463 648 3532 Erleslonde,
671 3463 830 3541 quondam
856 3462 970 3534 Abbas,
999 3462 1188 3523 inhabitavit
1216 3464 1291 3522 dum
1322 3462 1408 3534 vixit,
1436 3468 1492 3522 aut
1512 3462 1637 3542 nigram

395 3587 561 3638 cameram,
579 3587 674 3646 quam
696 3567 792 3628 frater
806 3567 969 3629 Johannes
990 3568 1029 3629 de
1044 3568 1204 3639 Westone,
1227 3568 1386 3647 quondam
1407 3566 1521 3638 Abbas,
1544 3588 1638 3629 occu·

394 3675 482 3755 pavit
503 3674 579 3733 dum
607 3673 693 3744 vixit,
720 3673 769 3734 vel
791 3693 886 3732 unam
912 3673 951 3734 de
972 3673 1094 3734 duabus
1129 3672 1261 3733 cameris
1285 3672 1431 3733 subalta
1463 3673 1638 3736 infirmaria

395 3800 491 3862 quam
519 3778 642 3839 duxerit
662 3778 846 3858 eligendam.
889 3778 974 3840 Item
1001 3779 1200 3858 assignemus
1222 3779 1325 3839 eidem
1351 3798 1408 3857 pro
1437 3778 1548 3838 habitu
1577 3799 1638 3841 auo

394 3893 427 3948 et
448 3885 560 3946 ceteris
582 3883 767 3946 necessariis
794 3883 818 3945 0
841 3884 958 3945 solidos
981 3885 1201 3964 sterlingorum
1229 3884 1425 3963 recipiendos
1448 3883 1488 3944 ab
1511 3883 1635 3946 Abbate

396 3992 527 4072 singulis
549 3991 624 4051 anni
639 3991 782 4051 terminis
802 3990 1024 4070 infrascriptis
1046 3990 1200 4060 videlicet,
1221 3991 1254 4049 in
1270 3990 1351 4051 lesto
1367 3991 1635 4053 Annunciacionis

397 4098 487 4159 beate
508 4097 609 4158 Marie
635 4117 696 4156 xxv
717 4116 752 4167 s,
782 4097 815 4155 in
842 4095 925 4156 testo
955 4095 1140 4156 Nativitatis
1171 4095 1272 4156 sancti
1296 4094 1453 4156 Johannis
1488 4095 1638 4174 Baptista

395 4219 461 4264 xxv
477 4223 511 4274 s.,
536 4202 570 4261 in
598 4202 680 4263 festo
701 4201 803 4262 sancti
823 4201 989 4263 Michaelis
1009 4221 1070 4262 xxv
1091 4223 1126 4273 s..
1148 4208 1180 4263 et
1202 4201 1235 4260 in
1256 4201 1337 4262 festo
1359 4199 1484 4261 Natalis
1505 4201 1637 4261 Domini

396 4327 503 4379 xxva,
518 4307 632 4387 quibus
653 4307 757 4387 ipsum
778 4307 923 4368 volumus
944 4327 1014 4369 esse
1036 4313 1231 4379 contentum,
1253 4306 1432 4368 inhibentes
1452 4307 1556 4366 eidem
1575 4307 1636 4368 sub

397 4433 478 4493 pena
498 4411 626 4491 majoris
654 4412 992 4474 excommunicacionis
1013 4433 1107 4492 quam
1138 4412 1314 4473 monicione
1342 4411 1498 4491 premissa
1529 4412 1637 4491 ipsum

396 4522 554 4581 incurrere
583 4519 737 4590 volumus,
769 4519 796 4580 si
826 4519 858 4577 in
880 4519 939 4579 hac
970 4525 1060 4599 parte
1090 4519 1274 4580 inobediens
1304 4517 1398 4578 fuerit
1419 4517 1469 4578 vel
1500 4517 1636 4591 rebellis,

396 4646 436 4686 ne
464 4624 672 4704 quodcunque
709 4623 793 4684 aliud
824 4624 986 4704 proprium
1007 4624 1091 4684 intra
1111 4623 1337 4685 monasterium
1374 4623 1424 4683 vel
1444 4629 1542 4696 extra,
1566 4624 1637 4686 sine

396 4730 526 4791 Abbatis
548 4729 678 4790 licencia
698 4729 798 4808 petita
819 4734 851 4790 et
883 4736 1023 4809 optenta,
1055 4734 1165 4791 contra
1185 4727 1389 4808 professionis
1410 4748 1467 4789 sue
1492 4729 1636 4790 debitum

395 4837 510 4898 audeat
530 4835 673 4896 retinere.
717 4835 800 4896 Item
822 4835 1004 4896 ordinamus
1023 4840 1056 4896 et
1072 4835 1242 4896 statuimus
1262 4833 1347 4913 quod
1368 4835 1521 4905 canonici,
1536 4835 1637 4897 missa

396 4943 514 5020 majore
535 4940 699 5012 celebrata,
723 4942 799 5001 hora
819 4941 943 5020 prandii
964 4941 996 4999 in
1028 4939 1192 5001 refectorio
1218 4939 1386 5000 comedant
1407 4937 1472 4998 bini
1497 4945 1531 5000 et
1559 4940 1636 5000 bini.

398 5048 481 5109 Item
502 5047 586 5127 quod
610 5048 776 5107 comedant
798 5046 845 5107 bis
875 5045 908 5105 in
935 5045 1141 5116 distantum,
1163 5043 1308 5105 videlicet
1339 5043 1372 5102 in
1392 5044 1526 5122 prandio
1547 5052 1580 5106 et
1601 5046 1636 5105 in
