3850 5917
385 669 444 728 156
759 669 939 746 flateram
966 668 1031 730 Aa
1058 668 1095 730 aa
1125 669 1249 730 eota

209 898 265 938 Α-ὓ·
281 898 337 938 ¹³2⁰·
379 893 471 970 patri,
504 893 632 953 domino
661 894 822 972 H[enrico
857 894 896 954 de
924 894 1138 974 Burghersh],
1168 895 1227 956 Dei
1262 894 1367 974 gracia
1404 894 1618 956 lincolniensi

379 998 547 1078 Episcopo,
563 998 610 1069 A,
630 1000 773 1079 ejusdem
792 1000 999 1079 permissione
1019 999 1262 1060 Herefordensis
1282 999 1469 1079 Episcopus,
1485 1000 1621 1061 salutem

379 1111 411 1164 et
432 1104 603 1165 fraternam
623 1105 656 1164 in
677 1106 815 1166 Domino
842 1105 1015 1166 caritatem.
1059 1104 1108 1165 Ad
1138 1106 1371 1166 admittendum
1401 1110 1434 1166 et
1455 1111 1619 1185 acceptan-

380 1212 456 1271 dum
477 1212 725 1291 resignacionem
759 1213 880 1273 Thome
915 1212 954 1272 dc
985 1212 1200 1290 Portingtone,
1230 1211 1374 1272 Rectoris
1411 1211 1541 1271 ecclesie
1578 1209 1619 1270 de

378 1316 542 1394 Teyntone
576 1323 684 1379 nostre
712 1317 855 1387 diocesis,
885 1336 979 1396 quam
1005 1316 1044 1376 de
1078 1315 1162 1377 dicta
1187 1315 1319 1376 ecclesia
1345 1315 1446 1376 facere
1471 1315 1618 1386 intendit,

379 1428 416 1482 ut
440 1422 562 1493 dicitur,
588 1443 684 1483 causa
704 1423 951 1502 permutacionis
972 1423 1054 1482 inter
1075 1422 1179 1502 ipsum
1207 1422 1362 1482 Thomam
1386 1427 1419 1482 et
1444 1421 1618 1482 Walterum

379 1528 418 1588 de
439 1528 611 1599 Bonevllle,
635 1529 801 1589 Rectorem
831 1528 961 1589 ecclesie
983 1528 1022 1588 de
1037 1527 1180 1606 Welleby
1201 1535 1305 1589 vestre
1328 1527 1470 1598 diocesis,
1492 1529 1531 1587 de
1551 1526 1617 1587 suis

379 1632 561 1711 hujusmodi
583 1633 743 1695 beneficiis
770 1654 807 1694 ex
829 1634 932 1694 causis
953 1633 1102 1713 legitimis
1125 1633 1275 1704 faciende,
1297 1654 1421 1694 necnon
1446 1638 1477 1694 et
1499 1633 1621 1693 dictum

380 1737 556 1798 Walterum
589 1739 632 1798 ad
667 1739 822 1818 prefatam
852 1739 1017 1800 ecclesiam
1046 1739 1084 1800 de
1116 1739 1280 1818 Teyntone
1318 1739 1550 1799 admittendum
1587 1739 1620 1797 in

380 1844 481 1905 forma
511 1846 663 1906 canonica
695 1852 728 1906 et
752 1846 983 1906 instituendum
1004 1845 1038 1905 in
1068 1846 1187 1917 eadem,
1217 1851 1249 1906 et
1270 1845 1302 1904 in
1328 1844 1521 1924 corporalem
1548 1863 1621 1923 pos-

379 1952 554 2013 sessionem
600 1953 741 2033 ejusdem
783 1952 913 2014 ecclesie
954 1953 1177 2023 inducendum,
1226 1952 1372 2012 inducive
1423 1971 1480 2030 per
1521 1950 1620 2010 alium

379 2057 567 2129 faciendum,
596 2064 628 2119 et
657 2059 697 2118 ad
731 2058 838 2118 omnia
866 2059 927 2118 alia
956 2063 990 2119 et
1018 2058 1141 2137 singula
1175 2057 1318 2118 facienda
1346 2077 1406 2136 quc
1435 2056 1618 2136 hujusmodi

378 2164 625 2243 permutacionis
655 2164 819 2243 negocium
856 2164 952 2243 exigit
994 2169 1026 2224 et
1061 2163 1201 2243 requirit,
1246 2162 1335 2223 vobis
1375 2163 1460 2222 vices
1496 2167 1622 2222 nostras

378 2269 608 2331 committimus
637 2290 710 2330 cum
739 2270 973 2350 canonicaque
994 2270 1027 2329 in
1055 2270 1114 2330 hac
1138 2275 1228 2348 parte
1252 2269 1422 2348 requiritur
1449 2273 1617 2347 potestate,

379 2393 436 2434 vos
456 2381 603 2454 rogantes
625 2375 774 2455 quatinus
796 2375 834 2436 de
855 2374 917 2435 hiis
938 2395 1000 2454 que
1028 2375 1165 2436 feceritis
1187 2375 1220 2434 in
1249 2373 1412 2454 promissis
1440 2393 1498 2434 nos
1523 2373 1614 2433 certi-

379 2481 481 2542 ficetis
520 2501 576 2561 per
611 2481 752 2542 litteras
773 2486 894 2542 vestras
921 2486 1069 2560 patentes
1103 2480 1216 2540 harum
1258 2479 1371 2540 seriem
1406 2478 1616 2539 continentes.

380 2587 499 2646 Datum
532 2587 714 2659 Loudoniis,
744 2587 775 2646 ix
808 2586 858 2646 die
889 2585 1087 2657 Novembris,
1109 2605 1193 2646 anno
1214 2583 1359 2654 Domini
1373 2583 1512 2644 ΜΟΟΟΟο
1536 2583 1616 2644 vice-

379 2711 470 2752 s1m0.

381 2884 443 2944 Tha
468 2883 595 2962 Bialwp,
620 2904 660 2944 on
684 2883 790 2963 tetols
810 2884 845 2958 of
866 2882 916 2943 aa
929 2882 1041 2943 Rector
1060 2883 1096 2962 os
1119 2881 1254 2954 Oolwotl,
1280 2901 1426 2962 approvas
1447 2882 1483 2962 os
1503 2901 1524 2942 a
1547 2900 1617 2960 pro·

497 2965 592 3044 posed
619 2964 770 3042 ccchonqe
797 2964 833 3044 os
857 2963 1006 3042 beneficas.

462 3095 609 3153 Lmrnaa
652 3111 736 3153 narn
775 3094 923 3153 Racrom
966 3112 1009 3153 na
1052 3093 1444 3154 Gonswnnn.—-Noverint
1479 3093 1620 3154 universi

379 3205 542 3280 presentes
563 3199 685 3260 litteras
707 3199 880 3280 inspecturi
901 3200 986 3277 quod
1014 3220 1073 3260 nos
1098 3198 1207 3272 Adam,
1228 3203 1298 3272 etc,
1319 3199 1441 3261 litteras
1462 3201 1617 3280 quasdam

378 3326 514 3385 paruos
535 3305 703 3377 confectas,
726 3278 854 3367 necnori
876 3305 1016 3367 litteram
1039 3306 1198 3386 quandam
1230 3325 1286 3385 per
1306 3305 1491 3385 magistrum
1513 3306 1551 3365 R.
1574 3305 1614 3367 de

378 3411 537 3481 Vernoun,
558 3410 636 3489 juris
654 3411 823 3480 doctorem,
846 3409 999 3470 vicarium
1014 3415 1159 3470 nostrum
1182 3409 1273 3470 nobis
1295 3409 1328 3469 in
1348 3409 1478 3472 remotis
1496 3411 1614 3490 agenti-

378 3516 437 3578 bus
455 3516 633 3596 generalem
649 3537 685 3576 ac
706 3517 957 3577 commissarium
977 3517 1154 3597 specialem,
1176 3517 1352 3578 confectam
1372 3517 1431 3578 sub
1450 3519 1614 3580 tenoribus

378 3620 572 3702 inspeximus
586 3621 803 3701 infrascriptis,
819 3622 872 3702 qui
887 3626 1013 3683 tenores
1028 3623 1061 3682 in
1083 3623 1143 3684 hoc
1157 3623 1288 3703 registro
1303 3623 1376 3683 alibi
1391 3625 1615 3685 continentur.¹

378 3728 423 3788 Et
453 3748 512 3789 nos
543 3728 747 3790 collacionem
774 3729 947 3808 predictam
977 3749 1013 3789 ac
1041 3729 1143 3809 ipsam
1171 3729 1441 3809 permutacionem
1471 3730 1504 3788 in
1532 3731 1618 3791 dicta

378 3834 484 3894 littora
528 3834 708 3895 collacionis
752 3835 892 3914 predicte
931 3855 1112 3914 expressam
1154 3841 1185 3896 et
1228 3834 1328 3915 ipsius
1369 3835 1617 3915 permutacionis

378 3959 506 4000 causam
534 3960 572 4000 ex
599 3946 685 4001 certa
709 3946 818 4001 nostra
845 3940 981 4002 sciencia
1006 3940 1216 4020 approbamus
1238 3947 1269 4016 et
1291 3941 1523 4002 confirmamus.
1570 3941 1612 4001 In

378 4064 512 4124 quarum
545 4046 764 4125 inspoccionis,
799 4046 1048 4127 approbaoionis,
1084 4051 1116 4107 et
1150 4046 1402 4109 confirmacionis
1436 4054 1618 4109 nostrarum

378 4150 595 4211 testimonium
617 4152 754 4232 sigillum
775 4158 921 4213 nostrum
940 4153 1140 4233 presentibus
1161 4157 1210 4214 est
1231 4173 1416 4233 appensum.
1459 4155 1591 4214 Datum'

377 4353 455 4414 Noc.
477 4355 633 4416 11.—The
654 4355 773 4436 Bistop
793 4355 1002 4417 coormissioac
1027 4356 1169 4418 Riclrord
1189 4357 1226 4418 da
1251 4358 1435 4436 Holphtonc,
1460 4365 1613 4420 transcrcr

500 4435 535 4514 os
551 4435 711 4515 Llandoff,
734 4444 763 4497 to
783 4437 917 4516 anquira,
939 4438 1003 4498 aad
1023 4445 1123 4517 report
1145 4445 1174 4498 to
1196 4439 1245 4498 tle
1266 4438 1385 4518 Bishop
1398 4440 1433 4518 os
1450 4439 1611 4518 Llandcff,

499 4517 679 4595 cmwminq
711 4518 760 4578 tha
794 4517 1026 4579 recorwiliolc'oa
1053 4520 1088 4598 of
1119 4519 1169 4580 tha
1205 4519 1329 4580 Choreb
1355 4519 1390 4598 of
1423 4519 1612 4591 Mocmoutls,

495 4597 635 4676 pollulad
663 4599 701 4676 by
730 4599 900 4659 bloodsted.

459 4729 704 4791 (louurss1onns
728 4747 790 4790 rao
806 4747 1100 4791 naconornracmnu
1122 4747 1280 4790 nccnnsra
1301 4747 1480 4791 Percussus
1495 4706 1612 4790 luoru-

376 4834 655 4906 uurnn.—Adam,
676 4841 746 4907 etc,
767 4835 903 4896 discreto
924 4836 1000 4908 viro,
1023 4835 1173 4914 magistro
1194 4835 1328 4896 Ricardo
1352 4835 1391 4896 de
1416 4835 1609 4916 Halghtons,

438 4972 521 5011 l-The
533 4975 604 5019 entra·
616 4971 672 5014 here
684 4969 788 5014 referred
801 4976 827 5013 tc
839 4971 897 5012 does
911 4976 952 5012 not
970 4981 1035 5012 seem
1048 4976 1074 5012 to
1090 4970 1155 5012 exist
1174 4969 1198 5010 ln
1216 4971 1257 5012 the
1278 4969 1393 5018 Register,
1408 4981 1436 5012 as
1449 4981 1486 5014 we
1507 4972 1568 5013 have
1587 4973 1613 5014 it.

374 5034 396 5074 lt
409 5044 465 5080 may
478 5033 583 5081 possibly
595 5035 657 5075 have
670 5034 727 5075 been
741 5045 771 5075 on
784 5035 826 5076 the
840 5034 887 5076 lost
904 5033 969 5076 folio.

434 5109 522 5150 2—The
534 5109 582 5150 last
595 5108 642 5151 line
654 5107 680 5151 of
692 5111 734 5151 the
747 5117 806 5157 cane
819 5109 840 5151 is
853 5114 894 5152 cut
907 5108 948 5152 off.
