3850 5917
691 695 842 775 Episcopi
869 694 1112 775 Hercsordoasis.
1459 693 1519 753 379

111 930 167 971 Α-ὓ·
184 930 240 969 Μ·
284 920 373 983 vobis
401 922 452 982 die
484 926 516 983 et
555 921 623 983 loco
648 920 681 981 in
721 920 862 1000 predicto
891 920 1041 980 mandato
1062 923 1168 980 vestro
1191 916 1358 986 contentis,
1381 915 1521 977 facturus

283 1033 315 1086 et
339 1030 523 1105 recepturus
545 1025 716 1086 secundnm
740 1023 874 1085 formam
893 1029 925 1085 et
945 1029 1087 1085 tenorem
1112 1024 1255 1101 ejusdem
1275 1022 1416 1082 mandati
1437 1021 1521 1100 quod

281 1130 409 1210 justicia
430 1130 582 1192 suadebit.
625 1130 744 1191 Datum
766 1131 850 1210 apud
873 1130 969 1202 clive,
991 1130 1059 1208 xiij⁰
1079 1129 1130 1190 die
1150 1129 1269 1190 mensis
1289 1127 1413 1208 Aprilis,
1437 1147 1521 1188 anno

282 1236 413 1298 Domini
441 1237 698 1314 M0ccc⁰xxviij0.

286 1494 363 1572 Jaly
391 1493 570 1573 a-Rolpo
596 1492 633 1555 dc
664 1493 809 1554 Wiadsor
837 1493 892 1554 has
920 1493 1015 1571 apcia
1049 1492 1196 1572 appoalcd
1225 1500 1254 1553 ιο
1283 1493 1331 1553 aa
1368 1492 1462 1553 Ocuri
1490 1500 1522 1571 os

411 1574 613 1651 contortam,
644 1574 766 1635 bccaasc
794 1574 904 1643 Adara,
933 1573 1053 1653 Bishop
1077 1576 1112 1653 os
1140 1574 1313 1645 Worcocter,
1339 1580 1372 1633 αι
1401 1573 1450 1633 tho
1474 1572 1521 1631 ia-

408 1654 558 1732 stipation
581 1655 616 1734 of
640 1656 748 1733 Heary
772 1654 810 1715 dc
836 1655 962 1734 Cla'stoa,
990 1655 1045 1715 has
1066 1654 1283 1734 percmptorily
1308 1654 1433 1714 ordered
1458 1654 1524 1712 hinc

408 1743 436 1797 ιο
461 1756 578 1815 appear
598 1736 633 1796 ia
653 1756 772 1797 aaswcr
789 1743 818 1797 ιο
839 1736 947 1813 chry
961 1736 999 1795 de
1022 1735 1164 1814 Clrftoa's
1178 1735 1281 1796 claim.
1325 1735 1387 1795 Tha
1403 1733 1523 1812 Official

407 1818 442 1895 os
469 1816 518 1877 tha
549 1817 642 1877 Coraci
671 1818 818 1877 instructa
848 1816 896 1877 tho
924 1816 1043 1896 Bishop
1069 1826 1097 1877 ιο
1126 1816 1195 1877 talto
1222 1836 1260 1876 aa
1284 1815 1389 1875 action
1412 1816 1448 1873 in
1473 1814 1522 1875 tbc

408 1905 520 1958 arattcr
546 1898 637 1957 robola
667 1897 716 1957 cte
743 1897 854 1977 apponi
881 1897 908 1957 c's
933 1897 1080 1976 pardiap,
1109 1906 1172 1957 aaa
1201 1904 1230 1957 ιο
1259 1896 1317 1957 cito
1349 1896 1456 1973 Heary
1484 1895 1522 1955 dc

409 1978 527 2058 Ola'jton
556 1985 585 2038 ιο
612 1998 727 2057 appear
755 1978 852 2057 before
881 1978 930 2038 tho
960 1980 1063 2039 Coart.

366 2145 544 2207 Venerabili
559 2146 592 2205 in
607 2145 733 2207 Christo
750 2146 841 2225 patri,
857 2146 985 2206 domino
1006 2145 1082 2217 Ade,
1104 2146 1164 2206 Dei
1185 2146 1289 2225 gracia
1310 2145 1522 2225 Wigorniensi

284 2251 452 2331 Episcopo,
475 2250 613 2329 ipsiusve
638 2252 670 2310 in
693 2252 741 2313 aui
770 2251 916 2313 absencia
939 2252 1056 2312 vicario
1081 2252 1113 2311 in
1138 2252 1353 2331 spiritualibus
1374 2251 1519 2331 generali,

282 2356 433 2417 Officialis
465 2356 557 2417 Curis
588 2356 824 2419 Cantuariensis
852 2378 909 2437 per
939 2357 1081 2418 Priorem
1113 2362 1146 2417 et
1177 2357 1358 2437 Capitulum
1390 2357 1521 2418 ecclesie

283 2462 402 2523 Christi
424 2462 670 2534 cantuariensis,
697 2462 777 2523 Sede
792 2463 1013 2525 Cantuariensi
1040 2468 1181 2534 vacante,
1207 2464 1408 2535 constitutus,
1439 2464 1520 2525 salu-

282 2572 348 2627 tem
380 2587 452 2627 cum
473 2567 652 2627 reverencia
676 2572 735 2628 etc.
778 2567 898 2628 Peticio
920 2567 1039 2627 domini
1067 2567 1226 2648 Radulphi
1248 2568 1286 2628 de
1314 2569 1519 2647 Wyndesore,

282 2672 427 2733 Rectoris
462 2672 591 2733 ecclesie
625 2673 665 2733 de
699 2672 909 2751 Tredyntone,
942 2678 1047 2735 vestre
1082 2673 1223 2745 diocesis,
1259 2673 1349 2735 nobis
1380 2673 1522 2734 exhibita

283 2778 466 2838 continebat
494 2779 578 2857 quod
604 2777 677 2838 licet
705 2778 788 2839 idern
818 2779 965 2840 dominus
994 2778 1180 2858 Radulphus
1208 2779 1324 2839 dictam
1356 2779 1520 2839 ecclesiam

282 2902 373 2943 suam
405 2882 555 2944 canonice
576 2881 688 2943 fuisset
709 2889 881 2955 assecutus,
914 2904 950 2945 ac
975 2904 994 2943 a
1022 2889 1163 2963 tempore
1187 2885 1368 2965 hujusmodi
1396 2904 1519 2945 assecu-

283 2988 384 3049 cionis
406 3008 462 3049 sue
484 2988 615 3049 eandem
637 3008 709 3048 curn
734 2989 800 3049 suis
818 2989 940 3069 juribus
962 2996 994 3050 et
1012 2991 1216 3069 pertinenciis
1236 3011 1293 3070 per
1312 3011 1377 3050 non
1400 2992 1522 3051 modica

284 3102 429 3174 tempora
449 3095 650 3173 possedisset,
671 3099 703 3155 et
733 3095 835 3154 adhuc
863 3094 1024 3174 possideat
1045 3096 1077 3154 in
1109 3096 1258 3175 presenti,
1290 3096 1463 3174 fuissetque
1484 3115 1521 3155 ex

282 3204 373 3279 parte
394 3199 503 3277 ipsius,
530 3199 564 3257 in
585 3198 767 3277 hujusmodi
788 3200 987 3277 possessione
1015 3200 1179 3261 existentis
1210 3220 1247 3261 ac
1268 3200 1439 3260 metuentis
1460 3199 1521 3261 sibi

282 3303 316 3363 in
344 3324 382 3365 ea
406 3310 495 3383 parte
516 3323 554 3364 ex
576 3304 763 3383 quibusdam
784 3304 888 3365 causis
908 3304 1120 3383 probabilibus
1149 3312 1182 3366 et
1206 3306 1426 3367 verisimilibus
1447 3326 1519 3367 con-

282 3411 414 3491 jecturis
453 3430 546 3490 grave
583 3411 789 3490 prejudicium
825 3432 918 3491 posse
952 3413 1093 3491 generari
1122 3413 1154 3471 in
1189 3413 1341 3483 futurum,
1376 3434 1416 3473 ns
1450 3413 1522 3492 quis

285 3516 454 3596 quicquam
477 3516 510 3575 in
531 3516 630 3596 ipsius
652 3516 859 3596 prejudicium
881 3522 1085 3597 attemptaret
1113 3538 1170 3578 seu
1200 3518 1317 3578 faceret
1346 3518 1522 3597 aliqualiter

283 3622 475 3701 attemptari,
498 3622 537 3681 ad
560 3622 672 3682 Sedem
695 3621 908 3701 Apostolicam
929 3627 961 3683 et
992 3643 1049 3702 pro
1077 3623 1215 3683 tuicione
1237 3624 1329 3685 Curia
1358 3624 1519 3684 Cantuari·

284 3728 370 3789 ensis
399 3728 513 3807 palam,
541 3728 674 3807 publice,
707 3733 739 3788 et
770 3727 908 3806 legitime
940 3734 1155 3807 provocatum,
1185 3750 1241 3789 vos
1276 3735 1392 3799 tamen,
1431 3733 1521 3807 pater

284 3835 433 3913 predicte,
456 3835 678 3913 pretendentes
703 3840 735 3894 et
757 3840 934 3895 asserentes
963 3835 1147 3914 magistrum
1177 3836 1352 3896 Henricum
1381 3836 1419 3895 de
1448 3834 1520 3896 Olii·

287 3950 363 4001 tone
384 3941 424 4000 ad
453 3940 570 4000 dictam
602 3940 767 4001 ecclesiam
798 3940 836 4000 de
862 3940 930 4019 ipso
966 3941 1094 4000 domino
1122 3940 1299 4020 Radulpho,
1321 3941 1420 4019 ipsius
1448 3960 1522 3999 vero

286 4046 422 4106 Rectore
446 4050 478 4105 et
503 4046 654 4107 canonico
679 4064 867 4124 possessore,
889 4045 1015 4123 plenam
1037 4046 1076 4105 de
1097 4045 1180 4105 iacto
1203 4050 1235 4105 et
1260 4046 1298 4104 de
1318 4045 1387 4122 jure
1406 4043 1523 4122 pariter

285 4158 318 4214 et
341 4152 519 4212 consultam
541 4156 767 4231 presentatum,
789 4152 874 4211 dicta
897 4151 1132 4230 provocacione,
1154 4170 1215 4229 que
1235 4169 1292 4209 vos
1313 4148 1523 4210 verisimiliter

284 4279 349 4319 non
369 4258 497 4328 latebat,
519 4278 583 4317 non
614 4257 770 4328 obstante,
791 4262 864 4336 post
887 4261 918 4317 et
939 4261 1050 4317 contra
1070 4276 1140 4317 eam
1161 4256 1338 4334 predictum
1359 4255 1521 4315 dominum

286 4366 499 4445 Rcdulphum,
521 4366 686 4425 Rectorem
712 4369 744 4425 et
769 4364 953 4425 canonicum
976 4383 1188 4442 possessorem
1217 4362 1299 4421 dicte
1321 4362 1459 4429 ecclesie,
1482 4361 1521 4419 ad

285 4471 493 4551 personaliter
530 4472 774 4550 comparendum
814 4490 919 4530 coram
952 4470 1041 4532 vobis
1067 4470 1118 4529 vel
1153 4474 1259 4529 vestro
1297 4468 1521 4536 commissario

287 4578 429 4657 predicto
454 4578 605 4656 magistro
635 4577 775 4637 Henrioo
805 4576 969 4637 occasione
1000 4576 1181 4656 hujusmodi
1201 4574 1449 4655 presentaoionis
1476 4593 1521 4633 re·

287 4704 477 4763 sponsurum
518 4684 557 4742 ad
595 4684 765 4743 terminum
799 4682 893 4742 nimis
928 4682 1053 4742 brevem
1092 4687 1125 4741 et
1151 4680 1406 4760 peremptorium,
1438 4679 1525 4738 nulla

289 4808 385 4849 causa
417 4788 662 4849 abbreviacionis
691 4808 747 4848 sen
782 4786 956 4866 personalis
984 4786 1161 4846 vocacionis
1194 4786 1226 4844 in
1254 4785 1398 4845 citatorio
1420 4790 1524 4844 vestro

287 4896 321 4953 in
344 4894 403 4953 hac
424 4900 513 4972 parte
541 4912 696 4971 expressa,
729 4893 768 4953 ad
797 4893 900 4953 locum
934 4891 1089 4951 incertum
1117 4897 1149 4951 et
1183 4891 1459 4951 indeterminatum
1483 4891 1521 4949 ad

288 4999 477 5059 instanciam
500 4998 600 5077 ipsius
625 4999 766 5078 magistri
795 4997 926 5058 Henrici
954 4996 1077 5057 evocari
1110 4998 1322 5057 demandastis
1342 4998 1460 5076 pariter
1490 5003 1523 5057 et

288 5104 417 5175 lecistis,
451 5104 617 5184 ipsumque
644 5105 805 5164 dominum
834 5104 1037 5183 deulphum
1072 5102 1149 5163 alias
1177 5103 1259 5163 circa
1295 5104 1345 5181 jus
1383 5108 1415 5164 et
1449 5124 1519 5183 pos·
