3850 5917
386 643 424 703 16
759 641 939 721 Rapietrum
967 642 1030 703 ride
1056 642 1094 703 de
1123 642 1246 704 Orleton

215 875 275 916 M>-
288 876 344 915 ¹³¹⁷·
385 865 463 944 Aac.
499 864 671 1007 {Ie-Tm
692 865 811 945 Btsbop
851 866 995 946 appoiats
1034 866 1117 927 John
1153 866 1191 927 de
1228 866 1394 945 Bromfield
1432 874 1462 928 to
1501 867 1535 928 be
1570 867 1619 929 bic

532 966 615 1007 caeso
673 993 678 1005 .

466 1128 654 1190 Commissio
677 1127 762 1190 iacta
789 1128 930 1190 Johanni
954 1129 994 1190 de
1017 1129 1199 1191 Bromfelde
1223 1149 1279 1209 per
1302 1130 1495 1209 Episcopum
1520 1130 1619 1192 Here·

385 1232 565 1295 ferdensem
594 1254 689 1313 super
716 1234 819 1296 officio
848 1235 1028 1297 Senescalli.

466 1390 579 1463 Adam,
619 1396 690 1463 ete,
731 1391 845 1452 dilecto
882 1396 915 1452 et
955 1391 1040 1453 fideli
1077 1412 1135 1452 suo
1172 1392 1314 1454 iohanni
1351 1394 1390 1454 de
1427 1393 1618 1467 Bromielde,

384 1497 531 1569 salutem,
561 1503 621 1559 etc.
683 1498 732 1559 De
760 1512 868 1559 vestra
897 1497 1053 1559 industria
1080 1506 1112 1559 et
1146 1498 1300 1561 fidelitate
1333 1500 1411 1560 satis
1442 1498 1552 1560 confisi
1579 1499 1619 1559 ad

383 1604 504 1683 placita
538 1604 696 1665 curiarum
724 1610 905 1665 nostrarum
936 1605 1094 1666 audienda
1120 1613 1153 1666 et
1182 1606 1382 1667 terminanda
1409 1614 1441 1667 et
1469 1606 1532 1666 alia
1560 1624 1620 1685 que

385 1710 425 1769 ad
445 1710 596 1783 officium
630 1711 801 1773 senescalli
830 1712 991 1791 pertinent
1017 1732 1075 1773 ssu
1108 1714 1265 1792 pertinere
1292 1719 1439 1792 poterunt
1466 1712 1620 1786 iacienda,

383 1834 440 1877 vos
468 1816 682 1878 Senescallum
710 1824 853 1878 nostrum
878 1816 1021 1889 iacimus,
1044 1819 1237 1892 ordinamus,
1263 1825 1295 1879 et
1319 1820 1542 1881 constituimus
1565 1840 1621 1899 per

383 1929 558 2001 presentes,
600 1922 699 1983 donee
740 1942 795 1983 eas
835 1923 1018 1985 duxerimus
1055 1926 1257 1997 revocandas,
1297 1924 1386 1986 vobis
1422 1925 1622 1986 mandantes²

385 2026 536 2107 quatinus
561 2028 593 2087 in
620 2028 809 2089 execucione
830 2028 1013 2108 hujusmodi
1035 2031 1132 2091 vestri
1154 2030 1254 2090 officii.
1270 2030 1376 2090 taliter
1395 2048 1453 2091 vos
1472 2030 1621 2091 habeates

383 2132 467 2213 quod
499 2140 638 2195 vestram
671 2133 861 2194 iudustriam
892 2144 924 2195 et
958 2134 1159 2215 diligenciam
1189 2134 1361 2196 debeamus
1392 2135 1504 2195 merito
1535 2155 1619 2196 com-

384 2240 543 2303 mendare.
607 2240 646 2300 ln
687 2240 778 2320 cujus
816 2241 871 2313 rei,
913 2248 975 2303 etc.
1038 2241 1160 2302 Datum
1196 2242 1280 2321 apud
1315 2242 1446 2313 Thema,
1481 2242 1534 2319 xxj
1570 2240 1620 2302 die

384 2345 503 2407 mensis
532 2345 676 2425 Augusti,
708 2365 792 2407 anno
821 2347 951 2407 Domini
979 2348 1146 2409 millesimo
1174 2348 1352 2427 occursu,
1380 2355 1439 2409 etc.

387 2678 464 2756 Jcty
491 2675 647 2737 ea-th
674 2675 802 2755 saislep,
828 2682 862 2735 at
885 2675 1097 2754 Nottinpham,
1121 2676 1249 2737 receives
1270 2677 1357 2756 from
1384 2675 1432 2736 the
1458 2675 1543 2753 Kinp
1572 2673 1620 2735 the

512 2756 730 2838 temporalitt'es
755 2758 790 2831 of
815 2756 864 2817 the
891 2757 1065 2836 Bisheprt'c.

398 2934 401 2943 ⁴
472 2940 652 3001 L1sasac1o
684 2956 921 2999 raurosaurcu
951 2938 1174 2999 Errscorarus
1209 2938 1487 2998 Hasaroanuuffls
1520 2954 1621 2998 sacra

387 3062 514 3106 nourso
544 3044 627 3116 Aba,
656 3044 817 3105 Er1scoro
849 3061 923 3104 socr
954 3044 1398 3107 ascensu-Memorandum
1429 3043 1513 3123 quod
1543 3042 1619 3121 xxiij

387 3152 438 3213 die
474 3151 591 3212 mensis
626 3151 714 3223 Julii,
749 3170 833 3212 anno
863 3151 994 3211 Domini
1028 3151 1195 3213 millesimo
1230 3151 1321 3212 000ο
1353 3150 1619 3229 septimodecimo,

387 3246 575 3319 uenerabilis
601 3256 708 3328 Pater,
736 3256 883 3317 dominus
911 3256 1024 3329 Adam,
1054 3262 1126 3330 etc„
1155 3257 1330 3335 comperuit
1359 3275 1464 3316 coram
1493 3254 1621 3315 domino

387 3362 439 3436 E..
469 3362 533 3423 filio
561 3362 655 3441 Regis
687 3364 726 3423 E.
757 3362 889 3423 illustris
925 3363 1019 3441 Regis
1047 3363 1168 3443 Anglie,
1197 3364 1353 3424 existente
1380 3363 1414 3421 in
1441 3362 1554 3422 Castro
1581 3361 1620 3421 de

388 3468 595 3548 Notingbam‚
638 3470 771 3530 offerens
806 3469 908 3530 eidem
942 3470 1066 3530 litteras
1100 3470 1289 3548 apostolicas
1324 3487 1417 3548 super
1450 3469 1622 3529 collacione

390 3574 604 3653 Episcopatus
634 3574 876 3635 Herelordensis
903 3575 988 3635 lacta
1019 3575 1131 3636 eidem.
1187 3576 1231 3635 Et
1261 3575 1344 3637 idem
1376 3574 1522 3635 dominus
1552 3574 1620 3635 Rex

388 3680 512 3739 litteren
535 3680 620 3759 ipsas
637 3679 770 3757 benigne
789 3680 962 3764 admittens
981 3681 1015 3740 in
1034 3681 1172 3741 crastino
1192 3681 1293 3741 eidem
1314 3680 1442 3740 domino
1461 3679 1621 3759 Episcopo

388 3786 438 3845 sni
473 3784 685 3864 Episcopatus
720 3786 906 3864 temporalia
936 3786 969 3845 in
996 3786 1160 3865 presencie
1186 3786 1319 3847 duorum
1347 3785 1562 3846 cardinalium
1589 3790 1621 3844 et

387 3890 562 3950 multorum
606 3890 799 3969 prelatorum
841 3911 879 3953 ac
920 3892 1072 3952 nobilium
1113 3892 1214 3971 Regni
1258 3893 1368 3971 Anglie
1409 3890 1621 3952 favorabiliter

388 3994 542 4067 liberavit,
577 3996 753 4075 precipiens
786 3996 981 4058 Cancellario
1013 4016 1070 4058 suo
1097 4006 1133 4058 ut
1161 3998 1285 4059 litteras
1312 3998 1426 4077 Regias
1453 4002 1622 4057 consuetas

389 4122 484 4181 super
507 4102 695 4164 liberacione
714 4102 896 4181 hujusmodi
909 4103 1035 4165 custodi
1049 4105 1268 4183 temporalium
1290 4104 1501 4183 Episcopatus
1521 4102 1619 4161 Here-

387 4206 543 4269 fordensis
579 4216 720 4287 tempore
756 4208 933 4270 vacacionis
967 4208 1066 4288 ipsius
1101 4217 1133 4269 et
1168 4210 1263 4270 etiam
1298 4208 1449 4270 escaetori
1483 4216 1515 4269 et
1550 4207 1621 4267 aliis

386 4314 565 4394 dirigendas
605 4314 705 4375 eidem
744 4315 871 4376 domino
905 4314 1065 4395 Episcopo
1098 4314 1165 4375 fieri
1199 4315 1317 4376 iaceret
1351 4314 1384 4374 in
1422 4314 1481 4374 hae
1519 4320 1619 4392 parte.

388 4421 457 4496 Qus
488 4420 613 4500 quidem
643 4422 746 4483 littere
774 4421 874 4483 eidem
904 4420 1032 4481 domino
1063 4422 1220 4501 Episcopo
1248 4419 1379 4481 liberate
1406 4420 1533 4480 fuerunt
1559 4437 1623 4480 xxv

348 4562 353 4571 ·
385 4525 437 4588 die
466 4526 584 4587 mensis
611 4527 688 4588 Julii
717 4526 899 4606 supradicti.
957 4528 1002 4587 Et
1029 4528 1112 4587 idem
1139 4527 1285 4588 domiuus
1309 4527 1486 4606 Episcopus
1510 4524 1620 4585 statim

385 4632 461 4693 fecit
495 4631 562 4691 fieri
597 4631 850 4692 commissionem
883 4651 973 4693 auam
1005 4633 1157 4712 magistro
1187 4633 1307 4693 Thema
1338 4632 1377 4692 de
1409 4631 1559 4694 Orletone
1589 4634 1622 4689 et

386 4738 538 4815 magistro
570 4736 710 4797 Johanni
738 4736 777 4796 de
816 4728 1018 4817 'Clippestoue
1053 4758 1089 4799 ac
1123 4738 1263 4799 Johanni
1297 4738 1336 4798 de
1370 4736 1532 4797 Bromisld
1565 4754 1624 4815 pro

386 4840 657 4921 recognicionibus
686 4849 719 4902 et
746 4840 953 4904 fidelitatibus
981 4863 1110 4904 suorum
1138 4846 1318 4904 tenescium
1348 4842 1548 4923 accipiendis.

903 4978 992 5020 l-MS·
1005 4976 1118 5020 umes.
