3850 5917
681 654 833 735 Episcopi
859 653 1104 733 Horcfordcasis.
1451 652 1511 713 297

85 889 146 928 Η)-
166 888 231 926 ¹³25·
273 887 334 943 ete.
376 880 458 956 Quia
477 901 534 960 per
555 879 784 941 confessionem
807 877 942 957 religiosi
962 877 1029 947 viri,
1051 876 1156 937 fratris
1178 875 1303 936 Ricardi
1324 876 1363 937 de
1383 876 1511 955 Panely,
1573 902 1575 909 ·

274 985 468 1067 preceptoris
498 984 677 1065 Hospitalis
713 984 752 1045 de
780 984 971 1053 Dunemore,
1001 982 1091 1043 nobis
1121 987 1246 1043 constat
1273 982 1357 1062 quod
1386 980 1514 1042 domina

276 1093 391 1171 Burga,
423 1091 532 1153 relicta
563 1088 682 1152 domini
714 1088 840 1150 Ricardi
868 1088 908 1149 de
936 1087 1084 1167 Harleye,
1113 1087 1232 1158 militis,
1258 1087 1407 1156 defuncti,
1428 1087 1515 1148 dicto

274 1196 449 1277 preceptori
478 1196 517 1257 de
541 1194 688 1256 omnibus
714 1193 805 1254 bonis
827 1213 903 1273 que·
917 1193 1074 1273 quondam
1104 1192 1232 1254 luerunt
1256 1192 1374 1253 ordinis
1399 1191 1514 1253 milicie

274 1302 396 1382 Templi
430 1321 487 1381 per
521 1301 623 1380 ipsam
651 1299 813 1378 occupatis
848 1304 880 1360 et
917 1298 1059 1369 retentis,
1094 1297 1242 1377 plenarie,
1267 1301 1361 1376 prout
1396 1296 1513 1367 debuit,

275 1407 438 1478 satisfecit,
460 1405 549 1468 vobis
572 1404 801 1466 committimus
817 1410 849 1465 et
871 1404 1059 1465 mandamus
1080 1404 1350 1487 quatinusipsam
1374 1403 1521 1481 Burgam·

275 1534 295 1573 a
315 1512 553 1593 quibuscunque
580 1510 751 1572 sentenciis
780 1508 1118 1571 excommunicacionis
1153 1512 1185 1569 et
1217 1507 1374 1569 interdicti
1403 1513 1514 1567 contra

275 1623 479 1697 occupatores
501 1622 534 1677 et
556 1615 682 1675 illicitos
707 1616 889 1676 detentores
911 1613 1064 1674 bonorum
1094 1613 1276 1693 hujusmodi
1296 1612 1520 1692 promulgatis·

275 1724 309 1782 in
336 1723 438 1784 lorma
461 1722 540 1801 juris
568 1720 747 1781 absolvatis
791 1721 941 1780 Datum.
973 1766 978 1777 .
1010 1766 1015 1777 .
1048 1722 1065 1777 ‚¹

279 2002 356 2080 Moy
378 2005 428 2060 26
429 1999 615 2059 -Wallacm
634 2000 671 2060 de
691 1998 765 2077 Irbq
788 1998 843 2058 baa
864 1998 1012 2089 cppealod
1034 2006 1063 2059 ιο
1085 1998 1134 2059 the
1157 1999 1252 2059 Οοιιιι
1240 1999 1307 2077 tos
1326 1998 1406 2059 Cant
1395 1998 1518 2076 tcbary

403 2081 528 2159 accinet
516 2080 602 2140 ιιιιο
626 2080 920 2141 excommunicationi
982 2080 1135 2140 onoccnccd
1160 2080 1284 2157 oqainst
1273 2078 1414 2158 thiras
1392 2080 1446 2158 jor
1469 2079 1517 2139 llic

404 2170 529 2240 satrapa
555 2168 590 2221 οι
578 2161 713 2221 tRoas.
778 2160 840 2220 ihc
873 2100 993 2239 Boii
1020 2159 1242 2251 ocleowledqea
1272 2160 1320 2221 the
1347 2160 1459 2239 reccipl
1486 2160 1523 2251 os

405 2243 455 2303 tha
474 2242 668 2322 mondatcof
686 2241 735 2301 the
758 2241 861 2311 Ooart,
883 2240 1076 2320 samnaoaicp
1099 2240 1163 2301 him
1185 2248 1213 2301 ιο
1235 2261 1349 2321 appear
1364 2240 1460 2320 before
1481 2241 1516 2300 ιι.

362 2420 664 2481 Cnsrrsrcaromun
689 2437 924 2497 sueessmorus
939 2419 989 2479 W.
1008 2438 1051 2479 οιι
1071 2419 1162 2493 Iasv,
1178 2439 1359 2483 oonrrrvnrvs
1381 2442 1518 2483 niuosis

282 2518 770 2587 successionem-Reverendo
794 2530 827 2585 et
851 2526 986 2586 discreto
1010 2527 1086 2597 viro,
1112 2528 1239 2588 domino
1264 2528 1397 2588 Officiali
1425 2528 1519 2591 Ourie

279 2630 525 2700 cantuariensis,
545 2630 653 2710 ejusve
675 2629 901 2701 commissario,
923 2632 1099 2712 cuicunque
1118 2633 1201 2694 dicte
1222 2633 1315 2695 Ourie
1336 2634 1517 2714 presidenti,

278 2738 390 2809 Adam,
411 2744 481 2809 ete,
507 2738 683 2799 revenciam
714 2737 852 2798 debitam
877 2758 948 2798 cum
981 2740 1109 2801 honore.
1167 2740 1355 2801 Mandatum
1377 2747 1518 2802 vestrum

278 2844 342 2903 ιιιιιο
376 2844 426 2904 die
460 2844 579 2904 mensis
615 2843 693 2902 Maii
730 2844 906 2922 recepimus
940 2845 974 2903 in
1016 2846 1074 2906 hec
1109 2846 1204 2907 verba
1219 2847 1446 2908 :—Venerabili
1484 2848 1518 2907 in

280 2948 407 3011 Christo
427 2947 519 3027 patri,
541 2948 668 3009 domino
691 2948 766 3019 Ade,
789 2954 858 3019 etc,
889 2949 1040 3011 Officialis
1061 2951 1154 3012 Curis
1175 2951 1412 3014 Oantuariensis
1435 2953 1515 3013 salu·

280 3061 345 3116 tem
362 3074 435 3114 cum
455 3054 633 3115 reverencia
654 3054 825 3115 ethonore
848 3054 962 3115 debitis
984 3062 1074 3116 tanto
1094 3058 1185 3136 patri.
1228 3058 1277 3116 Ex
1298 3063 1387 3137 parte
1412 3058 1518 3119 fratris

280 3159 431 3221 Willelmi
455 3159 493 3221 de
511 3159 596 3238 Irby,
618 3160 736 3220 Prioris
758 3160 889 3221 ecclesie
909 3162 1091 3223 Conventus
1114 3162 1215 3223 sancti
1237 3164 1395 3234 Guthlaci,
1418 3164 1515 3226 Here-

279 3267 387 3338 iordie‚
423 3266 513 3327 nobis
542 3266 646 3327 extitit
680 3266 863 3327 intimatum
895 3268 985 3347 ¹quod
1023 3288 1095 3328 cum
1134 3289 1235 3349 nuper
1272 3290 1328 3349 per
1363 3270 1517 3332 Abbatem

281 3371 468 3432 Monasterii
491 3370 591 3431 Vallis
616 3360 733 3441 Crucis,
763 3372 949 3433 Assavensis
970 3374 1112 3445 diocesis,
1137 3376 1324 3436 auctoritate
1347 3376 1520 3457 apostolica

282 3484 316 3539 et
339 3478 507 3539 sufficienti
536 3478 596 3537 sibi
624 3479 656 3536 ιο
687 3478 746 3539 hac
767 3484 857 3558 parte
880 3499 1031 3541 concessa
1055 3480 1247 3565 fungentem,
1276 3482 1387 3543 inisset
1416 3484 1518 3543 eidem

282 3582 371 3643 fratri
392 3581 550 3642 Willelmo
576 3580 708 3641 firmiter
729 3583 906 3662 injunctum
930 3589 962 3644 et
979 3604 1041 3663 ¹per
1059 3604 1132 3645 suas
1154 3585 1275 3648 litteras
1294 3587 1524 3649 demandatum.

280 3694 317 3749 ut
337 3688 421 3749 idem
439 3687 535 3747 irater
557 3684 736 3747 Willelmus
758 3687 914 3768 quandam
938 3690 1133 3750 sentenciam
1156 3690 1284 3770 majoris
1305 3693 1516 3752 excommuni-

280 3780 419 3856 cacionis
456 3794 489 3853 in
520 3813 577 3854 vos
608 3813 664 3872 per
692 3781 826 3853 eundem
861 3793 1017 3856 Abbatem
1054 3797 1240 3857 auctoritate
1276 3798 1447 3876 apostolica
1478 3798 1517 3857 ad

284 3900 472 3961 instanciam
497 3898 661 3976 cujusdam
685 3898 826 3977 magistri
851 3899 1008 3961 Johannis
1032 3901 1070 3961 de
1093 3902 1259 3982 Brunsope
1280 3902 1398 3983 dudum
1421 3903 1518 3963 letam

283 4007 315 4065 in
336 4006 431 4066 certls
452 4002 592 4065 ecclesiis
613 4009 717 4064 vestre
738 4003 871 4065 diocesis
892 4005 1075 4084 publicaret,
1098 4026 1134 4066 ac
1157 4027 1212 4067 vos
1238 4006 1283 4067 sic
1307 4008 1516 4067 excommuni-

281 4118 388 4173 catum
409 4110 507 4171 fuisse
535 4115 567 4169 et·
592 4129 661 4169 esse
689 4108 814 4188 publice
839 4111 1013 4181 nunciaret,
992 4111 1123 4171 tidem
1148 4112 1209 4173 frat
1197 4118 1244 4173 ter
1259 4113 1444 4183 Willelrnus,
1467 4114 1518 4173 cui

282 4217 473 4279 sufficienter
510 4214 628 4276 constit
629 4215 734 4275 itde
770 4216 957 4277 auctoritate
993 4218 1155 4297 premissa,
1193 4218 1225 4278 in
1262 4225 1331 4280 vest
1333 4239 1366 4278 ra
1401 4219 1517 4280 diocesi

282 4330 359 4385 tunc
387 4322 537 4394 existens,
566 4321 642 4381 dieti
672 4320 803 4382 Abbatis
837 4323 1023 4383 mandato
1016 4344 1048 4383 ιιι
1081 4324 1140 4384 hac
1171 4330 1260 4404 parte
1289 4324 1385 4385 immo
1413 4326 1518 4385 verius

283 4435 374 4509 apost
361 4427 456 4491 tolico
474 4426 534 4488 sibi
548 4426 695 4488 directot
648 4431 832 4507 anotquam
847 4427 931 4488 filius
951 4428 1131 4489 obediencie
1145 4429 1263 4499 volens,
1277 4435 1405 4509 proutt
1358 4431 1515 4490 e-tneba

282 4541 344 4606 tur,
363 4532 490 4593 humilit
477 4538 525 4593 ter
543 4532 677 4602 obedire,
698 4533 737 4592 ad
756 4532 918 4593 ecclesiam
939 4534 978 4595 de
998 4534 1071 4603 Ros,
1092 4539 1161 4595 vest
1162 4554 1195 4595 re
1148 4535 1390 4605 tdiocesist
1377 4540 1519 4629 tempore

284 4659 422 4720 congruo
440 4638 581 4709 accessit,
597 4643 634 4698 ιιι
654 4638 837 4717 hujusmodi
857 4639 986 4699 mandat
974 4644 1041 4699 tum
1061 4620 1175 4700 ibidem
1197 4646 1410 4720 exequeretur,
1425 4646 1519 4720 prout

283 4745 380 4807 sibi
372 4743 550 4825 injunctum
582 4743 724 4817 luerite
726 4744 900 4805 ttmanda
887 4749 965 4815 tu,m
998 4749 1046 4805 set
1077 4764 1133 4805 vos
1157 4750 1230 4824 post
1260 4746 1517 4824 provocacionem

283 4870 340 4931 per
366 4854 490 4929 partem
517 4848 594 4933 dicti
621 4848 747 4920 Prioris,
776 4850 947 4911 metuentis
975 4850 1033 4910 sibi
1059 4870 1096 4911 ex
1123 4851 1226 4911 causis
1251 4851 1462 4931 probabilibus
1486 4858 1520 4914 et

284 4954 506 5021 verisimilibus
525 4954 713 5034 conjecturis
730 4960 763 5016 et
784 4955 843 5016 sibi
857 4955 1080 5017 adherentibus
1094 4976 1187 5036 grave
1205 4977 1298 5036 posse
1311 4958 1519 5037 prejudicium

519 5081 524 5089 ’
626 5127 630 5133 .
727 5078 895 5139 1.-Τιιηιιιιν
908 5091 929 5133 ιι
942 5090 1084 5134 unflnisbed.
