3850 5917
672 709 823 790 Episcopi
850 710 1093 791 Horofordoruis.
1460 713 1500 774 69

114 939 220 980 Ml&
259 933 447 996 Reverendo
460 933 543 1013 patri
565 934 598 994 in
613 933 749 1006 Christo,
771 935 926 996 domino.
955 983 962 996 .
991 982 997 994 .
1020 936 1081 997 Dei
1099 935 1204 1015 gracia
1222 936 1406 998 Menevensi
1425 936 1499 1015 Epi-

258 1061 354 1122 soopo
378 1039 544 1121 Rigaudus
571 1041 611 1102 de
639 1040 773 1114 Asserio,
804 1041 975 1102 canonicus
1000 1041 1243 1113 Aurelianensis,
1265 1041 1386 1102 domini
1413 1042 1501 1121 Papa

258 1147 451 1226 capellanus,
471 1151 504 1207 et
523 1145 665 1225 ejusdem
684 1167 721 1208 ac
740 1146 824 1208 sedis
845 1145 1024 1226 Apostolioe
1043 1147 1077 1206 in
1101 1146 1223 1227 Anglia,
1237 1146 1362 1219 Wallia,
1384 1146 1501 1216 Sectis,

259 1257 291 1314 et
315 1251 475 1312 Hibernia
488 1250 631 1321 nuncius,
661 1271 697 1311 ac
718 1251 866 1312 collector
885 1250 1046 1312 fructuum
1066 1251 1160 1331 primi
1181 1251 1256 1312 anni
1278 1251 1502 1312 beneficiorum

261 1364 482 1437 exemptorum
513 1357 545 1416 in
585 1356 697 1436 Anglia
724 1358 908 1418 vacanoium
933 1377 990 1436 per
1013 1358 1177 1418 dominnm
1205 1362 1350 1418 nestrum
1381 1358 1503 1437 Papam

260 1465 299 1524 ad
336 1463 512 1524 terminum
546 1467 776 1523 reservatorum
818 1463 996 1542 specialiter
1030 1463 1217 1535 destinatus,
1256 1463 1391 1524 salutem
1427 1484 1501 1524 cum

260 1567 441 1632 reverencia
462 1566 567 1629 debita
587 1572 678 1628 tanto
698 1568 790 1647 petri.
832 1568 984 1630 Volentes
1007 1568 1166 1630 laboribus
1184 1568 1279 1629 variis
1303 1574 1336 1630 ct
1354 1569 1502 1649 expensis

258 1674 459 1736 subditorum
493 1679 668 1734 vestrorum
703 1673 756 1752 qui
791 1672 882 1734 nobis
910 1672 1040 1754 domini}
1062 1673 1164 1734 nostri
1197 1673 1284 1752 Pape
1325 1673 1497 1751 [ministro]

258 1784 409 1841 tenentur
444 1797 501 1839 seu
535 1777 727 1838 tenebuntur
758 1778 884 1840 racione
921 1769 1083 1839 fructuum
1117 1778 1340 1840 beneficiorum
1368 1799 1499 1840 suorum

259 1885 361 1946 eidem
383 1883 513 1945 domino
535 1888 643 1946 nostro
668 1884 754 1963 Papo
775 1883 951 1945 debitorum
972 1904 1109 1964 parcere,
1132 1889 1165 1945 et
1187 1885 1324 1955 eosdem,
1346 1885 1381 1944 in
1401 1903 1500 1964 quan-

260 1997 328 2052 tum
350 1991 521 2071 possimus,
539 1989 572 2047 in
591 1989 731 2068 ipsorum
750 1989 910 2050 fructuum
929 1990 1090 2051 solucione
1108 1990 1255 2061 relevare,
1270 1990 1501 2063 Paternitatem

261 2103 400 2158 vestram
435 2095 624 2176 requirimus
669 2101 701 2156 et
738 2115 893 2175 rogamus,
923 2096 1014 2157 vobis
1041 2095 1266 2156 nichilominus
1311 2094 1344 2155 in
1380 2096 1499 2158 virtute

259 2202 442 2266 obediencie
465 2221 527 2282 qua
551 2201 617 2264 sedi
639 2201 818 2281 Apostolioe
840 2201 1001 2273 tenemini,
1023 2221 1096 2262 cum
1116 2201 1296 2263 reverencia
1316 2221 1379 2282 qua
1399 2203 1500 2275 decet,

260 2309 393 2370 firmiter
413 2307 625 2386 injungentes,
643 2307 792 2386 quatinus
815 2326 925 2368 omnes
948 2312 981 2369 et
1002 2307 1142 2386 singulos
1164 2307 1321 2368 dictorum
1339 2307 1502 2370 fructuum

258 2414 419 2476 debitores
440 2418 507 2473 tam
534 2413 710 2492 preteritos,
739 2419 912 2492 presentes,
937 2434 1033 2493 qnam
1061 2414 1194 2486 tuturos,
1223 2419 1326 2476 vestre
1356 2414 1500 2486 diocesis,

259 2541 315 2602 pro
340 2526 485 2599 tempore
507 2519 671 2590 moneatis,
695 2539 751 2580 seu
773 2519 894 2580 moneri
913 2519 1045 2592 faciatis,
1069 2519 1258 2581 anctoritate
1278 2525 1388 2582 nostra
1404 2541 1501 2601 quam

259 2623 447 2706 paternitati
478 2629 581 2684 vestre
609 2623 650 2696 in
671 2625 729 2684 hac
761 2629 851 2703 parte
879 2624 1109 2686 committimus
1139 2644 1197 2704 per
1227 2631 1400 2704 presentes,
1437 2626 1497 2687 snb

260 2752 342 2812 pena
373 2729 713 2791 excommunicacionis
742 2750 838 2810 quam
873 2731 906 2790 in
933 2732 1020 2810 ipsos
1049 2735 1082 2792 et
1119 2731 1154 2790 in
1191 2751 1300 2792 eornm
1328 2731 1501 2811 quemlibet

260 2837 439 2898 monicione
463 2835 617 2915 premissa
640 2834 748 2896 feratis
768 2835 801 2895 in
823 2835 886 2896 hiis
907 2836 1035 2916 scriptis
1054 2836 1118 2897 nisi
1137 2835 1270 2897 iecerint
1298 2837 1382 2916 quod
1409 2858 1499 2898 man-

259 2944 361 3014 datur,
392 2941 477 3022 quod
509 2960 620 3001 omnes
647 2940 852 3019 pecuniarum
880 2961 1021 3002 summas
1056 2942 1090 3001 in
1124 2943 1239 3021 quibus
1267 2948 1416 3004 tenentur
1440 2965 1499 3004 seu

260 3049 455 3110 tenebuntur
485 3046 610 3106 racione
638 3045 860 3106 beneficiorum
882 3065 1011 3106 suorum
1032 3066 1089 3107 seu
1110 3047 1303 3119 vacancium,
1328 3049 1501 3108 reverendo

260 3155 341 3236 patri
363 3155 397 3214 in
419 3153 557 3224 cbristo,
580 3152 708 3212 domino
729 3152 889 3233 Episcopo
917 3153 1143 3215 Hereiordensi
1171 3155 1254 3234 apud
1278 3155 1499 3216 Herelordiam

260 3263 308 3324 vel
344 3281 405 3323 suo
432 3265 519 3320 carto
546 3259 742 3319 mandatario
767 3259 910 3320 terminis
937 3259 972 3319 in
1000 3260 1066 3320 suis
1089 3259 1282 3339 obligatoriis
1309 3261 1500 3339 expressatis

261 3368 428 3430 absolvant
455 3371 488 3426 et
527 3364 567 3425 ab
594 3364 704 3426 eodem
742 3365 992 3445 acquietanciam
1021 3367 1060 3426 de
1085 3365 1189 3427 soluto
1213 3365 1376 3445 recipiant,
1404 3372 1500 3446 prout

261 3475 359 3535 decet.
392 3471 540 3551 Alioquin
555 3489 665 3531 omnes
686 3475 719 3531 et
736 3470 875 3550 singulos
889 3491 946 3550 per
965 3491 1033 3543 nos,
1047 3470 1145 3531 alium
1166 3491 1223 3532 seu
1241 3471 1329 3544 alios,
1349 3472 1501 3533 canonice

262 3579 401 3640 monitos
422 3576 653 3637 monicionibue
674 3576 855 3654 hujusmodi
878 3597 941 3637 uon
965 3583 1113 3656 parentes
1134 3597 1214 3657 quos
1236 3597 1295 3638 noe
1318 3598 1441 3639 exnunc
1465 3578 1500 3637 in

261 3685 322 3745 hiis
343 3682 472 3761 scriptis
492 3680 801 3743 excommunicamus
822 3682 1110 3744 excommunicatos
1124 3682 1158 3741 in
1178 3681 1311 3744 ecclesia
1330 3681 1502 3744 Assevensi

261 3796 293 3852 et
313 3790 386 3852 aliis
407 3788 447 3849 de
467 3787 582 3868 quibus
602 3786 742 3848 videritis
762 3786 941 3848 iaciendum
961 3788 1087 3867 publice
1105 3793 1138 3849 et
1158 3788 1364 3868 solempniter
1380 3790 1499 3851 denun-

261 3897 352 3959 cietis
380 3914 438 3956 seu
459 3893 642 3954 denunciari
670 3893 802 3965 iacietis,
824 3894 924 3955 donec
944 3895 1036 3956 nobie
1057 3895 1097 3955 de
1116 3893 1259 3974 ipsorum
1279 3894 1498 3957 satisfaccione

262 3999 442 4063 constiterit
478 4003 511 4058 et
544 3997 754 4058 absolucionis
790 3997 978 4058 beneficium
1008 3997 1042 4057 in
1074 3997 1176 4058 forma
1209 3997 1289 4077 juris
1327 3999 1500 4060 meruerint

262 4108 415 4187 optinere.
472 4104 537 4165 Vos
561 4123 635 4164 vero
663 4103 763 4165 dictas
791 4103 997 4183 pecuniarum
1026 4124 1167 4165 summas
1196 4123 1275 4184 quas
1309 4105 1501 4184 receperitis,

263 4213 385 4294 prelato
407 4211 536 4272 domino
563 4210 731 4290 Episcopo,
754 4212 837 4290 apud
862 4209 1083 4272 Hereiordiam
1114 4209 1163 4271 vel
1195 4230 1252 4272 suo
1273 4210 1390 4271 ibidem
1414 4219 1502 4273 certe

264 4317 462 4379 mandatario
482 4316 611 4376 nomine
641 4321 750 4378 nostro
774 4336 846 4376 cum
869 4321 940 4377 tuto
960 4316 1120 4377 conductu
1139 4315 1270 4377 solvatis
1298 4321 1330 4377 et
1352 4317 1502 4389 liberetis,

264 4427 470 4504 precaventes
490 4423 518 4483 si
538 4441 602 4501 qua
622 4423 687 4482 sint
707 4422 740 4481 in
761 4428 866 4483 vestra
886 4422 1004 4483 diocesi
1031 4421 1191 4493 beneficia,
1223 4441 1356 4500 quorum
1380 4422 1503 4484 fructus

264 4529 393 4590 domino
424 4533 535 4589 nostro
569 4527 655 4607 Pape
682 4527 864 4599 debeantur,
895 4547 953 4606 pro
980 4525 1096 4606 quibus
1122 4526 1265 4586 nondum
1289 4528 1500 4606 compositum

263 4635 406 4696 extiterit
426 4653 484 4712 pro
504 4633 574 4712 jure
594 4633 714 4694 domini
738 4633 838 4693 nostri
867 4633 961 4711 Papo,
984 4631 1068 4711 quod
1091 4636 1229 4692 rectores
1249 4632 1430 4704 eorundem,
1446 4653 1504 4693 seu

264 4731 334 4793 illos
364 4731 420 4811 qui
449 4730 571 4790 fructus
600 4729 776 4801 habuerint,
806 4749 863 4790 seu
898 4729 1026 4799 habent,
1055 4729 1205 4790 canonice
1234 4728 1431 4808 compellatis
1461 4730 1500 4790 ad

265 4827 520 4908 componendum
556 4831 588 4886 et
616 4825 873 4887 satisfaciendum
910 4845 968 4887 suo
996 4830 1137 4904 tempore
1166 4827 1339 4887 secundum
1368 4825 1503 4886 formam

265 4925 443 4986 litterarum
464 4922 584 4983 domini
606 4923 706 4984 nostri
722 4923 817 5002 Pape.
860 4921 946 4983 Alias
960 4927 1066 4983 autem
1079 4921 1106 4982 si
1127 4921 1159 4981 in
1174 4922 1336 5001 premissis
1355 4922 1503 4984 omnibus

265 5023 316 5084 vel
342 5023 376 5082 in
397 5021 505 5100 aliquo
525 5019 695 5082 eorundem
715 5020 909 5100 negligentes
940 5019 1072 5090 fueritis,
1103 5019 1154 5080 vel
1184 5018 1324 5090 rebelles,
1352 5019 1402 5081 vel
1422 5020 1501 5082 alias

266 5141 329 5182 non
352 5117 562 5198 impleveritis
590 5117 673 5198 quod
702 5117 899 5190 mandamus,
920 5116 1010 5178 vobis
1039 5116 1216 5196 ingressum
1244 5115 1375 5177 ecclesie
1403 5116 1500 5178 inter·
