3850 5917
391 693 430 753 re
764 689 943 769 saecum
969 689 1035 751 re
1061 689 1099 750 a
1128 689 1252 749 eece

219 920 277 962 Α-ῡ·
293 921 348 964 ¹³¹⁷·
389 914 580 976 remittimus
601 936 657 995 per
680 914 878 995 presencium
899 914 1095 993 portitorem,
1116 912 1312 974 intuentibus
1325 914 1442 993 poterit
1462 932 1624 992 apparere,

390 1020 451 1082 nisi
493 1022 601 1082 eedem
636 1020 819 1101 procuracio
854 1040 911 1081 suo
940 1025 1081 1100 tempore
1114 1019 1331 1098 persolvatur;
1365 1019 1450 1080 unde
1484 1024 1623 1079 vestram

389 1127 614 1206 paternitatem
635 1128 837 1189 reverendam
867 1126 1029 1187 humiliter
1049 1124 1195 1186 duximus
1223 1124 1411 1185 exorandam
1433 1124 1584 1204 quatinus
1605 1144 1626 1185 a

390 1232 578 1294 colleccione
598 1232 824 1312 arreragiorum
849 1232 1040 1299 decimarum
1062 1235 1094 1292 et
1115 1230 1374 1310 procuracionum
1399 1230 1541 1310 predicta
1565 1250 1624 1292 nos

390 1358 558 1399 exonerare
586 1337 689 1399 velitis
717 1343 750 1398 et
773 1337 899 1398 easdem
924 1336 1048 1397 officiali
1072 1340 1178 1398 vestro
1201 1335 1251 1396 vel
1276 1335 1328 1395 alii
1353 1335 1458 1396 locum
1482 1341 1623 1396 restrum

391 1448 446 1504 aut
467 1462 559 1503 suum
580 1442 701 1503 tenenti
726 1441 922 1503 committere
947 1441 1146 1520 colligendas,
1167 1440 1369 1502 attendentes
1389 1442 1474 1521 quod
1494 1442 1535 1501 ad
1554 1460 1625 1521 pre-

390 1548 474 1609 dicta
498 1568 594 1609 onera
621 1547 836 1627 supportanda
863 1566 928 1607 non
955 1546 1128 1607 sufficimus
1156 1548 1385 1627 quoquomodo.
1442 1547 1625 1610 Altissimus

388 1674 446 1715 ros
467 1659 631 1715 conservet
651 1654 691 1713 ad
711 1653 850 1732 regimen
872 1652 1002 1714 ecclesie
1022 1672 1079 1714 sue
1099 1658 1217 1714 sancte.
1274 1653 1393 1713 Datum
1418 1654 1451 1713 in
1477 1654 1626 1734 capitulo

390 1764 498 1821 nostro
520 1758 754 1829 Herefordensi,
783 1758 836 1837 viij
867 1757 936 1818 Kal.
960 1758 1163 1837 Septembris.

389 1989 467 2068 App.
488 1988 644 2050 22-le
665 1987 808 2067 Bisbop's
832 2006 950 2049 aaswcr
975 1994 1004 2048 to
1028 1988 1077 2048 the
1101 1988 1193 2048 above
1217 1987 1311 2048 letter.
1364 1988 1414 2049 He
1433 1987 1539 2067 points
1564 1995 1619 2049 cat

513 2070 581 2130 that
608 2069 643 2129 ia
671 2069 719 2131 tlte
745 2076 856 2130 rtettcr
886 2069 921 2148 os
952 2067 1001 2129 the
1033 2069 1117 2129 tenth
1148 2068 1184 2129 bc
1216 2068 1271 2129 hae
1298 2068 1370 2145 only
1394 2068 1538 2147 sollcrwed
1570 2069 1621 2129 tlte

511 2150 647 2229 example
670 2150 705 2229 os
729 2149 778 2210 tis
799 2150 1011 2229 predecesscr;
1043 2150 1107 2211 ancl
1128 2149 1183 2228 jor
1210 2150 1259 2209 tlte
1283 2148 1508 2227 procuratione,
1537 2170 1573 2209 as
1597 2170 1620 2210 a

511 2230 607 2309 eewlp
636 2230 801 2310 appointed
828 2230 954 2310 Bishop,
981 2230 1016 2291 lie
1040 2237 1150 2291 cannot
1174 2229 1325 2307 suddenly
1346 2229 1418 2307 find
1442 2249 1463 2289 a
1485 2229 1620 2291 suiteblc

511 2312 657 2372 collector.
708 2311 757 2370 He
780 2311 847 2371 will
871 2311 997 2391 himself
1016 2310 1134 2388 shortly
1157 2330 1237 2371 corae
1269 2316 1298 2369 tc
1324 2308 1373 2370 llic
1396 2310 1530 2381 Dtcccsc,
1555 2310 1621 2371 aad

512 2398 639 2471 support
668 2391 748 2451 them
774 2390 809 2451 ia
835 2392 979 2470 carr-piac
1002 2399 1056 2452 cat
1083 2391 1133 2452 tlte
1158 2390 1250 2451 work.

472 2548 655 2608 Responsio
677 2565 719 2607 sn
741 2549 1039 2619 sennan—Adam,
1058 2554 1128 2620 eto,
1147 2550 1376 2611 venerabilibus
1395 2549 1470 2610 viris
1488 2548 1624 2631 filiisque

390 2656 423 2715 in
438 2654 565 2715 christo
578 2653 710 2725 dilectis,
726 2653 861 2715 dominis
872 2654 901 2714 J.
914 2655 1042 2716 Decano
1056 2659 1089 2715 et
1103 2654 1248 2734 capitulo
1263 2661 1370 2717 nostre
1381 2655 1624 2719 Hersfordsneis

391 2761 530 2831 ecclesie,
552 2760 696 2831 salutem,
718 2766 777 2821 etc.
821 2760 957 2822 Litteras
978 2766 1100 2822 vestras
1121 2761 1160 2822 de
1181 2762 1368 2823 colleccione
1396 2762 1622 2842 arreragiorum

391 2866 582 2927 deeimarum
618 2872 649 2928 et
682 2866 941 2947 procuracionum
983 2868 1183 2928 dominorum
1214 2867 1427 2929 cardinalium
1451 2869 1541 2930 robis
1564 2870 1622 2929 im·

390 2972 495 3051 posita
535 2972 681 3051 querulas
722 2973 806 3053 apud
837 2972 1036 3053 Asschsbury
1067 2973 1148 3053 xxvij
1193 2973 1245 3035 die
1278 2974 1397 3035 mensis
1426 2974 1560 3055 Augusti
1588 2976 1623 3037 in

391 3076 574 3157 crepusculo
598 3078 748 3138 noveritis
776 3078 939 3156 recepisse,
962 3078 1037 3139 licet
1064 3098 1123 3139 nos
1151 3078 1234 3139 circa
1264 3078 1484 3141 colleccionem
1512 3080 1622 3160 hujus-

391 3184 476 3244 modi
517 3184 742 3263 arreragiorum
777 3184 873 3244 nichil
914 3204 1032 3245 novum
1073 3184 1228 3265 egerimus
1262 3186 1346 3246 unde
1379 3186 1465 3265 justo
1505 3187 1623 3266 judicio

391 3290 539 3371 conqueri
576 3289 716 3351 debeatis
753 3289 846 3369 quod,
885 3290 967 3351 sicut
1001 3289 1074 3350 alibi
1112 3290 1266 3369 scriptum
1303 3294 1361 3362 est,
1399 3289 1517 3351 iactum
1552 3312 1622 3371 pre·

390 3396 562 3457 decessoris
597 3394 696 3456 nostri
723 3395 833 3474 pocius
870 3414 966 3474 quam
999 3400 1144 3455 nostrum
1178 3394 1330 3456 fuerimus
1360 3397 1528 3475 prosecuti,
1563 3416 1623 3459 nco

390 3500 508 3562 fuimus
535 3500 715 3580 hujusmodi
742 3500 939 3561 colleccionis
960 3500 1125 3579 impositor
1159 3500 1215 3561 sed
1235 3500 1342 3579 potius
1369 3500 1536 3562 innovator
1563 3522 1622 3563 seu

390 3606 487 3668 etiam
507 3611 654 3667 executor
674 3606 712 3665 ad
734 3625 789 3667 voe
811 3605 864 3686 qui
886 3604 1106 3666 colleccionem
1137 3604 1292 3665 dictarum
1321 3604 1513 3666 decimarum
1542 3612 1622 3668 tem·

390 3732 465 3792 pore
486 3712 567 3773 bone
587 3711 736 3772 memorie
757 3710 875 3771 domini
897 3710 945 3781 R,
962 3710 1191 3789 predecessoris
1211 3710 1321 3781 nostri,
1342 3710 1420 3771 elias
1434 3712 1621 3784 admisistis;

391 3817 532 3879 mandeti
562 3817 638 3896 regii
669 3816 758 3877 vobis
786 3821 818 3876 et
842 3814 932 3877 nobis
964 3816 1083 3876 scilicet
1104 3815 1214 3876 directi
1234 3815 1454 3877 execucionsm
1481 3816 1622 3878 debitam

390 3923 625 3984 committentes
646 3921 790 3982 misimus
811 3921 1034 4001 exequendam,
1059 3926 1091 3982 et
1113 3925 1234 3982 certum
1256 3920 1345 3981 vobis
1374 3940 1444 3983 esse
1464 3923 1622 3985 eredimus

391 4031 474 4110 quod
495 4028 720 4107 arreragiorum
752 4026 896 4087 colleccio
921 4026 961 4087 ab
993 4026 1046 4087 illa
1069 4046 1164 4107 quam
1184 4028 1272 4106 prius
1293 4027 1459 4106 accepistis
1479 4030 1623 4091 noscitur

391 4134 573 4214 dependere,
602 4154 673 4194 cum
703 4133 742 4193 sd
770 4132 902 4193 eandem
929 4132 1088 4193 raciocinii
1116 4132 1327 4193 reddicionem
1354 4132 1543 4213 reliquarum
1571 4136 1622 4197 vel

391 4239 615 4319 arreragiorum
645 4238 790 4299 colleccio
819 4237 868 4298 vel
898 4237 1035 4298 reddicio
1064 4237 1195 4315 dejure
1223 4239 1389 4318 pertineat,
1411 4240 1494 4300 sicut
1522 4241 1622 4301 scitis.

391 4347 552 4420 Quantum
579 4366 653 4406 vero
681 4346 719 4405 ad
749 4344 970 4406 colleccionem
997 4344 1257 4423 procuracionum
1288 4345 1485 4406 dominorum
1514 4346 1621 4409 Oardi-

391 4451 509 4511 nalium
524 4451 611 4512 vobis
631 4452 831 4513 commissam
852 4470 915 4511 non
930 4456 1039 4511 nostra
1052 4451 1108 4511 sed
1126 4451 1232 4530 potius
1247 4451 1432 4512 auctoritate
1449 4454 1622 4532 apostolica

390 4558 440 4619 usi
462 4577 570 4618 sumus
591 4577 648 4637 pro
669 4578 706 4618 eo
729 4557 812 4635 quod
833 4556 865 4614 in
898 4556 967 4617 aliis
997 4555 1174 4617 diocesibus
1204 4555 1363 4635 provincie
1384 4556 1622 4621 cantuariensis

391 4663 607 4726 collectoribus
632 4662 824 4723 decimarum
848 4662 1107 4741 procuracionum
1132 4661 1278 4722 colleccio
1301 4680 1358 4739 per
1381 4661 1520 4722 locorum
1545 4663 1622 4743 Epi·

390 4790 503 4850 scopos
533 4774 582 4830 est
613 4768 799 4839 commissa;
835 4768 983 4828 Decanus
1014 4768 1110 4828 etiam
1141 4772 1174 4829 et
1204 4766 1377 4845 capitulum
1408 4766 1623 4831 cicestrenses

391 4876 593 4937 collecciones
614 4874 796 4954 hujusmodi
825 4874 865 4933 ed
886 4873 1070 4933 mandatum
1099 4872 1250 4952 Episcopi
1270 4872 1427 4951 recipiunt
1449 4873 1621 4948 humiliter,

390 4982 473 5043 sicut
493 4981 591 5041 decet.
634 4979 723 5040 licet
741 4984 847 5040 autem
868 4998 924 5058 per
942 4978 1106 5039 officialem
1127 4976 1277 5056 Episcopi
1298 4976 1430 5039 diocesis
1450 4977 1621 5040 Herslord-

389 5088 474 5149 ensis
494 5086 527 5149 in
551 5092 653 5157 turno,
675 5090 712 5146 ut
732 5084 827 5147 verbo
849 5090 954 5146 vestro
979 5090 1114 5156 numus,
1139 5103 1197 5144 seu
1220 5084 1357 5144 transitu
1376 5084 1452 5145 dicti
1474 5084 1617 5149 officialis
