3850 5917
410 705 452 770 ro
785 704 965 784 auem
990 704 1057 766 ra
1082 705 1120 766 a
1149 703 1273 766 oram

243 939 303 980 Μ)-
319 939 372 978 ¹³¹⁸·
417 933 552 995 dicimus
564 951 572 1003 ;
603 931 687 1012 quod
712 931 739 993 si
767 951 825 1012 per
855 949 910 992 sex
938 931 1006 992 dies
1036 931 1260 1002 sustinueritis,
1289 951 1347 993 vos
1375 931 1598 1011 suspendimus
1631 951 1652 993 a

419 1037 544 1108 divinis,
566 1039 679 1100 merito
699 1038 841 1118 graviora
864 1037 1080 1109 formidantes,
1112 1057 1176 1100 non
1196 1038 1397 1099 intendentes
1421 1057 1459 1099 ex
1483 1038 1544 1099 hoc
1567 1057 1651 1100 com·

417 1143 602 1205 missionem
627 1143 705 1205 alias
728 1142 818 1206 vobis
844 1143 961 1204 iactam
982 1163 1137 1217 revocare,
1162 1150 1212 1206 set
1231 1149 1269 1205 ut
1288 1145 1421 1206 eandem
1442 1164 1514 1205 cum
1538 1143 1651 1222 maiori

417 1249 583 1328 diligencia
622 1247 750 1311 effectui
791 1249 897 1311 debito
939 1251 1127 1331 mancipetis
1161 1255 1193 1313 et
1234 1251 1317 1312 circa
1357 1251 1475 1312 multos
1521 1251 1652 1332 possitis

417 1353 569 1416 excusari.
625 1353 793 1416 Presentes
812 1353 934 1416 litterae
955 1354 1045 1416 vobis
1077 1354 1223 1416 duximus
1245 1355 1431 1434 dirigendas,
1457 1375 1529 1416 cnm
1551 1355 1652 1417 eciam

416 1460 457 1520 ad
477 1459 539 1521 hoc
559 1460 732 1522 necessitas
752 1459 853 1521 nostri
867 1459 960 1521 officii
982 1479 1041 1521 nos
1061 1459 1238 1540 compellat.
1280 1461 1397 1521 Datum
1421 1461 1594 1523 londoniis
1617 1462 1651 1522 in

415 1569 511 1628 domo
529 1568 649 1630 Decani
668 1567 770 1629 sancti
791 1567 891 1638 Pauli,
912 1567 954 1646 vij
977 1567 1028 1629 die
1042 1566 1164 1637 Marcii,
1189 1551 1273 1628 anno
1294 1586 1312 1627 a
1333 1566 1508 1629 Nativitate
1522 1565 1652 1628 Domini

420 1671 656 1753 Mrccuxviija
718 1673 836 1735 Verum
864 1673 949 1753 qnod
976 1692 1045 1744 nos,
1078 1692 1135 1752 per
1162 1673 1336 1734 instantem
1368 1678 1538 1734 tractatum
1569 1674 1651 1754 apud

419 1778 624 1839 Leiceetriam
646 1777 835 1850 habendum,
857 1778 908 1838 cui
929 1797 989 1838 nos
1020 1777 1176 1858 oportebit
1210 1797 1347 1838 unacum
1374 1777 1562 1858 quibusdam
1583 1779 1654 1841 aliis

417 1883 549 1964 prelatis
584 1889 616 1946 et
647 1883 828 1965 proceribus
855 1884 1017 1955 interesse,
1053 1889 1086 1945 et
1123 1903 1181 1963 per
1215 1883 1276 1944 alia
1317 1889 1426 1945 nostra
1456 1889 1489 1944 et
1522 1884 1654 1946 ecclesie

417 1994 526 2052 nostre
546 1991 676 2070 negocia
697 1989 850 2070 impediti,
864 1990 1005 2070 receptui
1024 1990 1108 2051 dicte
1127 1990 1261 2070 pecunie
1275 2009 1339 2050 non
1359 1990 1532 2069 poterimus
1550 1989 1652 2051 inten-

418 2097 492 2157 dere
512 2113 569 2176 per
588 2115 647 2158 nos
676 2097 771 2176 ipsos,
803 2095 842 2156 de
873 2095 1030 2156 industria
1056 2099 1089 2156 et
1116 2094 1268 2156 fidelitate
1294 2100 1400 2156 vestra
1426 2096 1505 2156 eatis
1532 2095 1653 2167 confisi,

416 2219 473 2262 vos
492 2201 583 2280 juxta
603 2206 744 2262 tenorem
776 2205 809 2262 et
833 2200 967 2261 formam
988 2199 1164 2262 litteramm
1192 2201 1332 2279 ipsarum
1359 2205 1503 2261 nostrum
1531 2206 1653 2261 certum

418 2305 650 2368 mandatarium
680 2305 720 2366 ad
748 2305 866 2366 dictam
895 2306 1062 2385 pecuniam
1091 2305 1326 2386 [recipiendam]
1354 2311 1387 2367 et
1416 2307 1654 2368 custodiendam

417 2431 582 2492 quousque
603 2412 750 2474 dominus
766 2411 928 2492 Rigaudus
946 2411 1108 2492 predictus
1121 2410 1171 2472 vel
1187 2430 1246 2474 nos
1266 2411 1391 2472 duxerit
1410 2411 1459 2473 vel
1473 2411 1655 2473 duxerimus

417 2518 544 2579 mittere
563 2535 621 2597 pro
635 2517 754 2588 eadem,
775 2523 807 2578 et
823 2516 1056 2596 acquietancias
1075 2515 1269 2578 solventibus
1282 2516 1441 2578 faciendae
1455 2517 1653 2598 deputamus,

422 2623 615 2694 ordinamus,
644 2627 676 2683 et
704 2621 927 2684 constituimus
955 2640 1012 2702 per
1033 2627 1205 2702 presentes.
1262 2621 1312 2683 De
1339 2621 1520 2683 nominibus
1547 2629 1655 2683 autem

420 2729 615 2791 solvencinm
638 2735 670 2790 et
695 2729 734 2790 de
759 2728 892 2790 nummis
906 2727 1111 2807 pecuniarum
1131 2727 1220 2789 vobis
1241 2727 1353 2789 solutis
1374 2728 1477 2807 ipsum
1492 2728 1655 2789 dominum

425 2835 593 2916 Rigaldum
613 2837 668 2914 [et]
700 2853 769 2906 nos,
792 2853 863 2894 cum
885 2853 981 2914 super
1000 2834 1061 2895 hoc
1078 2833 1201 2895 fueritis
1220 2833 1372 2914 requisiti,
1392 2834 1508 2895 curetis
1527 2835 1657 2896 reddere

411 2961 574 3004 cerciores.

416 3249 511 3330 April
533 3249 690 3310 Ωδμ-ΠΜ
713 3247 833 3390 Bisbop
860 3247 1070 3310 commissione
1097 3247 1216 3308 certain
1242 3245 1354 3307 Fran
1383 3253 1413 3307 to
1441 3245 1515 3307 hear
1540 3247 1655 3326 eonfe-

539 3331 633 3402 aava,
661 3337 726 3402 eta,
753 3329 808 3390 wit
832 3329 867 3390 r'n
895 3329 944 3390 the
971 3328 1107 3390 Dtoceae.

263 3545 313 3587 ror.
329 3543 377 3587 m,
504 3511 686 3574 comeso
717 3528 818 3572 raons
849 3527 1031 3571 rnarsrnus
1062 3527 1340 3570 Psanrcsrosrsus
1360 3527 1464 3570 rnxra
1484 3527 1654 3572 conarrru-

419 3636 545 3680 mouns
566 3635 684 3680 norrrnr
718 3617 1055 3688 Bormum-Adam,
1090 3623 1159 3688 etc..
1195 3616 1317 3678 dilectis
1346 3617 1379 3676 in
1420 3616 1547 3678 Christo
1571 3617 1656 3690 filiis,

420 3725 603 3795 rectoribus,
640 3724 773 3796 vicariis,
811 3723 1005 3805 presbyteris
1044 3723 1253 3803 parochianis,
1285 3728 1318 3784 et
1351 3723 1421 3784 aliis
1451 3723 1654 3786 ecclesiarum

423 3831 553 3914 prelatis
577 3851 634 3912 per
654 3836 794 3892 nostram
823 3829 1089 3910 Herefordensem
1117 3830 1266 3890 diocesim
1291 3829 1482 3900 constitutis,
1510 3829 1656 3902 salutem,

420 3944 480 4001 eta.
544 3937 625 4013 Quia
659 3955 718 3998 nos
745 3935 907 4016 religiosos
941 3935 1035 4007 viros,
1066 3933 1179 3996 iratres
1206 3933 1385 3996 Johannem
1416 3935 1455 3996 de
1489 3935 1656 4010 Rectham,

419 4043 614 4105 Willelmum
634 4041 665 4103 le
685 4042 805 4113 Power,
827 4041 998 4101 Radnlium
1017 4041 1056 4102 de
1070 4040 1158 4112 Aras,
1180 4039 1349 4102 Osbertum
1370 4041 1410 4102 de
1429 4041 1655 4122 Temedebury,

420 4149 615 4212 Wiilelmum
643 4147 683 4210 de
711 4147 877 4218 [antonia.
906 4145 1096 4208 Nicholaum
1120 4147 1160 4208 de
1183 4145 1345 4217 Houtone‚
1369 4145 1487 4208 ordinis
1511 4147 1655 4208 Predioa·

419 4261 534 4326 torum,
569 4274 654 4315 nunc
685 4253 724 4316 de
756 4251 922 4314 Conventu
958 4251 1124 4332 Salopsire,
1155 4251 1195 4312 ad
1229 4250 1443 4312 confessiones
1473 4252 1654 4326 audiendae,

424 4360 642 4423 absoluciones
663 4359 898 4439 impendendas,
928 4365 961 4419 et
989 4357 1143 4419 salutares
1166 4357 1361 4437 penitenciae
1390 4357 1598 4438 injungendus
1619 4379 1658 4421 ao

422 4487 585 4530 sermones
608 4465 725 4548 populo
754 4464 923 4535 iaciendos,
956 4465 995 4525 ad
1020 4463 1129 4525 eadem
1157 4463 1248 4527 nobis
1277 4463 1426 4525 canonice
1446 4470 1656 4544 presentatoe,

422 4573 570 4634 duximus
611 4571 832 4641 admittendos,
876 4571 1049 4632 secundum
1094 4575 1235 4631 tenorem
1275 4568 1515 4631 constitucionis
1555 4569 1656 4634 felicis

422 4677 652 4740 recordacionis
671 4675 791 4737 domini
811 4675 968 4736 Bonifacii
982 4675 1069 4755 Pape
1089 4674 1192 4736 octavi
1212 4675 1296 4736 edite
1316 4675 1350 4734 in
1369 4674 1429 4736 hac
1448 4681 1547 4755 parte,
1566 4676 1658 4740 robis

422 4783 611 4843 mandamus
635 4781 668 4841 in
692 4779 809 4841 virtute
829 4779 1010 4841 obediencie
1030 4779 1163 4841 fimiter
1182 4779 1382 4860 injungentes
1403 4780 1553 4860 quatinus
1583 4801 1656 4842 cnm

423 4888 551 4950 eosdem
579 4886 692 4948 iratres
720 4887 760 4947 ad
794 4885 943 4948 ecclesias
973 4885 1063 4948 vobis
1093 4885 1252 4964 subjectas
1289 4887 1456 4966 contigerit
1490 4888 1657 4962 declinare,

420 5013 476 5058 eoe
503 4994 544 5054 ad
570 4991 725 5072 premissa
745 4992 861 5052 curetis
881 4991 1022 5071 graciose
1041 4991 1209 5052 admittere
1238 4996 1271 5053 et
1294 4991 1336 5053 ob
1359 4991 1420 5052 Dei
1444 4995 1656 5054 reverenciam

424 5097 637 5162 favorabiliter
665 5102 865 5178 pertractare.
930 5097 971 5157 In
994 5097 1095 5177 cujus,
1133 5102 1204 5168 etc„
1231 5103 1356 5160 nostras
1384 5098 1507 5160 litterae
1537 5099 1657 5161 eisdem
