3850 5917
390 684 450 743 250
764 684 944 763 Repe'ctram
971 684 1036 745 dds
1063 684 1101 745 de
1131 684 1253 745 Orletorr

216 912 275 951 Α-ὓ·
291 912 345 951 ¹³²²·
388 928 449 987 que
463 910 638 970 extendunt
655 930 689 971 se
709 906 814 971 avico
831 930 892 989 que
908 915 1039 971 vocatur
1057 910 1249 990 Froggelane
1268 910 1301 969 in
1318 908 1513 989 longitudine
1528 928 1628 989 usque

389 1014 429 1073 sd
450 1034 565 1093 aquam
593 1034 654 1093 que
675 1020 806 1075 vocatur
834 1015 1005 1094 Smalpors‚
1028 1034 1095 1085 nos,
1117 1014 1261 1074 nolentes
1285 1012 1317 1072 in
1339 1012 1444 1092 sliquo
1465 1019 1575 1073 contra
1596 1012 1628 1073 id

389 1120 474 1199 quod
501 1120 534 1178 in
562 1120 715 1182 honorem
737 1121 797 1182 Dei
826 1126 858 1182 et
879 1126 989 1182 sancte
1010 1120 1140 1182 ecclesie
1168 1124 1275 1180 actum
1303 1124 1353 1180 est
1380 1139 1436 1199 per
1463 1120 1627 1179 dominum

388 1231 543 1296 nostrum,
578 1226 734 1287 illustrem
762 1228 881 1306 Regem
910 1226 1021 1307 Anglie
1048 1226 1215 1306 prefatum,
1238 1226 1393 1296 resistere,
1417 1227 1562 1287 volumus
1594 1231 1628 1287 et

388 1332 591 1394 concedimus
624 1338 657 1394 et
691 1353 748 1413 pro
783 1333 874 1394 nobis
909 1338 941 1394 et
969 1331 1203 1393 successoribus
1239 1332 1356 1392 nostris
1394 1332 1627 1411 imperpetuum

388 1438 532 1517 quietum
556 1438 730 1500 clamamus
752 1438 901 1500 iratribus
922 1438 1041 1500 ordinis
1062 1438 1195 1518 predicti
1214 1458 1324 1499 omnes
1345 1444 1444 1500 terras
1465 1444 1497 1499 et
1520 1438 1628 1499 omnis

390 1548 571 1604 tenemento
593 1544 734 1623 predicte
759 1564 830 1604 cum
852 1543 1065 1623 pertinenciis,
1091 1542 1234 1603 habenda
1255 1548 1287 1604 et
1308 1544 1445 1604 tenenda
1465 1544 1504 1604 de
1526 1543 1627 1615 nobis,

388 1649 530 1720 ecclesia,
567 1654 600 1710 et
623 1649 856 1711 successoribus
890 1649 1008 1710 nostris
1043 1650 1162 1711 eisdem
1187 1649 1336 1710 iratribus
1374 1656 1407 1711 et
1441 1650 1627 1711 successori·

388 1757 448 1817 bus
469 1757 536 1818 suis
556 1758 645 1836 juxta
669 1757 803 1817 formam
832 1757 1015 1817 donacionis
1036 1756 1194 1836 predicte;
1231 1756 1326 1817 salvis
1349 1764 1455 1817 tamen
1483 1756 1574 1817 nobis
1595 1760 1628 1817 et

389 1846 623 1923 successoribus
657 1863 775 1923 nostris
820 1882 856 1922 ac
897 1861 1029 1923 ecclesie
1069 1867 1177 1923 nostre
1221 1861 1446 1923 Hereiordensi
1488 1862 1628 1941 predicte

389 1966 530 2027 serviciis
552 1967 626 2028 inde
654 1966 768 2027 debitis
796 1971 829 2026 et
856 1966 1025 2027 consuetis.
1082 1966 1122 2025 In
1145 1967 1235 2045 cujus
1256 1966 1310 2036 rei,
1333 1972 1392 2027 etc.
1446 1966 1564 2026 Datum
1593 1965 1625 2024 in

389 2072 535 2152 capitulo
556 2077 665 2133 nostro
697 2072 930 2143 Hereiordensi,
964 2072 1013 2134 die
1043 2072 1156 2133 Martis
1184 2073 1216 2131 in
1245 2072 1382 2133 crastino
1411 2072 1512 2132 suncti
1541 2072 1627 2133 Petri

389 2177 423 2236 in
448 2176 614 2248 Osthedra,
643 2197 726 2236 auno
748 2177 877 2237 Domini
906 2176 1129 2256 Mrcoomije
1173 2176 1240 2237 Nos
1260 2176 1363 2256 igitur,
1392 2178 1627 2238 concessionem

389 2284 564 2362 predictum
600 2289 702 2343 ratam
741 2283 904 2354 hebentes,
943 2303 1001 2363 pro
1039 2282 1129 2343 nobis
1168 2288 1200 2343 et
1238 2282 1355 2344 nostris
1393 2283 1626 2344 successoribus

390 2391 502 2468 ipsam,
525 2390 734 2469 quantumin
763 2389 855 2450 nobis
879 2394 1069 2460 esttenete
1092 2390 1291 2469 presencium
1312 2388 1545 2450 confirmamus.
1587 2390 1628 2449 In

390 2494 481 2573 cujus
516 2496 570 2565 rei,
606 2499 665 2556 etc.
726 2496 846 2554 Datum
883 2501 915 2556 et
945 2501 1053 2557 actum
1085 2496 1280 2566 Hereiordie‚
1313 2516 1397 2557 nono
1428 2496 1479 2557 die
1509 2494 1628 2557 mensis

393 2600 548 2671 Octobris,
577 2621 661 2661 anno
683 2601 813 2661 Domini
835 2601 1059 2681 M⁰000⁰xxij⁰,
1081 2608 1140 2662 etc.

393 2894 458 2955 Oct.
486 2895 619 2985 d—Tire
643 2894 770 2975 Bishop,
797 2894 911 2973 hovinp
934 2895 1069 2956 received
1092 2916 1113 2955 a
1139 2894 1283 2955 mandate
1304 2896 1390 2974 from
1415 2895 1463 2955 the
1488 2896 1570 2987 Pope
1598 2904 1627 2957 to

508 2975 819 3147 {dimetrii
838 2976 1189 3117 tt“¹‘tt'‘0ttttt
1208 2976 1629 3147 tt'tutttttitf

511 3136 833 3297 pleomljlieppsdaldhp
860 3137 947 3278 Ptper,
976 3138 1087 3198 Rectcr
1114 3138 1149 3217 of
1176 3136 1319 3215 dicresim,
1349 3144 1378 3197 to
1406 3157 1531 3217 sequare
1559 3138 1625 3199 iate

536 3238 562 3277 aa
604 3238 646 3278 ee
673 3238 694 3277 a
767 3237 782 3277 c
827 3238 878 3278 rac
910 3238 933 3277 r.

474 3398 655 3458 Oousrrssro
687 3416 749 3458 rao
777 3398 931 3459 Jossuus
966 3417 1008 3458 nu
1041 3400 1173 3470 Mszurr,
1205 3418 1355 3459 sacrans
1387 3418 1534 3469 cnasrco,
1570 3419 1628 3471 our

391 3520 591 3562 mssrssvrr
616 3521 742 3563 course
773 3504 934 3564 Annum
966 3505 1362 3576 &occsurum—Adam,
1387 3512 1456 3577 etc,
1481 3514 1631 3569 executor

392 3608 431 3667 ad
459 3608 687 3686 providendum
722 3628 778 3687 per
815 3629 875 3670 nos
902 3609 952 3670 vel
988 3609 1066 3669 alios
1096 3628 1152 3670 seu
1190 3609 1287 3670 alium
1316 3610 1454 3671 Johanni
1482 3613 1568 3673 dicto
1599 3613 1628 3674 le

392 3714 552 3784 Mannser,
582 3714 620 3773 de
636 3713 805 3784 Lnnhales‚
834 3715 964 3794 pauperi
987 3714 1100 3775 clerico
1127 3721 1235 3776 nostre
1251 3716 1394 3787 diocesis,
1418 3716 1457 3778 de
1478 3716 1630 3779 beneficio

390 3819 604 3881 ecclesiastico
636 3840 709 3880 cum
751 3840 826 3881 cura
856 3821 906 3881 vel
934 3820 1003 3882 sine
1034 3840 1109 3881 curs
1144 3826 1295 3881 consueto
1336 3821 1375 3882 ab
1403 3822 1479 3883 oiim
1508 3824 1630 3885 clericis

391 3926 585 3987 secularibus
613 3925 774 4005 assignari,
803 3927 830 3986 si
858 3926 942 4005 quod
965 3926 998 3985 in
1026 3927 1154 3988 civitate
1181 3927 1230 3987 vel
1252 3927 1367 3989 diocesi
1396 3934 1504 3989 nostre
1529 3929 1629 3991 Here·

392 4033 530 4094 fordensi
558 4036 649 4091 vacat
684 4033 723 4091 sd
758 4052 897 4111 presens,
936 4033 986 4093 vel
1023 4034 1256 4112 quamprimum
1291 4033 1330 4093 ad
1356 4033 1387 4092 id
1422 4033 1571 4095 obtulerit
1595 4053 1630 4096 se

392 4139 535 4208 facultas,
561 4143 709 4216 spectans
730 4137 925 4217 conjunctim
949 4139 999 4200 vel
1024 4138 1149 4199 divisim
1175 4139 1214 4198 ed
1232 4138 1445 4209 collacionem‚
1467 4146 1627 4219 presenta-

392 4244 515 4304 cionem
542 4242 592 4303 vel
613 4262 833 4322 quamcunque
854 4242 948 4303 aliam
968 4244 1210 4323 disposicionem
1238 4243 1450 4323 religiosorum
1480 4246 1628 4317 virorum,

394 4347 524 4408 Abbatis
565 4352 598 4408 et
633 4347 817 4408 Conventus
860 4348 1046 4410 Monasterii
1082 4349 1184 4409 sancti
1226 4350 1311 4410 Petri
1354 4349 1627 4421 Gloucestriensis.

394 4453 566 4514 secundum
595 4452 693 4532 ipsius
721 4453 868 4533 pauperis
895 4454 999 4514 clerici
1028 4455 1140 4515 merite
1164 4456 1355 4534 competenti
1383 4475 1402 4515 a
1427 4456 1507 4516 Sede
1530 4455 1628 4535 Apos-

394 4559 488 4620 tolicc
529 4558 708 4638 deputatus,
747 4559 862 4619 dilecto
898 4559 931 4617 in
960 4559 1088 4621 Ohristo
1116 4560 1189 4631 filio,
1225 4560 1375 4639 magistro
1403 4560 1440 4620 R.
1480 4562 1508 4622 le
1537 4563 1627 4635 Poer,

393 4664 520 4724 Rectori
543 4662 674 4724 ecclesie
703 4663 742 4723 de
765 4663 916 4742 Almalye,
951 4671 1059 4725 nostre
1087 4665 1229 4735 diocesis,
1261 4665 1396 4726 salutem
1424 4666 1456 4725 in
1486 4668 1628 4727 omnium

395 4770 565 4831 Salvatore.
622 4767 817 4830 Auctoritate
847 4770 1021 4849 apostolica
1048 4770 1138 4832 nobis
1173 4770 1206 4831 in
1235 4771 1295 4832 hac
1324 4778 1412 4851 parte
1450 4774 1628 4847 commissa,

394 4894 488 4955 quam
510 4874 598 4934 vobis
622 4872 780 4934 mittimus
808 4874 1044 4954 inspiciendam,
1074 4876 1226 4956 nobisque
1253 4874 1387 4937 fideliter
1413 4896 1469 4955 per
1497 4878 1628 4939 latorem

393 4979 591 5060 presencium
627 4979 858 5049 remittendam,
902 4980 991 5041 vobis
1036 4980 1167 5041 firmiter
1208 4980 1400 5059 injungendo
1441 4984 1629 5045 mandemus
1749 4980 1755 4989 ’

394 5091 550 5166 quatenus
579 5104 674 5165 super
701 5085 868 5157 natalibus,
894 5086 967 5157 vita,
997 5086 1144 5157 moribus,
1176 5090 1209 5147 et
1229 5086 1470 5148 conversacione
1497 5088 1629 5167 predicti
