3850 5917
699 662 851 742 Episcopi
879 663 1124 743 Horesordensis.
1472 668 1530 727 323

566 794 721 801 .....-.-.——
786 794 795 799 -
814 796 864 801 ——.
938 796 1018 801 -—--
1136 796 1538 805 ---—-—---—-——-—a——

84 896 142 933 Μ)
177 896 238 933 ¹³²⁴
293 888 352 948 bus
374 892 406 948 et
435 888 640 968 pertinenciis
661 888 910 968 quibuscunque,
932 895 1027 968 prout
1047 889 1081 949 in
1109 889 1224 951 litteris
1246 890 1364 952 nostris
1384 891 1535 971 predictis

290 994 416 1074 plenius
437 994 627 1065 continetur,
652 994 741 1055 vobis
769 996 957 1056 mundemus
979 996 1064 1075 quod
1083 995 1189 1076 ipsum
1209 996 1383 1058 Robertum
1405 998 1445 1057 ed
1465 1017 1532 1077 pre-

292 1099 429 1161 bendam
460 1098 634 1178 prodictam
658 1099 844 1171 admittetis,
867 1104 899 1161 et
920 1100 949 1161 ei
980 1100 1109 1161 stellum
1130 1100 1164 1159 in
1193 1100 1289 1161 choro
1318 1105 1351 1161 et
1374 1100 1477 1161 locum
1500 1100 1534 1161 in

292 1206 439 1286 Capitulo
453 1206 579 1267 racione
592 1204 750 1285 prebende
770 1205 919 1285 predicte,
936 1210 1031 1285 prout
1046 1206 1143 1267 moris
1158 1211 1216 1278 est,
1232 1205 1385 1285 assignari
1400 1206 1532 1268 lecistis.

289 1312 384 1373 Teste
416 1310 558 1390 meipso
582 1312 666 1391 opud
689 1311 1018 1382 westmonasterium,
1050 1312 1106 1391 xij⁰
1126 1312 1177 1373 die
1207 1312 1306 1383 Junii,
1331 1332 1416 1373 nnnc
1444 1312 1532 1393 regni

289 1418 391 1479 nostri
414 1418 501 1496 uvij.⁰

86 1700 159 1737 nn.
185 1698 248 1737 rsus.
294 1676 376 1737 Mor.
398 1674 590 1754 22.—Ropor
610 1674 647 1735 do
670 1674 872 1753 Cbillinptoe,
895 1674 1053 1754 obopioin,
1074 1676 1103 1735 io
1125 1674 1289 1736 instituted
1314 1683 1343 1736 to
1368 1697 1387 1736 a
1408 1676 1536 1757 portion

412 1756 652 1915 ppemtbbpidgtbes
684 1757 719 1835 os
752 1756 902 1833 Gwyllorr,
935 1776 974 1817 om
1007 1755 1055 1817 tho
1085 1757 1298 1836 presentatioc
1324 1758 1360 1836 of
1383 1757 1467 1817 Fullo
1497 1756 1534 1818 de

377 2004 619 2065 Memornudum
654 2004 738 2083 quod
773 2004 849 2084 xxij⁰
889 2004 940 2066 die
976 2005 1095 2066 mensis
1130 2005 1252 2077 Marcii,
1287 2026 1372 2067 enno
1403 2006 1534 2067 Domini

294 2109 542 2188 maccusius
565 2110 711 2170 dominus
736 2109 878 2189 Rogerus
903 2110 941 2171 de
969 2110 1211 2191 Chyllyngtone,
1233 2108 1424 2192 capellanus,
1446 2112 1535 2173 insti-

291 2220 381 2277 tutus
404 2220 471 2277 eret
492 2215 525 2274 in
545 2214 728 2295 porcionem
750 2214 941 2276 decimarum
973 2217 1012 2277 de
1044 2217 1200 2297 Gwyllon,
1232 2223 1265 2278 et
1296 2218 1444 2279 dominus
1475 2218 1534 2279 sibi

286 2320 363 2382 iecit
383 2321 506 2381 litteras
528 2320 586 2381 sub
607 2321 667 2381 hec
693 2320 856 2381 torma:-

372 2464 483 2535 Adem,
505 2469 574 2536 etc,
597 2463 712 2525 dilecto
734 2464 767 2523 in
789 2464 916 2526 Christo
937 2464 1012 2535 filio,
1044 2464 1173 2527 domino
1193 2466 1318 2546 Rogero
1339 2467 1532 2540 Chilintone,

290 2572 463 2652 cepellsn0,
486 2570 631 2642 salutem,
653 2576 712 2631 eto.
756 2570 943 2632 Porcionem
975 2571 1169 2632 decimarum
1204 2572 1244 2634 de
1274 2573 1432 2635 dominico
1460 2573 1533 2633 Ful·

292 2678 381 2739 conis
423 2679 462 2738 de
503 2678 706 2757 Penebrugge
748 2677 786 2739 de
829 2677 967 2738 Gwillon
1002 2678 1042 2738 sd
1076 2679 1349 2757 presentecionem
1390 2678 1532 2756 ejusdem

291 2782 450 2853 Fulconis,
473 2780 537 2842 veri
559 2781 684 2860 petroni
716 2802 833 2850 esrum,
866 2782 923 2843 tibi
945 2783 1137 2843 conserimus
1165 2783 1285 2843 intuitu
1306 2783 1447 2843 caritatis
1478 2787 1535 2843 tuo

292 2894 446 2969 perpetuo
473 2888 706 2968 possidendum,
728 2889 796 2967 jure
825 2894 934 2950 nostro
956 2894 989 2951 et
1009 2895 1117 2951 nostre
1139 2888 1382 2950 Herefordensis
1403 2888 1534 2949 ecclesie

287 3016 413 3075 semper
433 2996 530 3067 selvo,
553 3001 612 3056 etc.

291 3250 384 3330 April
404 3250 603 3329 12.-Ratpt
625 3250 674 3311 tho
694 3250 819 3311 Horruit
840 3250 993 3311 admitted
1014 3258 1044 3312 to
1066 3252 1099 3311 be
1120 3250 1214 3311 Prior
1234 3252 1270 3330 of
1288 3251 1397 3327 Titlep.

373 3419 533 3480 Anurssm
554 3420 689 3479 Pruosus
709 3438 753 3478 nn
775 3419 1270 3480 Trrrsnnrn.-Memorondum
1291 3419 1375 3498 quod
1404 3418 1460 3497 xij⁰
1480 3418 1532 3478 die

289 3525 409 3585 mensis
424 3524 549 3604 Aprilis,
575 3544 658 3585 enno
680 3524 810 3585 Domini
832 3524 1053 3593 M⁰OOC⁰xxv⁰,
1076 3522 1224 3583 dominus
1253 3522 1380 3583 admisit
1402 3521 1532 3581 fratrem

290 3629 494 3709 deulphum
514 3630 543 3691 le
564 3629 737 3699 Heremite,
759 3630 950 3690 monachum
976 3629 1163 3690 Monosterii
1184 3628 1223 3688 de
1245 3627 1391 3706 Tyronio,
1414 3627 1529 3689 Gemo-

288 3736 390 3797 tensis
407 3735 550 3807 diocesis,
565 3736 605 3796 sd
619 3736 891 3815 presenteoionem
906 3734 1013 3795 fratris
1027 3734 1182 3805 Nicholui,
1198 3733 1330 3794 Abbntis
1344 3732 1530 3793 Monesterii

290 3843 442 3921 ejusdem,
479 3842 518 3901 nd
553 3842 732 3902 Prioretum
767 3841 806 3903 de
840 3840 1015 3920 Tytteleye,
1056 3860 1113 3920 per
1147 3839 1394 3918 resignncionem
1426 3838 1531 3899 fratris

292 3948 442 4009 Willelmi
464 3949 503 4010 de
531 3948 667 4019 Yllesiis,
689 3947 848 4028 quondum
869 3946 989 4007 Prioris
1013 3946 1165 4025 ejusdem,
1187 3951 1362 4017 vacentem,
1384 3951 1416 4006 et
1437 3964 1532 4025 super

291 4054 351 4114 hoc
372 4053 432 4115 sibi
453 4052 528 4115 iecit
556 4053 679 4113 littores
700 4057 878 4113 consuetas.

295 4322 359 4382 Tho
379 4320 497 4400 Bisbop
518 4320 726 4381 commissioni
760 4319 881 4380 Gitbert
901 4319 938 4380 do
968 4318 1144 4379 Middleton
1172 4324 1202 4378 to
1226 4316 1345 4377 absolvo
1381 4316 1464 4376 John
1494 4315 1532 4375 do

419 4402 591 4472 Towoester,
613 4401 679 4461 sobo
692 4399 754 4460 hod
776 4399 896 4460 carried
917 4400 963 4478 off
981 4400 1030 4459 tho
1043 4399 1187 4478 Bishop'o
1202 4398 1344 4476 Repirter
1363 4396 1427 4457 ond
1446 4396 1533 4458 other

416 4482 517 4561 poods,
539 4482 592 4542 but
613 4502 679 4543 now
696 4480 846 4561 promises
867 4480 1065 4541 restitutioo.l

133 4686 185 4725 sor.
199 4682 250 4723 Μ,
378 4650 560 4711 (loumssro
595 4667 637 4709 en
668 4665 911 4709 snsonvnnnuu
931 4648 960 4709 J.
993 4664 1037 4707 nn
1062 4644 1431 4715 Tencterum-Adam,
1461 4648 1531 4717 etc,

292 4754 407 4816 dilecto
442 4754 474 4813 in
507 4754 634 4815 Christo
657 4754 731 4825 filie,
761 4753 912 4833 magistro
947 4752 1090 4814 Gilberto
1120 4752 1158 4813 de
1193 4750 1397 4821 Middeltone,
1426 4754 1535 4811 nostre

292 4861 425 4923 ecclesie
448 4859 690 4921 Hereiordensis
719 4860 881 4931 canonico,
903 4858 1048 4929 salutem,
1070 4862 1129 4918 etc.
1185 4856 1345 4935 Experto
1375 4855 1532 4916 Johsnnis

293 4966 333 5028 de
353 4966 536 5027 Toucestrio
567 4966 659 5027 nobis
683 4965 790 5027 extitit
821 4965 985 5025 humiliter
1012 4962 1226 5043 supplicatum
1255 4961 1339 5042 quod
1369 4960 1533 5040 cumipse
1578 4947 1581 4951 Δ

694 5100 767 5147 1-cs.
794 5100 893 5145 leucu..
907 5113 929 5148 n.
942 5100 1026 5147 xxviii,
1038 5102 1095 5142 note
1108 5101 1127 5140 1.
