3850 5917
398 679 459 741 270
772 675 951 754 Registram
979 676 1044 737 Ado
1071 675 1108 737 de
1138 676 1261 737 0116166

399 902 582 964 Conventus
610 902 709 963 eciam
747 908 780 962 et
808 901 945 982 Collegia
980 901 1102 981 singula
1134 900 1405 973 monasteriorum,
1434 902 1633 963 Prioratuum

399 1012 432 1068 61
452 1026 709 1087 quarumcunque
730 1007 894 1067 domorum
915 1006 1131 1086 religiosarum
1152 1011 1258 1067 nostra
1280 1006 1444 1068 Provincia
1472 1007 1632 1068 (161111611-

400 1113 485 1173 61616
512 1132 569 1192 per
596 1112 736 1193 singulos
763 1118 989 1192 procuratores,
1019 1112 1136 1174 clerum
1161 1132 1285 1193 quoque
1311 1112 1478 1192 cujuslibet
1501 1114 1634 1175 diocesis

401 1239 458 1299 par
478 1219 557 1279 duos
584 1223 810 1297 procuratores,
832 1218 930 1279 citent
961 1238 1017 1279 seu
1039 1218 1129 1279 611611
1157 1218 1274 1279 1661611
1302 1220 1520 1298 peremptorie,
1552 1220 1635 1299 quod

400 1331 603 1405 compareant
634 1345 739 1385 coram
777 1325 868 1385 nobis
903 1324 936 1384 in
978 1324 1109 1386 ecclesia
1144 1325 1245 1385 sancti
1279 1325 1369 1385 Pauli
1412 1325 1633 1397 Londoniensi,

399 1430 450 1490 die
484 1429 616 1491 Veneris
652 1430 686 1489 in
718 1429 863 1491 Octobris
891 1429 995 1490 sancti
1028 1430 1143 1489 Hilarii
1174 1450 1275 1501 mane,
1308 1435 1343 1490 ut
1374 1431 1530 1502 convenit,
1563 1452 1633 1492 cum

399 1535 639 1596 continuacione
660 1540 693 1595 et
713 1534 936 1615 prorogacions
957 1536 1079 1596 diarum
1101 1540 1176 1595 tunc
1198 1536 1409 1615 sequencium,
1432 1537 1471 1596 ad
1499 1541 1634 1597 1166161-

398 1643 474 1701 dum
509 1663 572 1702 una
606 1634 770 1702 nobiscum
806 1662 900 1720 super
935 1641 1138 1721 proponendo
1159 1646 1191 1702 et
1221 1642 1405 1721 exponendo
1434 1641 1549 1702 ibidem
1578 1662 1635 1721 pro

399 1749 515 1810 salubri
537 1754 623 1809 statu
644 1754 676 1809 et
707 1749 825 1809 honore
846 1748 977 1808 66616616
998 1768 1034 1808 66
1065 1748 1153 1827 regni
1175 1752 1206 1808 et
1235 1748 1279 1808 161
1310 1747 1434 1827 publice
1456 1747 1634 1827 Anglicane,

399 1860 432 1915 et
453 1854 552 1916 eciam
582 1843 677 1933 super
707 1853 865 1914 contentis
893 1854 927 1912 in
957 1853 1071 1914 litteris
1102 1852 1281 1933 apostolicis
1308 1852 1399 1914 nobis
1431 1852 1633 1924 transmissis,

399 1981 522 2022 necnon
544 1960 769 2022 consentiendo
790 1960 852 2020 hiis
873 1959 1020 2021 omnibus
1048 1979 1109 2039 que
1137 1960 1177 2019 ad
1199 1960 1349 2021 honorem
1373 1958 1433 2020 Dei
1454 1965 1485 2020 61
1506 1959 1635 2021 66616616

399 2088 455 2128 sue
477 2066 648 2127 tuicionem
675 2087 712 2127 66
733 2067 831 2127 totius
859 2066 1048 2145 reipublice
1077 2066 1225 2146 regnique
1258 2066 1429 2145 supradicti
1456 2066 1634 2137 utilitatem,

399 2173 505 2234 divina
550 2173 736 2253 disponente
773 2172 885 2252 gracia,
915 2172 1031 2233 ibidem
1075 2172 1240 2233 salubriter
1280 2172 1445 2252 contigerit
1489 2172 1633 2233 ordinari.

398 2280 464 2339 Vos
485 2278 584 2339 eciam
606 2283 759 2358 quantum
780 2279 820 2339 ad
837 2298 903 2349 vos,
924 2283 1062 2339 vestram
1084 2277 1256 2350 ecclesiam,
1288 2284 1320 2339 et
1342 2279 1490 2340 diocesim
1512 2279 1633 2351 attinet,

400 2384 582 2463 hujusmodi
611 2383 795 2443 mandatum
823 2389 967 2443 nostrum
996 2382 1163 2444 efficaciter
1185 2389 1383 2464 exequantes,
1405 2384 1498 2445 dictis
1526 2384 1575 2444 die
1604 2388 1636 2445 at

400 2489 468 2549 loco
489 2489 653 2549 tractaturi
673 2488 837 2549 nobiscum
859 2488 1065 2569 personaliter
1096 2488 1257 2561 intersitis,
1280 2494 1312 2550 et
1344 2494 1379 2549 ut
1407 2490 1503 2551 ceteri
1524 2490 1636 2551 fratres

399 2599 431 2655 61
463 2594 640 2675 coepiscopi
667 2594 768 2655 nostri
799 2594 1005 2673 personaliter
1034 2594 1079 2655 616
1112 2594 1267 2665 intersint,
1296 2594 1364 2656 vice
1392 2600 1425 2655 et
1449 2596 1635 2657 auctoritate

399 2706 508 2761 nostra
528 2700 704 2761 districcius
722 2699 894 2780 injungatis
916 2700 1044 2772 eisdem,
1071 2700 1297 2761 denunciantes
1318 2700 1410 2761 dictis
1432 2702 1633 2782 coepiscopis,

399 2811 432 2866 ot
463 2825 519 2885 per
545 2826 599 2866 666
628 2825 702 2865 suos
732 2804 874 2865 subditos
900 2825 937 2865 ac
966 2804 1043 2865 alios
1072 2806 1117 2865 sic
1147 2806 1302 2866 vocandos
1335 2806 1485 2867 iacientes
1516 2807 1636 2886 ydoneo

400 2910 581 2990 premuniri.
613 2910 740 2991 Vosque
761 2911 854 2971 modo
876 2910 999 2971 consilii
1021 2911 1237 2991 premunimus
1254 2911 1337 2992 quod
1359 2917 1468 2973 contra
1490 2912 1636 2974 absentes

403 3016 437 3075 11
457 3014 542 3076 dicto
563 3015 697 3076 termino
720 3020 922 3075 contumaces
943 3020 1037 3095 prout
1058 3015 1179 3093 justum
1204 3016 1297 3077 luerit
1318 3018 1531 3096 procedemus.
1588 3018 1635 3079 De

399 3120 450 3181 dio
473 3140 548 3182 1616
575 3120 766 3201 recepcionis
788 3121 986 3200 presencium
1009 3126 1041 3182 et
1064 3122 1140 3202 quid
1164 3122 1301 3183 feceritis
1323 3124 1355 3182 in
1383 3124 1553 3203 premissis,
1577 3144 1634 3185 noe

399 3227 438 3287 ad
460 3226 560 3287 dictos
581 3226 665 3287 diem
686 3231 718 3287 et
739 3227 843 3287 locum
872 3228 1022 3287 distincta
1050 3234 1081 3289 at
1109 3232 1216 3307 aperte
1246 3228 1416 3291 certificare
1445 3231 1559 3291 curatis
1580 3250 1636 3311 per

398 3334 519 3393 11116166
540 3338 661 3394 1661166
677 3337 822 3412 patentes
843 3334 955 3393 harum
978 3333 1090 3394 seriam
1112 3338 1144 3394 61
1162 3334 1329 3394 citatorum
1350 3335 1479 3395 nomina
1497 3335 1635 3415 planaria

399 3438 607 3499 continentes.
649 3438 693 3497 Et
714 3458 754 3499 ns
776 3439 960 3498 mandatum
982 3444 1127 3499 nostrum
1150 3439 1330 3516 hujusmodi
1352 3441 1488 3502 6116161
1510 3442 1634 3522 ingenio

400 3550 456 3605 aut
475 3544 668 3624 negligencia
688 3543 862 3615 deludatur,
891 3544 979 3605 vobis
1011 3549 1047 3605 ut
1069 3566 1163 3625 supra
1188 3546 1381 3625 injungimus
1402 3548 1485 3627 quod
1516 3548 1633 3629 coepis-

401 3650 489 3730 copis
510 3650 715 3730 suffraganeis
733 3650 853 3717 nostris
873 3650 1020 3711 omnibus
1042 3651 1245 3712 consimiliter
1270 3653 1441 3733 injungatis
1464 3659 1499 3714 ut
1521 3655 1634 3735 singuli

401 3757 541 3835 ipsorum
574 3756 606 3815 in
636 3756 701 3817 suis
726 3756 965 3817 execucionibus
992 3756 1084 3835 plene
1112 3776 1170 3819 nos
1195 3758 1378 3830 certificent,
1414 3765 1566 3839 quantum
1595 3761 1634 3821 ad

401 3881 455 3921 eos
477 3861 600 3932 attinet,
630 3859 803 3921 secundum
833 3859 965 3919 formam
997 3860 1140 3940 superius
1162 3866 1354 3922 annotatam.
1411 3863 1529 3924 Datum
1551 3864 1635 3944 apud

402 3967 564 4038 Lamethe,
589 3967 645 4046 11]ὀ
673 3966 723 4027 die
755 3965 946 4036 Decembris,
980 3986 1062 4026 anno
1095 3967 1223 4027 Domini
1252 3967 1417 4029 millesimo
1449 3969 1633 4049 occurris.

402 4072 499 4152 Cujus
521 4072 707 4132 auctoritate
735 4070 875 4131 mandati
903 4071 1046 4131 districte
1066 4071 1154 4133 vobis
1176 4072 1369 4152 injungimus
1396 4094 1452 4153 per
1472 4080 1634 4154 presentes

402 4178 549 4259 quatinus
580 4178 664 4239 idem
695 4178 888 4249 mandatum,
920 4178 1069 4256 quatinus
1100 4178 1311 4239 ministerium
1345 4180 1540 4241 execucionis
1577 4181 1632 4240 im-

401 4290 515 4365 portat,
550 4284 639 4363 juxta
668 4282 742 4355 vim,
774 4282 896 4353 seriem,
928 4287 960 4343 et
991 4282 1140 4344 effectum
1171 4284 1311 4363 ejusdam
1332 4284 1366 4344 in
1386 4291 1490 4347 166116
1518 4286 1635 4348 diocesi

402 4391 519 4471 absque
538 4409 624 4450 moro
646 4389 810 4468 dispendio
830 4388 922 4469 plene
943 4394 975 4450 et
996 4389 1099 4450 debita
1121 4388 1187 4450 fieri
1210 4389 1369 4462 facientes,
1399 4412 1464 4462 vos,
1486 4394 1634 4472 quatinus

402 4496 434 4555 id
462 4496 566 4575 ipsum
597 4499 734 4556 vestram
756 4494 979 4574 paternitatem
1001 4494 1170 4566 concernit,
1201 4516 1258 4576 pro
1280 4516 1335 4575 spe
1357 4496 1437 4556 tanti
1458 4498 1580 4559 comodi
1601 4504 1634 4560 61

402 4601 531 4663 honoris
565 4600 767 4662 ecclesiastici
805 4599 999 4661 incremento
1037 4600 1138 4661 eidem
1177 4601 1325 4661 mandato
1354 4622 1416 4681 quo
1451 4602 1490 4663 ad
1525 4623 1634 4665 omnes

403 4706 502 4786 ipsius
523 4704 671 4765 articulos
692 4704 859 4765 efficaciter
879 4724 988 4785 parere
1015 4704 1101 4766 omni
1131 4704 1335 4767 excusacione
1362 4713 1505 4769 cessante
1533 4710 1634 4771 modis

402 4812 557 4883 omnibus,
579 4817 672 4891 prout
694 4812 849 4883 convenit,
871 4811 1033 4872 studeatis.
1090 4811 1209 4872 Datum
1244 4813 1327 4891 apud
1359 4813 1637 4896 (11661616161111ο

402 4918 450 4978 Id.
473 4916 665 4988 Decembris,
687 4936 771 4977 anno
792 4916 921 4977 Domini
946 4917 1134 4997 supradicto.
