3850 5917
676 730 829 810 Episcopi
853 730 1097 811 Horasorderuis.
1463 731 1506 793 35

124 961 171 1000 Ml·
184 962 230 1000 ¹³¹⁷·
267 955 368 1035 ipsius
388 955 529 1035 inopiam
550 956 717 1017 relevando
738 955 888 1036 perficere
908 961 940 1017 et
961 956 1146 1016 continuare
1165 955 1337 1035 dignemini
1358 955 1504 1017 inbonis

267 1081 392 1141 semper
414 1061 562 1140 operibus
583 1060 813 1133 habundantes,
834 1081 876 1124 ne
895 1062 949 1143 pia
977 1067 1051 1123 vota
1065 1062 1221 1123 dictorum
1242 1068 1368 1141 patrum
1389 1062 1504 1142 quibus

266 1168 299 1228 in
320 1172 406 1228 terra
433 1168 546 1247 positis
567 1167 731 1248 placuistis
755 1168 832 1248 ipsis
859 1168 925 1248 jam
955 1168 988 1228 in
1019 1169 1118 1248 gloria
1152 1169 1334 1229 constitutis
1357 1168 1503 1229 indurata

266 1273 345 1336 iacis
367 1274 536 1336 crudeliter
577 1321 584 1335 .
628 1322 635 1334 .
679 1322 686 1334 .
731 1276 809 1356 (The
830 1280 895 1338 rest
917 1275 944 1337 is
966 1280 1020 1336 cut
1041 1275 1107 1356 off).

271 1555 335 1618 Oct.
363 1554 541 1616 4.-Letter
562 1556 598 1636 os
615 1557 664 1617 tbe
684 1556 876 1636 Arcbba'abop
900 1555 1073 1636 promising
1094 1556 1161 1634 sall
1180 1555 1358 1616 restitutioa
1378 1557 1503 1634 sartho
1572 1621 1576 1626 ,

390 1636 600 1716 carew-doing
620 1637 656 1717 os
673 1637 722 1698 his
743 1644 840 1716 agent,
865 1637 985 1698 Gilbert
1014 1637 1062 1715 [de
1079 1636 1332 1719 Setbechcssord],
1354 1638 1389 1713 of
1405 1637 1505 1698 robora

392 1717 442 1778 ibe
462 1717 581 1798 Bicbop
603 1718 665 1778 bod
692 1718 891 1798 complained.

347 1874 497 1933 errses
519 1890 637 1934 noumr
660 1873 1134 1945 Aacsrmrsoor1.-Walterus,
1155 1879 1224 1944 etc,
1245 1873 1415 1935 venerabili
1442 1874 1503 1934 ira-

266 1979 315 2051 tri,
339 1979 469 2040 domino
496 1979 571 2050 Ado,
595 1984 663 2050 etc,
693 1979 838 2050 salutem,
870 1984 929 2039 etc.
987 1979 1125 2039 Litteras
1143 1976 1275 2039 'vestras
1303 1977 1343 2038 de
1369 1977 1503 2038 Gilberti

268 2085 368 2146 nostri
389 2083 569 2145 excessibus
582 2084 677 2145 variis
698 2104 778 2164 quos
792 2103 848 2163 per
868 2103 941 2144 eum
956 2083 1142 2144 commissos
1155 2082 1342 2164 protenditis
1356 2083 1504 2162 querulas

266 2191 443 2270 recepimus
464 2195 497 2251 et
517 2190 668 2250 memorie
687 2190 945 2250 commendamus
964 2188 1196 2250 continenciam
1214 2189 1393 2260 earundem,
1408 2209 1505 2268 super

267 2316 328 2377 quo
349 2296 433 2358 scire
452 2315 509 2357 vos
531 2295 710 2375 appetimus
733 2301 764 2356 et
785 2301 893 2357 tenere
914 2296 998 2375 quod
1026 2301 1134 2356 nostre
1153 2295 1309 2356 voluntati
1330 2295 1504 2356 execrabile

266 2405 370 2466 extitit
391 2409 425 2465 et
453 2402 560 2464 existit
581 2403 665 2482 quod
694 2402 862 2482 quicquam
894 2402 927 2461 in
947 2401 1045 2463 vestri
1072 2407 1128 2462 aut
1148 2400 1278 2462 ecclesie
1310 2406 1413 2462 vestre
1432 2421 1502 2481 pre-

266 2510 419 2590 judicium
465 2529 521 2570 seu
556 2508 753 2570 subditorum
788 2513 965 2569 vestrorum
1010 2507 1255 2586 depressionem,
1299 2506 1501 2567 venacionem

268 2616 464 2696 injuriosam,
495 2615 545 2676 vel
575 2633 753 2694 gravamen,
785 2633 842 2693 per
870 2633 929 2674 nos
963 2619 1019 2674 aut
1052 2618 1231 2674 nostratum
1261 2612 1398 2692 aliquem
1425 2632 1501 2692 quo

266 2719 438 2782 modolibet
459 2719 634 2790 inferretur,
657 2719 701 2779 ita
722 2718 806 2799 quod
826 2719 933 2799 agnito
954 2739 1010 2799 per
1030 2718 1209 2798 indaginem
1230 2717 1385 2779 solicitam
1406 2738 1501 2797 quam

266 2825 462 2886 intendimus
484 2825 585 2886 lacere
605 2824 788 2905 hujusmodi
808 2825 848 2884 de
878 2824 974 2885 illatis
994 2845 1102 2885 eorum
1127 2828 1319 2904 patratorem
1341 2823 1374 2883 in
1395 2829 1503 2884 mente

266 2931 405 3010 gerimus
436 2927 522 3009 gravi
551 2930 822 2992 animadversione
852 2931 973 3010 punire,
1006 2936 1038 2991 et
1061 2949 1118 3009 per
1138 2931 1199 2990 hoc
1226 2950 1317 2992 suam
1338 2930 1501 2989 audaciam

266 3036 303 3096 ab
344 3035 499 3097 exercicio
540 3035 691 3097 similium
732 3057 790 3116 pro
834 3037 941 3098 futuro
987 3042 1129 3117 tempore
1174 3035 1340 3098 refrenare.
1403 3037 1503 3098 Porro

266 3161 336 3202 cum
372 3141 506 3202 ecclesia
541 3146 650 3202 nostra
675 3141 911 3203 cantuariensis
945 3142 1060 3203 vestris
1090 3142 1123 3201 in
1146 3142 1215 3203 Deo
1245 3141 1355 3206 fulcire
1388 3142 1501 3203 debeat

265 3247 434 3326 suffragiis,
463 3246 496 3305 in
525 3246 717 3318 scandalum,
744 3247 827 3326 quod
856 3246 947 3318 absit,
976 3247 1106 3318 veniret,
1135 3247 1162 3308 si
1189 3247 1274 3327 quod
1300 3246 1503 3327 providencia

266 3351 372 3413 divina
407 3352 571 3431 conjunxit
606 3352 853 3413 machinacionis
887 3352 1026 3413 humane
1069 3351 1246 3431 presumcio
1281 3349 1501 3411 turbacionum

265 3458 382 3519 aculeis
415 3463 584 3538 separaret,
606 3457 742 3519 maxime
767 3457 829 3518 hiis
859 3457 970 3519 diebus
991 3456 1105 3537 quibus
1136 3457 1220 3518 dicta
1250 3462 1360 3517 nostra
1389 3462 1501 3517 sancta

265 3563 407 3635 ecclesia,
430 3563 520 3643 cujus
541 3583 655 3643 corpus
675 3564 849 3634 existimus,
875 3563 1077 3626 affeccionem
1099 3584 1194 3643 quam
1215 3562 1310 3624 habet
1327 3563 1367 3622 ad
1381 3583 1418 3624 ea
1438 3582 1502 3642 que

265 3675 339 3732 sunt
362 3669 476 3730 honori
497 3675 529 3730 et
548 3671 713 3730 commodo
734 3690 868 3749 persone
888 3675 992 3732 vestre
1012 3671 1095 3731 sicut
1115 3676 1147 3730 et
1166 3669 1269 3730 verbis
1291 3669 1337 3730 ita
1355 3673 1387 3730 et
1406 3668 1499 3729 factis

263 3781 375 3854 parata
406 3779 456 3835 est
486 3793 640 3854 exponere
665 3780 697 3835 et
729 3774 937 3837 effectualiter
967 3775 1135 3855 publicare.
1190 3775 1235 3834 Et
1265 3775 1348 3854 quia,
1378 3778 1414 3834 ut
1443 3794 1501 3854 per

263 3879 391 3940 easdem
413 3878 535 3939 litteras
556 3879 646 3938 nobis
668 3879 804 3940 scribitis
825 3881 908 3959 quod
938 3881 977 3940 de
997 3885 1106 3941 nostra
1126 3880 1324 3959 proteccione
1351 3879 1498 3940 fiduciam

261 3986 371 4064 geritis
409 3984 586 4064 specialem,
623 3984 704 4046 sicut
737 3990 771 4046 et
805 4005 913 4046 revera
948 3985 981 4045 in
1017 3985 1163 4047 omnibus
1197 4006 1259 4065 que
1289 3986 1329 4045 ad
1358 3990 1498 4046 vestrum

264 4092 418 4152 solacium
440 4097 472 4151 et
494 4091 695 4151 commodum
716 4097 749 4152 et
780 4092 932 4152 honorem
959 4111 1086 4171 vergere
1108 4091 1290 4162 dinoscitur,
1311 4095 1344 4152 et
1363 4110 1419 4171 per
1440 4110 1498 4151 nos

262 4195 329 4257 fieri
365 4201 517 4275 poterunt
552 4199 606 4256 aut
641 4197 738 4257 etiam
772 4197 941 4277 procurari,
971 4202 1077 4258 vestra
1106 4197 1185 4258 fides
1213 4170 1342 4276 experta
1375 4215 1499 4276 semper

262 4303 416 4364 efficietur
436 4307 469 4362 et
490 4307 560 4362 tuta
581 4303 622 4362 ad
642 4307 747 4363 motus
768 4303 866 4365 vestri
896 4302 1013 4364 turbati
1042 4303 1139 4362 animi
1164 4302 1335 4363 leniendos.
1391 4302 1435 4361 Et
1462 4307 1500 4362 ut

262 4415 366 4470 vestm
399 4407 574 4469 turbacioni
609 4409 758 4470 succedat
791 4409 969 4470 consolacio
1003 4428 1065 4488 quo
1106 4409 1147 4468 ad
1177 4407 1231 4468 illa
1260 4407 1418 4478 mandata,
1458 4407 1498 4468 de

263 4513 378 4592 quibus
407 4512 441 4571 in
473 4511 543 4572 istis
574 4513 687 4574 vestris
721 4513 835 4575 litteris
864 4514 986 4575 mencio
1020 4513 1057 4573 fit
1091 4533 1246 4592 expressa,
1269 4533 1401 4593 quorum
1432 4514 1497 4592 jam

263 4617 485 4679 certificatoria
516 4619 700 4698 recepimus,
733 4620 874 4680 ulteriori
904 4619 1065 4699 processui
1085 4619 1229 4680 faciendo
1253 4619 1496 4697 supersedimus,

264 4723 506 4802 supersedemus
541 4727 574 4782 et
609 4724 882 4804 supersedebimus
916 4724 956 4785 ob
991 4724 1087 4786 vestri
1118 4725 1255 4803 graciam
1286 4728 1318 4785 et
1359 4744 1498 4786 amorem

263 4847 490 4908 usquequaque
529 4847 625 4908 super
658 4829 736 4908 ipsis
771 4835 803 4891 et
832 4831 900 4891 aliis
935 4831 1019 4890 inter
1052 4850 1111 4892 nos
1142 4831 1300 4909 reciproce
1332 4829 1498 4891 destinatis

263 4935 428 5014 contingat
458 4953 517 4995 nos
548 4935 666 5015 pertrui
695 4937 815 4999 mutuis
835 4937 990 5016 colloquio
1018 4942 1050 4998 et
1077 4942 1216 5016 aspectu.
1271 4935 1368 4998 Vobis
1388 4936 1500 5015 utique

266 5045 411 5102 constare
431 5039 579 5101 volumus
593 5041 678 5122 quod
698 5047 772 5104 ante
790 5048 928 5104 vestram
949 5042 1185 5105 intimacionem
1212 5043 1303 5104 nobis
1323 5063 1387 5103 non
1408 5041 1496 5103 inno·

268 5145 328 5206 tuit
349 5145 434 5226 quod
448 5145 500 5206 ille
523 5145 561 5206 G.
583 5131 780 5209 contraxerat
793 5147 960 5228 bigamiam
983 5148 1032 5208 vel
1045 5148 1136 5210 alteri
1156 5148 1301 5228 conjugio
1321 5147 1498 5209 reddiderat
