<?xml version="1.0" encoding="UTF-8"?>
<!DOCTYPE html PUBLIC "-//W3C//DTD XHTML 1.0 Transitional//EN"
    "http://www.w3.org/TR/xhtml1/DTD/xhtml1-transitional.dtd">
<html xmlns="http://www.w3.org/1999/xhtml" xml:lang="en" lang="en">
 <head>
  <title>
</title>
<meta http-equiv="Content-Type" content="text/html;charset=utf-8" />
  <meta name='ocr-system' content='tesseract 3.04.00' />
  <meta name='ocr-capabilities' content='ocr_page ocr_carea ocr_par ocr_line ocrx_word'/>
</head>
<body>
  <div class='ocr_page' id='page_1' title='image "./registrumadedeo00banngoog_0069.png"; bbox 0 0 3850 5917; ppageno 0'>
   <div class='ocr_carea' id='block_1_1' title="bbox 379 682 1240 761">
    <p class='ocr_par' dir='ltr' id='par_1_1' title="bbox 379 682 1240 761">
     <span class='ocr_line' id='line_1_1' title="bbox 379 682 1240 761; baseline 0 -18"><span class='ocrx_word' id='word_1_1' title='bbox 379 686 398 743; x_wconf 87' lang='grc'>4</span> <span class='ocrx_word' id='word_1_2' title='bbox 751 682 931 761; x_wconf 72' lang='lat' dir='ltr'><strong>Registrron</strong></span> <span class='ocrx_word' id='word_1_3' title='bbox 957 682 1023 743; x_wconf 78' lang='lat' dir='ltr'><strong>Ado</strong></span> <span class='ocrx_word' id='word_1_4' title='bbox 1049 682 1087 743; x_wconf 84' lang='lat' dir='ltr'><strong>de</strong></span> <span class='ocrx_word' id='word_1_5' title='bbox 1116 682 1240 743; x_wconf 81' lang='lat' dir='ltr'><strong>Orleion</strong></span> 
     </span>
    </p>
   </div>
   <div class='ocr_carea' id='block_1_2' title="bbox 206 906 1614 1829">
    <p class='ocr_par' dir='ltr' id='par_1_2' title="bbox 206 906 1614 1829">
     <span class='ocr_line' id='line_1_2' title="bbox 206 906 1613 989; baseline 0.002 -22"><span class='ocrx_word' id='word_1_6' title='bbox 206 914 264 955; x_wconf 74' lang='grc' dir='ltr'>Α-ῠ·</span> <span class='ocrx_word' id='word_1_7' title='bbox 279 915 335 954; x_wconf 70' lang='grc'>1317·</span> <span class='ocrx_word' id='word_1_8' title='bbox 377 908 519 969; x_wconf 85' lang='lat' dir='ltr'><strong>inclinati</strong></span> <span class='ocrx_word' id='word_1_9' title='bbox 537 912 574 969; x_wconf 91' lang='lat' dir='ltr'><strong>ut</strong></span> <span class='ocrx_word' id='word_1_10' title='bbox 593 928 611 969; x_wconf 88' lang='lat' dir='ltr'><strong>a</strong></span> <span class='ocrx_word' id='word_1_11' title='bbox 628 926 815 989; x_wconf 90' lang='lat' dir='ltr'><strong>quocunque</strong></span> <span class='ocrx_word' id='word_1_12' title='bbox 834 906 994 986; x_wconf 75' lang='lat' dir='ltr'>Episcopo</span> <span class='ocrx_word' id='word_1_13' title='bbox 1012 906 1168 967; x_wconf 83' lang='lat' dir='ltr'><strong>catholico</strong></span> <span class='ocrx_word' id='word_1_14' title='bbox 1184 906 1321 986; x_wconf 87' lang='lat' dir='ltr'><strong>graciam</strong></span> <span class='ocrx_word' id='word_1_15' title='bbox 1338 907 1423 969; x_wconf 88' lang='lat' dir='ltr'><strong>sedis</strong></span> <span class='ocrx_word' id='word_1_16' title='bbox 1440 907 1613 987; x_wconf 84' lang='lat' dir='ltr'><strong>apostolice</strong></span> 
     </span>
     <span class='ocr_line' id='line_1_3' title="bbox 376 1010 1614 1093; baseline 0.002 -20"><span class='ocrx_word' id='word_1_17' title='bbox 376 1015 409 1073; x_wconf 90' lang='lat' dir='ltr'><strong>et</strong></span> <span class='ocrx_word' id='word_1_18' title='bbox 430 1011 479 1073; x_wconf 91' lang='lat' dir='ltr'><strong>sui</strong></span> <span class='ocrx_word' id='word_1_19' title='bbox 500 1011 717 1073; x_wconf 88' lang='lat' dir='ltr'><strong>execucionem</strong></span> <span class='ocrx_word' id='word_1_20' title='bbox 738 1010 831 1072; x_wconf 90' lang='lat' dir='ltr'><strong>officii</strong></span> <span class='ocrx_word' id='word_1_21' title='bbox 847 1011 1020 1083; x_wconf 85' lang='lat' dir='ltr'><strong>obtinente,</strong></span> <span class='ocrx_word' id='word_1_22' title='bbox 1037 1011 1157 1093; x_wconf 91' lang='lat' dir='ltr'><strong>tibique</strong></span> <span class='ocrx_word' id='word_1_23' title='bbox 1174 1012 1301 1074; x_wconf 89' lang='lat' dir='ltr'><strong>volente</strong></span> <span class='ocrx_word' id='word_1_24' title='bbox 1316 1011 1479 1093; x_wconf 82' lang='lat' dir='ltr'><strong>imponere</strong></span> <span class='ocrx_word' id='word_1_25' title='bbox 1498 1032 1614 1075; x_wconf 85' lang='lat' dir='ltr'><strong>manus</strong></span> 
     </span>
     <span class='ocr_line' id='line_1_4' title="bbox 376 1116 1612 1198; baseline 0.001 -19"><span class='ocrx_word' id='word_1_26' title='bbox 376 1136 490 1189; x_wconf 83' lang='lat' dir='ltr'><strong>sacras,</strong></span> <span class='ocrx_word' id='word_1_27' title='bbox 520 1117 559 1177; x_wconf 87' lang='lat' dir='ltr'><strong>ad</strong></span> <span class='ocrx_word' id='word_1_28' title='bbox 586 1117 721 1198; x_wconf 90' lang='lat' dir='ltr'><strong>primam</strong></span> <span class='ocrx_word' id='word_1_29' title='bbox 753 1122 917 1178; x_wconf 89' lang='lat' dir='ltr'><strong>tonsuram</strong></span> <span class='ocrx_word' id='word_1_30' title='bbox 941 1116 1118 1178; x_wconf 70' lang='lat' dir='ltr'><strong>clericalem</strong></span> <span class='ocrx_word' id='word_1_31' title='bbox 1145 1123 1178 1179; x_wconf 92' lang='lat' dir='ltr'><strong>et</strong></span> <span class='ocrx_word' id='word_1_32' title='bbox 1206 1118 1344 1179; x_wconf 90' lang='lat' dir='ltr'><strong>minores</strong></span> <span class='ocrx_word' id='word_1_33' title='bbox 1371 1118 1499 1180; x_wconf 77' lang='lat' dir='ltr'>ordines</span> <span class='ocrx_word' id='word_1_34' title='bbox 1525 1118 1612 1180; x_wconf 77' lang='lat' dir='ltr'><strong>licite</strong></span> 
     </span>
     <span class='ocr_line' id='line_1_5' title="bbox 376 1220 1614 1301; baseline 0 -17"><span class='ocrx_word' id='word_1_35' title='bbox 376 1222 481 1284; x_wconf 80' lang='lat' dir='ltr'><strong>valeas</strong></span> <span class='ocrx_word' id='word_1_36' title='bbox 505 1220 690 1301; x_wconf 89' lang='lat' dir='ltr'><strong>promoveri,</strong></span> <span class='ocrx_word' id='word_1_37' title='bbox 717 1241 754 1282; x_wconf 91' lang='lat' dir='ltr'><strong>eo</strong></span> <span class='ocrx_word' id='word_1_38' title='bbox 775 1241 839 1281; x_wconf 93' lang='lat' dir='ltr'><strong>non</strong></span> <span class='ocrx_word' id='word_1_39' title='bbox 861 1220 1008 1282; x_wconf 88' lang='lat' dir='ltr'><strong>obstante</strong></span> <span class='ocrx_word' id='word_1_40' title='bbox 1029 1222 1112 1301; x_wconf 90' lang='lat' dir='ltr'><strong>quod</strong></span> <span class='ocrx_word' id='word_1_41' title='bbox 1133 1221 1173 1282; x_wconf 94' lang='lat' dir='ltr'><strong>de</strong></span> <span class='ocrx_word' id='word_1_42' title='bbox 1202 1227 1313 1283; x_wconf 86' lang='lat' dir='ltr'><strong>nostra</strong></span> <span class='ocrx_word' id='word_1_43' title='bbox 1331 1222 1474 1301; x_wconf 87' lang='lat' dir='ltr'><strong>predicta</strong></span> <span class='ocrx_word' id='word_1_44' title='bbox 1495 1222 1614 1284; x_wconf 89' lang='lat' dir='ltr'><strong>diocesi</strong></span> 
     </span>
     <span class='ocr_line' id='line_1_6' title="bbox 375 1326 1613 1399; baseline 0 -11"><span class='ocrx_word' id='word_1_45' title='bbox 375 1327 527 1388; x_wconf 88' lang='lat' dir='ltr'><strong>oriundus</strong></span> <span class='ocrx_word' id='word_1_46' title='bbox 558 1326 675 1398; x_wconf 85' lang='lat' dir='ltr'><strong>existis,</strong></span> <span class='ocrx_word' id='word_1_47' title='bbox 707 1326 782 1385; x_wconf 90' lang='lat' dir='ltr'><strong>dum</strong></span> <span class='ocrx_word' id='word_1_48' title='bbox 810 1330 917 1387; x_wconf 88' lang='lat' dir='ltr'><strong>tamen</strong></span> <span class='ocrx_word' id='word_1_49' title='bbox 948 1326 1006 1387; x_wconf 88' lang='lat' dir='ltr'><strong>tibi</strong></span> <span class='ocrx_word' id='word_1_50' title='bbox 1035 1326 1121 1386; x_wconf 84' lang='lat' dir='ltr'><strong>aliud</strong></span> <span class='ocrx_word' id='word_1_51' title='bbox 1151 1326 1338 1388; x_wconf 88' lang='lat' dir='ltr'><strong>canonicum</strong></span> <span class='ocrx_word' id='word_1_52' title='bbox 1373 1347 1437 1388; x_wconf 93' lang='lat' dir='ltr'><strong>non</strong></span> <span class='ocrx_word' id='word_1_53' title='bbox 1466 1326 1613 1399; x_wconf 85' lang='lat' dir='ltr'><strong>obsistat,</strong></span> 
     </span>
     <span class='ocr_line' id='line_1_7' title="bbox 376 1431 1612 1514; baseline 0.002 -22"><span class='ocrx_word' id='word_1_54' title='bbox 376 1432 506 1495; x_wconf 88' lang='lat' dir='ltr'><strong>liberam</strong></span> <span class='ocrx_word' id='word_1_55' title='bbox 537 1433 594 1493; x_wconf 92' lang='lat' dir='ltr'><strong>tibi</strong></span> <span class='ocrx_word' id='word_1_56' title='bbox 623 1438 733 1494; x_wconf 89' lang='lat' dir='ltr'><strong>tenore</strong></span> <span class='ocrx_word' id='word_1_57' title='bbox 756 1432 955 1512; x_wconf 89' lang='lat' dir='ltr'><strong>presencium</strong></span> <span class='ocrx_word' id='word_1_58' title='bbox 973 1432 1175 1494; x_wconf 74' lang='lat' dir='ltr'><strong>concedimus</strong></span> <span class='ocrx_word' id='word_1_59' title='bbox 1206 1431 1399 1495; x_wconf 71' lang='lat' dir='ltr'><strong>facultatem.</strong></span> <span class='ocrx_word' id='word_1_60' title='bbox 1452 1433 1491 1493; x_wconf 91' lang='lat' dir='ltr'><strong>Iu</strong></span> <span class='ocrx_word' id='word_1_61' title='bbox 1519 1432 1612 1514; x_wconf 85' lang='lat' dir='ltr'><strong>cujus</strong></span> 
     </span>
     <span class='ocr_line' id='line_1_8' title="bbox 376 1537 1613 1618; baseline 0.001 -20"><span class='ocrx_word' id='word_1_62' title='bbox 376 1538 421 1599; x_wconf 93' lang='lat' dir='ltr'><strong>rei</strong></span> <span class='ocrx_word' id='word_1_63' title='bbox 441 1538 660 1600; x_wconf 86' lang='lat' dir='ltr'><strong>testimonium</strong></span> <span class='ocrx_word' id='word_1_64' title='bbox 691 1537 749 1598; x_wconf 88' lang='lat' dir='ltr'><strong>has</strong></span> <span class='ocrx_word' id='word_1_65' title='bbox 780 1543 906 1599; x_wconf 85' lang='lat' dir='ltr'><strong>nostras</strong></span> <span class='ocrx_word' id='word_1_66' title='bbox 939 1542 1086 1618; x_wconf 86' lang='lat' dir='ltr'><strong>patentes</strong></span> <span class='ocrx_word' id='word_1_67' title='bbox 1113 1537 1237 1599; x_wconf 88' lang='lat' dir='ltr'><strong>litteras</strong></span> <span class='ocrx_word' id='word_1_68' title='bbox 1264 1538 1321 1599; x_wconf 90' lang='lat' dir='ltr'><strong>tibi</strong></span> <span class='ocrx_word' id='word_1_69' title='bbox 1349 1539 1471 1610; x_wconf 87' lang='lat' dir='ltr'><strong>damus,</strong></span> <span class='ocrx_word' id='word_1_70' title='bbox 1502 1543 1613 1600; x_wconf 87' lang='lat' dir='ltr'><strong>nostro</strong></span> 
     </span>
     <span class='ocr_line' id='line_1_9' title="bbox 376 1642 1611 1724; baseline -0.002 -18"><span class='ocrx_word' id='word_1_71' title='bbox 376 1644 478 1724; x_wconf 90' lang='lat' dir='ltr'><strong>sigillo</strong></span> <span class='ocrx_word' id='word_1_72' title='bbox 507 1643 656 1705; x_wconf 89' lang='lat' dir='ltr'><strong>munitas.</strong></span> <span class='ocrx_word' id='word_1_73' title='bbox 712 1644 832 1704; x_wconf 88' lang='lat' dir='ltr'><strong>Datum</strong></span> <span class='ocrx_word' id='word_1_74' title='bbox 860 1642 944 1722; x_wconf 90' lang='lat' dir='ltr'><strong>apud</strong></span> <span class='ocrx_word' id='word_1_75' title='bbox 967 1643 1119 1722; x_wconf 86' lang='lat' dir='ltr'><strong>Yueneye</strong></span> <span class='ocrx_word' id='word_1_76' title='bbox 1141 1643 1231 1723; x_wconf 81' lang='lat' dir='ltr'><strong>juxta</strong></span> <span class='ocrx_word' id='word_1_77' title='bbox 1255 1643 1446 1715; x_wconf 80' lang='lat' dir='ltr'><strong>Londonias‚</strong></span> <span class='ocrx_word' id='word_1_78' title='bbox 1468 1644 1510 1724; x_wconf 85' lang='lat' dir='ltr'><strong>vij</strong></span> <span class='ocrx_word' id='word_1_79' title='bbox 1533 1643 1611 1704; x_wconf 89' lang='lat' dir='ltr'><strong>Idus</strong></span> 
     </span>
     <span class='ocr_line' id='line_1_10' title="bbox 375 1747 1549 1829; baseline -0.002 -17"><span class='ocrx_word' id='word_1_80' title='bbox 375 1748 467 1821; x_wconf 51' lang='lat' dir='ltr'><strong>Julii,¹</strong></span> <span class='ocrx_word' id='word_1_81' title='bbox 485 1770 568 1810; x_wconf 91' lang='lat' dir='ltr'><strong>anno</strong></span> <span class='ocrx_word' id='word_1_82' title='bbox 590 1749 719 1811; x_wconf 90' lang='lat' dir='ltr'><strong>Domini</strong></span> <span class='ocrx_word' id='word_1_83' title='bbox 740 1747 964 1829; x_wconf 64' lang='lat' dir='ltr'><strong>M0000⁰xvija</strong></span> <span class='ocrx_word' id='word_1_84' title='bbox 985 1753 1018 1811; x_wconf 91' lang='lat' dir='ltr'><strong>et</strong></span> <span class='ocrx_word' id='word_1_85' title='bbox 1038 1748 1287 1810; x_wconf 74' lang='lat' dir='ltr'><strong>consecracionis</strong></span> <span class='ocrx_word' id='word_1_86' title='bbox 1307 1754 1416 1809; x_wconf 84' lang='lat' dir='ltr'><strong>nostre</strong></span> <span class='ocrx_word' id='word_1_87' title='bbox 1436 1749 1549 1829; x_wconf 90' lang='lat' dir='ltr'><strong>primo.</strong></span> 
     </span>
    </p>
   </div>
   <div class='ocr_carea' id='block_1_3' title="bbox 377 2042 1614 2285">
    <p class='ocr_par' dir='ltr' id='par_1_3' title="bbox 377 2042 1614 2285">
     <span class='ocr_line' id='line_1_11' title="bbox 377 2042 1612 2136; baseline -0.003 -29"><span class='ocrx_word' id='word_1_88' title='bbox 377 2044 458 2107; x_wconf 77' lang='lat' dir='ltr'><strong>Jmcc</strong></span> <span class='ocrx_word' id='word_1_89' title='bbox 486 2043 782 2106; x_wconf 76' lang='lat' dir='ltr'><strong>20.-Gocanira&#39;on</strong></span> <span class='ocrx_word' id='word_1_90' title='bbox 827 2064 892 2135; x_wconf 65' lang='lat' dir='ltr'><strong>roca</strong></span> <span class='ocrx_word' id='word_1_91' title='bbox 926 2044 976 2105; x_wconf 78' lang='lat' dir='ltr'><strong>ihc</strong></span> <span class='ocrx_word' id='word_1_92' title='bbox 1009 2042 1201 2136; x_wconf 63' lang='lat' dir='ltr'><strong>drobbirbop</strong></span> <span class='ocrx_word' id='word_1_93' title='bbox 1234 2043 1341 2123; x_wconf 79' lang='lat' dir='ltr'><strong>(while</strong></span> <span class='ocrx_word' id='word_1_94' title='bbox 1375 2042 1425 2104; x_wconf 78' lang='lat' dir='ltr'><strong>the</strong></span> <span class='ocrx_word' id='word_1_95' title='bbox 1459 2042 1515 2104; x_wconf 72' lang='lat' dir='ltr'><strong>Sa</strong></span> <span class='ocrx_word' id='word_1_96' title='bbox 1547 2061 1612 2133; x_wconf 62' lang='lat' dir='ltr'><strong>aar</strong></span> 
     </span>
     <span class='ocr_line' id='line_1_12' title="bbox 497 2124 1614 2285; baseline -0.002 -17"><span class='ocrx_word' id='word_1_97' title='bbox 497 2125 776 2285; x_wconf 45' lang='lat' dir='ltr'><strong>illitati&amp;</strong></span> <span class='ocrx_word' id='word_1_98' title='bbox 797 2125 982 2285; x_wconf 55' lang='lat' dir='ltr'><strong>smair</strong></span> <span class='ocrx_word' id='word_1_99' title='bbox 1002 2131 1220 2267; x_wconf 53' lang='lat' dir='ltr'><strong>iiim?</strong></span> <span class='ocrx_word' id='word_1_100' title='bbox 1252 2124 1302 2186; x_wconf 45' lang='grc' dir='ltr'><strong>’Μ</strong></span> <span class='ocrx_word' id='word_1_101' title='bbox 1331 2124 1456 2203; x_wconf 61' lang='lat'><strong>⁶²¹⁶⁷⁹⁶⁸</strong></span> <span class='ocrx_word' id='word_1_102' title='bbox 1486 2129 1614 2202; x_wconf 54' lang='lat' dir='ltr'><strong>“im</strong></span> 
     </span>
    </p>
   </div>
   <div class='ocr_carea' id='block_1_4' title="bbox 370 2376 1614 3299">
    <p class='ocr_par' dir='ltr' id='par_1_4' title="bbox 370 2376 1614 3299">
     <span class='ocr_line' id='line_1_13' title="bbox 457 2376 1611 2438; baseline -0.004 0"><span class='ocrx_word' id='word_1_103' title='bbox 457 2376 639 2438; x_wconf 83' lang='lat' dir='ltr'><strong>Goun1ss1o</strong></span> <span class='ocrx_word' id='word_1_104' title='bbox 667 2391 729 2435; x_wconf 78' lang='lat' dir='ltr'><strong>rso</strong></span> <span class='ocrx_word' id='word_1_105' title='bbox 760 2391 908 2434; x_wconf 74' lang='lat' dir='ltr'><strong>onumors</strong></span> <span class='ocrx_word' id='word_1_106' title='bbox 945 2391 1144 2434; x_wconf 75' lang='lat' dir='ltr'><strong>nmuumnis</strong></span> <span class='ocrx_word' id='word_1_107' title='bbox 1174 2391 1248 2433; x_wconf 80' lang='lat' dir='ltr'><strong>srva</strong></span> <span class='ocrx_word' id='word_1_108' title='bbox 1267 2390 1453 2435; x_wconf 78' lang='lat' dir='ltr'><strong>runommrs</strong></span> <span class='ocrx_word' id='word_1_109' title='bbox 1480 2390 1515 2433; x_wconf 79' lang='lat' dir='ltr'><strong>ru</strong></span> <span class='ocrx_word' id='word_1_110' title='bbox 1536 2390 1611 2434; x_wconf 80' lang='lat' dir='ltr'><strong>osu-</strong></span> 
     </span>
     <span class='ocr_line' id='line_1_14' title="bbox 374 2478 1614 2558; baseline -0.002 -16"><span class='ocrx_word' id='word_1_111' title='bbox 374 2498 459 2543; x_wconf 79' lang='lat' dir='ltr'><strong>cusu</strong></span> <span class='ocrx_word' id='word_1_112' title='bbox 479 2498 598 2541; x_wconf 84' lang='lat' dir='ltr'><strong>nouuu</strong></span> <span class='ocrx_word' id='word_1_113' title='bbox 619 2480 775 2540; x_wconf 80' lang='lat' dir='ltr'><strong>Erssooru</strong></span> <span class='ocrx_word' id='word_1_114' title='bbox 799 2478 1249 2541; x_wconf 81' lang='lat' dir='ltr'><strong>urrsruursnus.-Wslterns</strong></span> <span class='ocrx_word' id='word_1_115' title='bbox 1277 2478 1484 2558; x_wconf 86' lang='lat' dir='ltr'><strong>permissione</strong></span> <span class='ocrx_word' id='word_1_116' title='bbox 1505 2478 1614 2540; x_wconf 84' lang='lat' dir='ltr'><strong>divina</strong></span> 
     </span>
     <span class='ocr_line' id='line_1_15' title="bbox 376 2583 1613 2665; baseline -0.002 -16"><span class='ocrx_word' id='word_1_117' title='bbox 376 2586 612 2649; x_wconf 82' lang='lat' dir='ltr'><strong>Gantuariensis</strong></span> <span class='ocrx_word' id='word_1_118' title='bbox 648 2585 919 2665; x_wconf 72' lang='lat' dir='ltr'><strong>archiepiscopus,</strong></span> <span class='ocrx_word' id='word_1_119' title='bbox 956 2583 1055 2646; x_wconf 87' lang='lat' dir='ltr'><strong>totius</strong></span> <span class='ocrx_word' id='word_1_120' title='bbox 1090 2584 1201 2665; x_wconf 85' lang='lat' dir='ltr'><strong>Anglie</strong></span> <span class='ocrx_word' id='word_1_121' title='bbox 1234 2585 1362 2664; x_wconf 86' lang='lat' dir='ltr'><strong>primas,</strong></span> <span class='ocrx_word' id='word_1_122' title='bbox 1397 2584 1512 2646; x_wconf 86' lang='lat' dir='ltr'><strong>dilecto</strong></span> <span class='ocrx_word' id='word_1_123' title='bbox 1546 2584 1613 2646; x_wconf 86' lang='lat' dir='ltr'><strong>filio</strong></span> 
     </span>
     <span class='ocr_line' id='line_1_16' title="bbox 373 2690 1613 2771; baseline -0.001 -17"><span class='ocrx_word' id='word_1_124' title='bbox 373 2693 498 2755; x_wconf 88' lang='lat' dir='ltr'><strong>officiali</strong></span> <span class='ocrx_word' id='word_1_125' title='bbox 533 2698 642 2755; x_wconf 88' lang='lat' dir='ltr'><strong>nostro</strong></span> <span class='ocrx_word' id='word_1_126' title='bbox 675 2690 909 2763; x_wconf 85' lang='lat' dir='ltr'><strong>Hereiordensi‚</strong></span> <span class='ocrx_word' id='word_1_127' title='bbox 938 2691 1013 2752; x_wconf 89' lang='lat' dir='ltr'><strong>sede</strong></span> <span class='ocrx_word' id='word_1_128' title='bbox 1045 2696 1188 2764; x_wconf 85' lang='lat' dir='ltr'><strong>vacante,</strong></span> <span class='ocrx_word' id='word_1_129' title='bbox 1219 2690 1365 2763; x_wconf 87' lang='lat' dir='ltr'><strong>salutem,</strong></span> <span class='ocrx_word' id='word_1_130' title='bbox 1395 2690 1542 2771; x_wconf 86' lang='lat' dir='ltr'><strong>graciam,</strong></span> <span class='ocrx_word' id='word_1_131' title='bbox 1578 2696 1613 2753; x_wconf 88' lang='lat' dir='ltr'><strong>st</strong></span> 
     </span>
     <span class='ocr_line' id='line_1_17' title="bbox 373 2796 1611 2877; baseline 0 -18"><span class='ocrx_word' id='word_1_132' title='bbox 373 2797 635 2859; x_wconf 90' lang='lat' dir='ltr'><strong>benediccionem.</strong></span> <span class='ocrx_word' id='word_1_133' title='bbox 689 2796 737 2857; x_wconf 85' lang='lat' dir='ltr'><strong>Ex</strong></span> <span class='ocrx_word' id='word_1_134' title='bbox 764 2800 855 2876; x_wconf 89' lang='lat' dir='ltr'><strong>parte</strong></span> <span class='ocrx_word' id='word_1_135' title='bbox 876 2796 1006 2857; x_wconf 87' lang='lat' dir='ltr'><strong>Roberti</strong></span> <span class='ocrx_word' id='word_1_136' title='bbox 1026 2796 1066 2857; x_wconf 91' lang='lat' dir='ltr'><strong>de</strong></span> <span class='ocrx_word' id='word_1_137' title='bbox 1094 2796 1184 2875; x_wconf 70' lang='lat' dir='ltr'><strong>Iiucy</strong></span> <span class='ocrx_word' id='word_1_138' title='bbox 1203 2802 1237 2858; x_wconf 91' lang='lat' dir='ltr'><strong>et</strong></span> <span class='ocrx_word' id='word_1_139' title='bbox 1267 2796 1382 2877; x_wconf 88' lang='lat' dir='ltr'><strong>Rogeri</strong></span> <span class='ocrx_word' id='word_1_140' title='bbox 1402 2797 1442 2857; x_wconf 92' lang='lat' dir='ltr'><strong>de</strong></span> <span class='ocrx_word' id='word_1_141' title='bbox 1461 2796 1493 2858; x_wconf 91' lang='lat' dir='ltr'><strong>la</strong></span> <span class='ocrx_word' id='word_1_142' title='bbox 1514 2796 1611 2859; x_wconf 82' lang='lat' dir='ltr'><strong>Felde</strong></span> 
     </span>
     <span class='ocr_line' id='line_1_18' title="bbox 372 2901 1610 2983; baseline 0 -18"><span class='ocrx_word' id='word_1_143' title='bbox 372 2904 464 2966; x_wconf 92' lang='lat' dir='ltr'><strong>nobis</strong></span> <span class='ocrx_word' id='word_1_144' title='bbox 485 2903 590 2965; x_wconf 87' lang='lat' dir='ltr'><strong>extitit</strong></span> <span class='ocrx_word' id='word_1_145' title='bbox 620 2902 802 2963; x_wconf 90' lang='lat' dir='ltr'><strong>intimatum</strong></span> <span class='ocrx_word' id='word_1_146' title='bbox 823 2901 1003 2982; x_wconf 87' lang='lat' dir='ltr'><strong>quodlicet</strong></span> <span class='ocrx_word' id='word_1_147' title='bbox 1032 2901 1093 2981; x_wconf 89' lang='lat' dir='ltr'><strong>ipsi</strong></span> <span class='ocrx_word' id='word_1_148' title='bbox 1124 2922 1182 2981; x_wconf 89' lang='lat' dir='ltr'><strong>pro</strong></span> <span class='ocrx_word' id='word_1_149' title='bbox 1206 2901 1394 2983; x_wconf 80' lang='lat' dir='ltr'><strong>quibusdem</strong></span> <span class='ocrx_word' id='word_1_150' title='bbox 1425 2902 1610 2965; x_wconf 90' lang='lat' dir='ltr'><strong>criminibus</strong></span> 
     </span>
     <span class='ocr_line' id='line_1_19' title="bbox 371 3007 1611 3089; baseline -0.001 -17"><span class='ocrx_word' id='word_1_151' title='bbox 371 3009 431 3072; x_wconf 89' lang='lat' dir='ltr'><strong>sibi</strong></span> <span class='ocrx_word' id='word_1_152' title='bbox 452 3009 533 3070; x_wconf 87' lang='lat' dir='ltr'><strong>lalso</strong></span> <span class='ocrx_word' id='word_1_153' title='bbox 551 3007 708 3088; x_wconf 78' lang='lat' dir='ltr'><strong>impositis</strong></span> <span class='ocrx_word' id='word_1_154' title='bbox 730 3008 768 3069; x_wconf 90' lang='lat' dir='ltr'><strong>de</strong></span> <span class='ocrx_word' id='word_1_155' title='bbox 782 3008 866 3069; x_wconf 87' lang='lat' dir='ltr'><strong>lacto</strong></span> <span class='ocrx_word' id='word_1_156' title='bbox 886 3008 1024 3069; x_wconf 86' lang='lat' dir='ltr'><strong>convicti</strong></span> <span class='ocrx_word' id='word_1_157' title='bbox 1038 3008 1209 3070; x_wconf 85' lang='lat' dir='ltr'><strong>extiterant</strong></span> <span class='ocrx_word' id='word_1_158' title='bbox 1222 3029 1279 3088; x_wconf 89' lang='lat' dir='ltr'><strong>per</strong></span> <span class='ocrx_word' id='word_1_159' title='bbox 1297 3008 1450 3089; x_wconf 88' lang='lat' dir='ltr'><strong>judicium</strong></span> <span class='ocrx_word' id='word_1_160' title='bbox 1469 3008 1611 3071; x_wconf 87' lang='lat' dir='ltr'><strong>seculare</strong></span> 
     </span>
     <span class='ocr_line' id='line_1_20' title="bbox 370 3112 1610 3195; baseline 0.002 -19"><span class='ocrx_word' id='word_1_161' title='bbox 370 3120 404 3177; x_wconf 87' lang='lat' dir='ltr'><strong>et</strong></span> <span class='ocrx_word' id='word_1_162' title='bbox 424 3114 495 3175; x_wconf 90' lang='lat' dir='ltr'><strong>ideo</strong></span> <span class='ocrx_word' id='word_1_163' title='bbox 515 3113 662 3174; x_wconf 88' lang='lat' dir='ltr'><strong>carcerali</strong></span> <span class='ocrx_word' id='word_1_164' title='bbox 684 3113 826 3175; x_wconf 86' lang='lat' dir='ltr'><strong>custodie</strong></span> <span class='ocrx_word' id='word_1_165' title='bbox 847 3112 928 3175; x_wconf 91' lang='lat' dir='ltr'><strong>bone</strong></span> <span class='ocrx_word' id='word_1_166' title='bbox 949 3113 1100 3176; x_wconf 91' lang='lat' dir='ltr'><strong>memorie</strong></span> <span class='ocrx_word' id='word_1_167' title='bbox 1130 3114 1168 3174; x_wconf 88' lang='grc' dir='ltr'><strong>Β.</strong></span> <span class='ocrx_word' id='word_1_168' title='bbox 1193 3113 1299 3175; x_wconf 89' lang='lat' dir='ltr'><strong>ultimi</strong></span> <span class='ocrx_word' id='word_1_169' title='bbox 1329 3114 1480 3195; x_wconf 83' lang='lat' dir='ltr'><strong>Episcopi</strong></span> <span class='ocrx_word' id='word_1_170' title='bbox 1508 3115 1610 3178; x_wconf 88' lang='lat' dir='ltr'><strong>Here-</strong></span> 
     </span>
     <span class='ocr_line' id='line_1_21' title="bbox 371 3217 1608 3299; baseline 0.002 -18"><span class='ocrx_word' id='word_1_171' title='bbox 371 3220 526 3283; x_wconf 87' lang='lat' dir='ltr'><strong>lordcnsis</strong></span> <span class='ocrx_word' id='word_1_172' title='bbox 547 3218 688 3281; x_wconf 86' lang='lat' dir='ltr'><strong>defuncti</strong></span> <span class='ocrx_word' id='word_1_173' title='bbox 708 3219 797 3299; x_wconf 86' lang='lat' dir='ltr'><strong>juxta</strong></span> <span class='ocrx_word' id='word_1_174' title='bbox 824 3217 1009 3280; x_wconf 86' lang='lat' dir='ltr'><strong>facultatem</strong></span> <span class='ocrx_word' id='word_1_175' title='bbox 1032 3218 1187 3282; x_wconf 75' lang='lat' dir='ltr'><strong>libertatis</strong></span> <span class='ocrx_word' id='word_1_176' title='bbox 1228 3219 1440 3283; x_wconf 84' lang='lat' dir='ltr'><strong>ecclesiastice</strong></span> <span class='ocrx_word' id='word_1_177' title='bbox 1474 3220 1608 3294; x_wconf 85' lang='lat' dir='ltr'><strong>liberati,</strong></span> 
     </span>
    </p>
   </div>
   <div class='ocr_carea' id='block_1_5' title="bbox 369 3323 1610 3829">
    <p class='ocr_par' dir='ltr' id='par_1_5' title="bbox 369 3323 1610 3829">
     <span class='ocr_line' id='line_1_22' title="bbox 371 3323 1608 3407; baseline 0.001 -20"><span class='ocrx_word' id='word_1_178' title='bbox 371 3327 488 3407; x_wconf 89' lang='lat' dir='ltr'><strong>inqua</strong></span> <span class='ocrx_word' id='word_1_179' title='bbox 511 3325 613 3386; x_wconf 90' lang='lat' dir='ltr'><strong>adhuc</strong></span> <span class='ocrx_word' id='word_1_180' title='bbox 634 3325 824 3397; x_wconf 82' lang='lat' dir='ltr'><strong>detinentur,</strong></span> <span class='ocrx_word' id='word_1_181' title='bbox 847 3329 955 3387; x_wconf 89' lang='lat' dir='ltr'><strong>tamen</strong></span> <span class='ocrx_word' id='word_1_182' title='bbox 976 3324 1158 3404; x_wconf 83' lang='lat' dir='ltr'><strong>hujusmodi</strong></span> <span class='ocrx_word' id='word_1_183' title='bbox 1178 3323 1320 3397; x_wconf 87' lang='lat' dir='ltr'><strong>crimina,</strong></span> <span class='ocrx_word' id='word_1_184' title='bbox 1340 3330 1377 3387; x_wconf 94' lang='lat' dir='ltr'><strong>ut</strong></span> <span class='ocrx_word' id='word_1_185' title='bbox 1401 3327 1608 3406; x_wconf 82' lang='lat' dir='ltr'><strong>pretenditur,</strong></span> 
     </span>
     <span class='ocr_line' id='line_1_23' title="bbox 369 3430 1609 3510; baseline 0.002 -18"><span class='ocrx_word' id='word_1_186' title='bbox 369 3431 553 3493; x_wconf 87' lang='lat' dir='ltr'><strong>nullatenus</strong></span> <span class='ocrx_word' id='word_1_187' title='bbox 581 3434 822 3510; x_wconf 87' lang='lat' dir='ltr'><strong>perpetrarunt:</strong></span> <span class='ocrx_word' id='word_1_188' title='bbox 857 3430 1092 3510; x_wconf 87' lang='lat' dir='ltr'><strong>propterquod</strong></span> <span class='ocrx_word' id='word_1_189' title='bbox 1121 3450 1160 3492; x_wconf 88' lang='lat' dir='ltr'><strong>ex</strong></span> <span class='ocrx_word' id='word_1_190' title='bbox 1189 3434 1279 3509; x_wconf 87' lang='lat' dir='ltr'><strong>parte</strong></span> <span class='ocrx_word' id='word_1_191' title='bbox 1313 3432 1485 3493; x_wconf 88' lang='lat' dir='ltr'><strong>aomndem</strong></span> <span class='ocrx_word' id='word_1_192' title='bbox 1517 3432 1609 3495; x_wconf 89' lang='lat' dir='ltr'><strong>nobis</strong></span> 
     </span>
     <span class='ocr_line' id='line_1_24' title="bbox 370 3535 1610 3616; baseline -0.002 -17"><span class='ocrx_word' id='word_1_193' title='bbox 370 3537 476 3599; x_wconf 87' lang='lat' dir='ltr'><strong>extitit</strong></span> <span class='ocrx_word' id='word_1_194' title='bbox 504 3535 716 3615; x_wconf 77' lang='lat' dir='ltr'><strong>supplicatum</strong></span> <span class='ocrx_word' id='word_1_195' title='bbox 743 3540 780 3595; x_wconf 87' lang='lat' dir='ltr'><strong>ut</strong></span> <span class='ocrx_word' id='word_1_196' title='bbox 804 3536 844 3595; x_wconf 84' lang='lat' dir='ltr'><strong>cd</strong></span> <span class='ocrx_word' id='word_1_197' title='bbox 874 3535 1077 3597; x_wconf 91' lang='lat' dir='ltr'><strong>indicendum</strong></span> <span class='ocrx_word' id='word_1_198' title='bbox 1108 3535 1186 3615; x_wconf 88' lang='lat' dir='ltr'><strong>ipsis</strong></span> <span class='ocrx_word' id='word_1_199' title='bbox 1216 3541 1346 3616; x_wconf 90' lang='lat' dir='ltr'><strong>propter</strong></span> <span class='ocrx_word' id='word_1_200' title='bbox 1375 3538 1610 3599; x_wconf 81' lang='lat' dir='ltr'><strong>conviccionem</strong></span> 
     </span>
     <span class='ocr_line' id='line_1_25' title="bbox 370 3640 1608 3723; baseline 0.002 -21"><span class='ocrx_word' id='word_1_201' title='bbox 370 3642 545 3723; x_wconf 84' lang='lat' dir='ltr'><strong>predictam</strong></span> <span class='ocrx_word' id='word_1_202' title='bbox 567 3642 606 3703; x_wconf 85' lang='lat' dir='ltr'><strong>de</strong></span> <span class='ocrx_word' id='word_1_203' title='bbox 622 3640 771 3722; x_wconf 86' lang='lat' dir='ltr'><strong>predictis</strong></span> <span class='ocrx_word' id='word_1_204' title='bbox 791 3640 975 3703; x_wconf 88' lang='lat' dir='ltr'><strong>criminibus</strong></span> <span class='ocrx_word' id='word_1_205' title='bbox 995 3641 1167 3703; x_wconf 82' lang='lat' dir='ltr'><strong>diffamatis</strong></span> <span class='ocrx_word' id='word_1_206' title='bbox 1187 3641 1410 3721; x_wconf 84' lang='lat' dir='ltr'><strong>purgacionem</strong></span> <span class='ocrx_word' id='word_1_207' title='bbox 1423 3643 1608 3704; x_wconf 82' lang='lat' dir='ltr'><strong>canonicam</strong></span> 
     </span>
     <span class='ocr_line' id='line_1_26' title="bbox 371 3746 1609 3829; baseline 0.002 -19"><span class='ocrx_word' id='word_1_208' title='bbox 371 3768 466 3829; x_wconf 88' lang='lat' dir='ltr'><strong>quam</strong></span> <span class='ocrx_word' id='word_1_209' title='bbox 488 3768 522 3809; x_wconf 88' lang='lat' dir='ltr'><strong>se</strong></span> <span class='ocrx_word' id='word_1_210' title='bbox 542 3752 683 3827; x_wconf 85' lang='lat' dir='ltr'><strong>prestare</strong></span> <span class='ocrx_word' id='word_1_211' title='bbox 703 3766 797 3827; x_wconf 87' lang='lat' dir='ltr'><strong>posse</strong></span> <span class='ocrx_word' id='word_1_212' title='bbox 824 3747 976 3808; x_wconf 88' lang='lat' dir='ltr'><strong>asseritur</strong></span> <span class='ocrx_word' id='word_1_213' title='bbox 999 3746 1155 3809; x_wconf 81' lang='lat' dir='ltr'><strong>informa</strong></span> <span class='ocrx_word' id='word_1_214' title='bbox 1184 3747 1264 3828; x_wconf 86' lang='lat' dir='ltr'><strong>juris</strong></span> <span class='ocrx_word' id='word_1_215' title='bbox 1294 3749 1462 3829; x_wconf 90' lang='lat' dir='ltr'><strong>procedere</strong></span> <span class='ocrx_word' id='word_1_216' title='bbox 1486 3768 1609 3812; x_wconf 85' lang='lat' dir='ltr'><strong>curura·</strong></span> 
     </span>
    </p>
   </div>
   <div class='ocr_carea' id='block_1_6' title="bbox 368 3852 1610 4889">
    <p class='ocr_par' dir='ltr' id='par_1_6' title="bbox 368 3852 1610 4889">
     <span class='ocr_line' id='line_1_27' title="bbox 372 3852 1609 3936; baseline 0.002 -21"><span class='ocrx_word' id='word_1_217' title='bbox 372 3874 452 3915; x_wconf 88' lang='lat' dir='ltr'><strong>mus.</strong></span> <span class='ocrx_word' id='word_1_218' title='bbox 496 3854 557 3915; x_wconf 83' lang='lat' dir='ltr'><strong>Sed</strong></span> <span class='ocrx_word' id='word_1_219' title='bbox 577 3852 720 3914; x_wconf 89' lang='lat' dir='ltr'><strong>volentes</strong></span> <span class='ocrx_word' id='word_1_220' title='bbox 741 3872 836 3933; x_wconf 87' lang='lat' dir='ltr'><strong>supcr</strong></span> <span class='ocrx_word' id='word_1_221' title='bbox 853 3852 1017 3933; x_wconf 88' lang='lat' dir='ltr'><strong>premissis</strong></span> <span class='ocrx_word' id='word_1_222' title='bbox 1038 3854 1077 3914; x_wconf 95' lang='lat' dir='ltr'><strong>de</strong></span> <span class='ocrx_word' id='word_1_223' title='bbox 1107 3852 1240 3915; x_wconf 85' lang='lat' dir='ltr'><strong>veritate</strong></span> <span class='ocrx_word' id='word_1_224' title='bbox 1262 3855 1433 3915; x_wconf 82' lang='lat' dir='ltr'><strong>eorundem</strong></span> <span class='ocrx_word' id='word_1_225' title='bbox 1454 3861 1609 3936; x_wconf 87' lang='lat' dir='ltr'><strong>quantum</strong></span> 
     </span>
     <span class='ocr_line' id='line_1_28' title="bbox 371 3956 1610 4041; baseline 0.002 -21"><span class='ocrx_word' id='word_1_226' title='bbox 371 3959 544 4041; x_wconf 89' lang='lat' dir='ltr'><strong>poterimus</strong></span> <span class='ocrx_word' id='word_1_227' title='bbox 566 3962 659 4019; x_wconf 88' lang='lat' dir='ltr'><strong>antea</strong></span> <span class='ocrx_word' id='word_1_228' title='bbox 693 3956 864 4031; x_wconf 87' lang='lat' dir='ltr'><strong>informari,</strong></span> <span class='ocrx_word' id='word_1_229' title='bbox 902 3959 991 4021; x_wconf 88' lang='lat' dir='ltr'><strong>vobis</strong></span> <span class='ocrx_word' id='word_1_230' title='bbox 1021 3960 1210 4021; x_wconf 89' lang='lat' dir='ltr'><strong>mandamus</strong></span> <span class='ocrx_word' id='word_1_231' title='bbox 1250 3959 1400 4039; x_wconf 86' lang='lat' dir='ltr'><strong>quatinus</strong></span> <span class='ocrx_word' id='word_1_232' title='bbox 1433 3981 1491 4041; x_wconf 89' lang='lat' dir='ltr'><strong>per</strong></span> <span class='ocrx_word' id='word_1_233' title='bbox 1524 3961 1610 4023; x_wconf 86' lang='lat' dir='ltr'><strong>viros</strong></span> 
     </span>
     <span class='ocr_line' id='line_1_29' title="bbox 369 4064 1610 4147; baseline 0.002 -20"><span class='ocrx_word' id='word_1_234' title='bbox 369 4066 553 4146; x_wconf 88' lang='lat' dir='ltr'><strong>fidedignos,</strong></span> <span class='ocrx_word' id='word_1_235' title='bbox 585 4065 669 4126; x_wconf 89' lang='lat' dir='ltr'><strong>inter</strong></span> <span class='ocrx_word' id='word_1_236' title='bbox 688 4085 768 4145; x_wconf 89' lang='lat' dir='ltr'><strong>quos</strong></span> <span class='ocrx_word' id='word_1_237' title='bbox 788 4064 920 4145; x_wconf 88' lang='lat' dir='ltr'><strong>predicti</strong></span> <span class='ocrx_word' id='word_1_238' title='bbox 942 4066 1100 4128; x_wconf 84' lang='lat' dir='ltr'><strong>Robertus</strong></span> <span class='ocrx_word' id='word_1_239' title='bbox 1130 4072 1163 4128; x_wconf 92' lang='lat' dir='ltr'><strong>et</strong></span> <span class='ocrx_word' id='word_1_240' title='bbox 1184 4066 1326 4146; x_wconf 79' lang='lat' dir='ltr'><strong>Rogatus</strong></span> <span class='ocrx_word' id='word_1_241' title='bbox 1356 4071 1431 4128; x_wconf 86' lang='lat' dir='ltr'><strong>ante</strong></span> <span class='ocrx_word' id='word_1_242' title='bbox 1451 4068 1610 4147; x_wconf 81' lang='lat' dir='ltr'><strong>predictas</strong></span> 
     </span>
     <span class='ocr_line' id='line_1_30' title="bbox 369 4170 1608 4253; baseline -0.001 -18"><span class='ocrx_word' id='word_1_243' title='bbox 369 4172 603 4235; x_wconf 80' lang='lat' dir='ltr'><strong>conviccionem</strong></span> <span class='ocrx_word' id='word_1_244' title='bbox 625 4176 658 4232; x_wconf 88' lang='lat' dir='ltr'><strong>et</strong></span> <span class='ocrx_word' id='word_1_245' title='bbox 685 4170 852 4232; x_wconf 91' lang='lat' dir='ltr'><strong>criminum</strong></span> <span class='ocrx_word' id='word_1_246' title='bbox 882 4172 1064 4252; x_wconf 87' lang='lat' dir='ltr'><strong>hujusmodi</strong></span> <span class='ocrx_word' id='word_1_247' title='bbox 1091 4172 1362 4253; x_wconf 89' lang='lat' dir='ltr'><strong>perpetracionem</strong></span> <span class='ocrx_word' id='word_1_248' title='bbox 1382 4172 1507 4234; x_wconf 86' lang='lat' dir='ltr'><strong>lucrant</strong></span> <span class='ocrx_word' id='word_1_249' title='bbox 1534 4192 1608 4234; x_wconf 89' lang='lat' dir='ltr'><strong>con-</strong></span> 
     </span>
     <span class='ocr_line' id='line_1_31' title="bbox 369 4274 1610 4356; baseline 0.001 -18"><span class='ocrx_word' id='word_1_250' title='bbox 369 4276 494 4349; x_wconf 84' lang='lat' dir='ltr'><strong>versati,</strong></span> <span class='ocrx_word' id='word_1_251' title='bbox 517 4276 555 4337; x_wconf 90' lang='lat' dir='ltr'><strong>de</strong></span> <span class='ocrx_word' id='word_1_252' title='bbox 576 4275 650 4347; x_wconf 88' lang='lat' dir='ltr'><strong>vita,</strong></span> <span class='ocrx_word' id='word_1_253' title='bbox 672 4274 820 4349; x_wconf 83' lang='lat' dir='ltr'><strong>moribus,</strong></span> <span class='ocrx_word' id='word_1_254' title='bbox 843 4281 875 4337; x_wconf 90' lang='lat' dir='ltr'><strong>et</strong></span> <span class='ocrx_word' id='word_1_255' title='bbox 894 4282 986 4356; x_wconf 88' lang='lat' dir='ltr'><strong>gestu</strong></span> <span class='ocrx_word' id='word_1_256' title='bbox 1001 4278 1182 4349; x_wconf 86' lang='lat' dir='ltr'><strong>eorundem,</strong></span> <span class='ocrx_word' id='word_1_257' title='bbox 1198 4281 1231 4338; x_wconf 91' lang='lat' dir='ltr'><strong>et</strong></span> <span class='ocrx_word' id='word_1_258' title='bbox 1251 4296 1308 4356; x_wconf 86' lang='lat' dir='ltr'><strong>per</strong></span> <span class='ocrx_word' id='word_1_259' title='bbox 1323 4277 1504 4339; x_wconf 88' lang='lat' dir='ltr'><strong>consimiles</strong></span> <span class='ocrx_word' id='word_1_260' title='bbox 1524 4278 1610 4339; x_wconf 86' lang='lat' dir='ltr'><strong>viros</strong></span> 
     </span>
     <span class='ocr_line' id='line_1_32' title="bbox 368 4380 1607 4464; baseline 0.004 -22"><span class='ocrx_word' id='word_1_261' title='bbox 368 4382 498 4443; x_wconf 91' lang='lat' dir='ltr'><strong>idoneos</strong></span> <span class='ocrx_word' id='word_1_262' title='bbox 520 4382 560 4443; x_wconf 92' lang='lat' dir='ltr'><strong>de</strong></span> <span class='ocrx_word' id='word_1_263' title='bbox 581 4380 658 4443; x_wconf 87' lang='lat' dir='ltr'><strong>locis</strong></span> <span class='ocrx_word' id='word_1_264' title='bbox 678 4382 732 4442; x_wconf 92' lang='lat' dir='ltr'><strong>ubi</strong></span> <span class='ocrx_word' id='word_1_265' title='bbox 753 4382 838 4444; x_wconf 89' lang='lat' dir='ltr'><strong>dicta</strong></span> <span class='ocrx_word' id='word_1_266' title='bbox 859 4382 993 4444; x_wconf 89' lang='lat' dir='ltr'><strong>crimina</strong></span> <span class='ocrx_word' id='word_1_267' title='bbox 1012 4382 1137 4445; x_wconf 81' lang='lat' dir='ltr'><strong>fuerant</strong></span> <span class='ocrx_word' id='word_1_268' title='bbox 1157 4389 1348 4464; x_wconf 82' lang='lat' dir='ltr'><strong>perpetrata,</strong></span> <span class='ocrx_word' id='word_1_269' title='bbox 1370 4404 1411 4445; x_wconf 88' lang='lat' dir='ltr'><strong>an</strong></span> <span class='ocrx_word' id='word_1_270' title='bbox 1432 4384 1471 4446; x_wconf 92' lang='lat' dir='ltr'><strong>de</strong></span> <span class='ocrx_word' id='word_1_271' title='bbox 1488 4385 1607 4447; x_wconf 87' lang='lat' dir='ltr'><strong>eisdem</strong></span> 
     </span>
     <span class='ocr_line' id='line_1_33' title="bbox 369 4487 1609 4569; baseline 0.002 -20"><span class='ocrx_word' id='word_1_272' title='bbox 369 4487 552 4549; x_wconf 89' lang='lat' dir='ltr'><strong>criminibus</strong></span> <span class='ocrx_word' id='word_1_273' title='bbox 583 4487 709 4549; x_wconf 85' lang='lat' dir='ltr'><strong>lucrant</strong></span> <span class='ocrx_word' id='word_1_274' title='bbox 736 4488 916 4568; x_wconf 86' lang='lat' dir='ltr'><strong>culpabiles,</strong></span> <span class='ocrx_word' id='word_1_275' title='bbox 948 4489 1115 4569; x_wconf 88' lang='lat' dir='ltr'><strong>inquiratis</strong></span> <span class='ocrx_word' id='word_1_276' title='bbox 1136 4489 1321 4569; x_wconf 83' lang='lat' dir='ltr'><strong>diligencius</strong></span> <span class='ocrx_word' id='word_1_277' title='bbox 1346 4490 1521 4551; x_wconf 86' lang='lat' dir='ltr'><strong>veritatem.</strong></span> <span class='ocrx_word' id='word_1_278' title='bbox 1563 4490 1609 4552; x_wconf 75' lang='lat' dir='ltr'><strong>Et</strong></span> 
     </span>
     <span class='ocr_line' id='line_1_34' title="bbox 368 4593 1605 4676; baseline 0.002 -22"><span class='ocrx_word' id='word_1_279' title='bbox 368 4593 445 4675; x_wconf 90' lang='lat' dir='ltr'><strong>quid</strong></span> <span class='ocrx_word' id='word_1_280' title='bbox 460 4613 516 4673; x_wconf 89' lang='lat' dir='ltr'><strong>per</strong></span> <span class='ocrx_word' id='word_1_281' title='bbox 531 4593 665 4655; x_wconf 87' lang='lat' dir='ltr'><strong>eandem</strong></span> <span class='ocrx_word' id='word_1_282' title='bbox 681 4594 922 4673; x_wconf 88' lang='lat' dir='ltr'><strong>inquisicionem</strong></span> <span class='ocrx_word' id='word_1_283' title='bbox 941 4595 1125 4657; x_wconf 80' lang='lat' dir='ltr'><strong>inveneritis</strong></span> <span class='ocrx_word' id='word_1_284' title='bbox 1140 4615 1200 4657; x_wconf 92' lang='lat' dir='ltr'><strong>nos</strong></span> <span class='ocrx_word' id='word_1_285' title='bbox 1216 4614 1312 4676; x_wconf 86' lang='lat' dir='ltr'><strong>quam</strong></span> <span class='ocrx_word' id='word_1_286' title='bbox 1328 4595 1426 4657; x_wconf 90' lang='lat' dir='ltr'><strong>cicius</strong></span> <span class='ocrx_word' id='word_1_287' title='bbox 1440 4596 1605 4658; x_wconf 91' lang='lat' dir='ltr'><strong>commode</strong></span> 
     </span>
     <span class='ocr_line' id='line_1_35' title="bbox 368 4699 1606 4782; baseline 0.003 -21"><span class='ocrx_word' id='word_1_288' title='bbox 368 4699 436 4762; x_wconf 91' lang='lat' dir='ltr'><strong>fieri</strong></span> <span class='ocrx_word' id='word_1_289' title='bbox 470 4699 587 4781; x_wconf 89' lang='lat' dir='ltr'><strong>poterit</strong></span> <span class='ocrx_word' id='word_1_290' title='bbox 623 4699 771 4762; x_wconf 88' lang='lat' dir='ltr'><strong>distincte</strong></span> <span class='ocrx_word' id='word_1_291' title='bbox 813 4706 846 4762; x_wconf 87' lang='lat' dir='ltr'><strong>et</strong></span> <span class='ocrx_word' id='word_1_292' title='bbox 884 4706 993 4781; x_wconf 86' lang='lat' dir='ltr'><strong>aperte</strong></span> <span class='ocrx_word' id='word_1_293' title='bbox 1027 4701 1207 4764; x_wconf 81' lang='lat' dir='ltr'><strong>certificatis</strong></span> <span class='ocrx_word' id='word_1_294' title='bbox 1241 4721 1299 4782; x_wconf 88' lang='lat' dir='ltr'><strong>per</strong></span> <span class='ocrx_word' id='word_1_295' title='bbox 1321 4701 1443 4764; x_wconf 83' lang='lat' dir='ltr'><strong>litteras</strong></span> <span class='ocrx_word' id='word_1_296' title='bbox 1483 4709 1606 4765; x_wconf 84' lang='lat' dir='ltr'><strong>vestras</strong></span> 
     </span>
     <span class='ocr_line' id='line_1_36' title="bbox 368 4806 1603 4889; baseline 0.002 -20"><span class='ocrx_word' id='word_1_297' title='bbox 368 4811 514 4889; x_wconf 87' lang='lat' dir='ltr'><strong>patentes</strong></span> <span class='ocrx_word' id='word_1_298' title='bbox 536 4811 569 4867; x_wconf 90' lang='lat' dir='ltr'><strong>et</strong></span> <span class='ocrx_word' id='word_1_299' title='bbox 589 4806 712 4868; x_wconf 89' lang='lat' dir='ltr'><strong>clausas</strong></span> <span class='ocrx_word' id='word_1_300' title='bbox 736 4806 849 4869; x_wconf 87' lang='lat' dir='ltr'><strong>harum</strong></span> <span class='ocrx_word' id='word_1_301' title='bbox 870 4808 994 4881; x_wconf 88' lang='lat' dir='ltr'><strong>seriem,</strong></span> <span class='ocrx_word' id='word_1_302' title='bbox 1016 4808 1154 4882; x_wconf 83' lang='lat' dir='ltr'><strong>modum,</strong></span> <span class='ocrx_word' id='word_1_303' title='bbox 1176 4813 1209 4870; x_wconf 90' lang='lat' dir='ltr'><strong>et</strong></span> <span class='ocrx_word' id='word_1_304' title='bbox 1228 4808 1415 4889; x_wconf 85' lang='lat' dir='ltr'><strong>qualitatem</strong></span> <span class='ocrx_word' id='word_1_305' title='bbox 1436 4808 1603 4871; x_wconf 90' lang='lat' dir='ltr'><strong>criminum</strong></span> 
     </span>
    </p>
   </div>
   <div class='ocr_carea' id='block_1_7' title="bbox 369 4912 1602 5102">
    <p class='ocr_par' dir='ltr' id='par_1_7' title="bbox 369 4912 1602 5102">
     <span class='ocr_line' id='line_1_37' title="bbox 369 4912 1602 4996; baseline 0.003 -23"><span class='ocrx_word' id='word_1_306' title='bbox 369 4913 582 4993; x_wconf 88' lang='lat' dir='ltr'><strong>predictorum</strong></span> <span class='ocrx_word' id='word_1_307' title='bbox 602 4932 664 4993; x_wconf 91' lang='lat' dir='ltr'><strong>que</strong></span> <span class='ocrx_word' id='word_1_308' title='bbox 681 4932 739 4974; x_wconf 84' lang='lat' dir='ltr'><strong>vos</strong></span> <span class='ocrx_word' id='word_1_309' title='bbox 756 4912 945 4995; x_wconf 84' lang='lat' dir='ltr'><strong>investigare</strong></span> <span class='ocrx_word' id='word_1_310' title='bbox 963 4914 1109 4976; x_wconf 83' lang='lat' dir='ltr'><strong>volumus</strong></span> <span class='ocrx_word' id='word_1_311' title='bbox 1128 4914 1337 4976; x_wconf 88' lang='lat' dir='ltr'><strong>continentes.</strong></span> <span class='ocrx_word' id='word_1_312' title='bbox 1380 4914 1500 4976; x_wconf 85' lang='lat' dir='ltr'><strong>Datum</strong></span> <span class='ocrx_word' id='word_1_313' title='bbox 1518 4916 1602 4996; x_wconf 88' lang='lat' dir='ltr'><strong>apud</strong></span> 
     </span>
     <span class='ocr_line' id='line_1_38' title="bbox 370 5016 1553 5102; baseline 0.003 -21"><span class='ocrx_word' id='word_1_314' title='bbox 370 5018 555 5092; x_wconf 86' lang='lat' dir='ltr'><strong>Lamhethe,</strong></span> <span class='ocrx_word' id='word_1_315' title='bbox 577 5018 619 5099; x_wconf 86' lang='lat' dir='ltr'><strong>xij</strong></span> <span class='ocrx_word' id='word_1_316' title='bbox 642 5016 801 5081; x_wconf 88' lang='lat' dir='ltr'><strong>Kalendas</strong></span> <span class='ocrx_word' id='word_1_317' title='bbox 821 5018 907 5094; x_wconf 86' lang='lat' dir='ltr'><strong>Julii,</strong></span> <span class='ocrx_word' id='word_1_318' title='bbox 929 5040 1014 5081; x_wconf 87' lang='lat' dir='ltr'><strong>anno</strong></span> <span class='ocrx_word' id='word_1_319' title='bbox 1035 5019 1165 5081; x_wconf 90' lang='lat' dir='ltr'><strong>Domini</strong></span> <span class='ocrx_word' id='word_1_320' title='bbox 1185 5020 1354 5083; x_wconf 88' lang='lat' dir='ltr'><strong>millesimo</strong></span> <span class='ocrx_word' id='word_1_321' title='bbox 1374 5020 1553 5102; x_wconf 57' lang='lat' dir='ltr'><strong>occavit·</strong></span> 
     </span>
    </p>
   </div>
   <div class='ocr_carea' id='block_1_8' title="bbox 0 0 1930 5917">
    <p class='ocr_par' dir='ltr' id='par_1_8' title="bbox 0 0 1930 5917">
     <span class='ocr_line' id='line_1_39' title="bbox 0 0 1930 5917; baseline 0 2"><span class='ocrx_word' id='word_1_322' title='bbox 0 0 1930 5917; x_wconf 95' lang='lat' dir='ltr'><strong> </strong></span> 
     </span>
    </p>
   </div>
  </div>
 </body>
</html>
