3850 5917
693 720 843 799 Episcopi
870 719 1114 799 Herefordeasis.
1462 724 1522 783 345

83 952 108 989 Α
127 950 159 987 D·
180 950 239 987 ¹³²⁶·
283 943 367 1022 apud
389 942 595 1022 Broughtone
616 942 805 1003 decedentis.
862 942 1030 1004 Abbatissa
1050 949 1082 1004 et
1104 945 1286 1005 Conventus
1307 945 1398 1007 beate
1423 946 1524 1007 Maris

285 1048 324 1109 de
360 1048 473 1119 Pratis,
510 1048 785 1127 Northamptonie,
821 1053 897 1109 sunt
931 1068 1004 1109 vere
1037 1053 1170 1127 patrone
1203 1049 1285 1110 dicte
1320 1050 1459 1121 ecclesie,
1492 1056 1525 1112 et

288 1152 402 1213 ultimo
430 1158 653 1231 presentarunt
692 1154 732 1213 ad
761 1154 893 1214 eandem
924 1154 1088 1213 dominum
1121 1155 1282 1216 Simonem
1318 1157 1522 1218 antedictum.

286 1257 492 1317 Prosentatus
513 1277 587 1318 vero
616 1258 794 1318 addictam
825 1258 989 1319 ecclesiam
1011 1259 1089 1319 liber
1117 1265 1166 1320 est
1191 1266 1223 1320 et
1252 1260 1420 1339 legitimus,
1443 1262 1524 1323 bone

285 1362 358 1433 vite,
380 1362 635 1423 conversacionis
666 1362 808 1434 honeste,
829 1363 861 1422 in
885 1363 1059 1425 minoribus
1083 1365 1245 1425 ordinibus
1267 1366 1468 1437 constitutus,
1491 1372 1523 1428 et

285 1487 349 1528 non
373 1467 447 1527 alibi
474 1466 686 1529 beneficiatus.
739 1468 808 1542 Que
832 1468 958 1547 quidem
991 1469 1122 1530 ecclesia
1147 1489 1210 1530 non
1232 1476 1281 1531 est
1301 1470 1437 1550 litigiosa
1464 1492 1524 1533 nec

284 1573 492 1652 pensionaria,
516 1578 549 1633 et
570 1573 653 1633 valet
671 1573 890 1635 communibus
910 1574 1002 1635 annis
1019 1575 1166 1635 undecim
1187 1596 1308 1637 marcas
1325 1582 1358 1637 et
1377 1578 1522 1657 amplius.

286 1678 425 1739 Nomina
461 1698 535 1740 vero
563 1678 783 1758 inquisitorum
817 1685 892 1740 sunt
923 1680 990 1749 hec,
1023 1678 1174 1741 Rectores
1200 1681 1403 1742 ecclesiarum
1432 1684 1524 1747 beate

286 1784 387 1845 Maria
407 1785 446 1845 de
468 1784 664 1865 Maydewell,
687 1785 826 1855 Cransle,
849 1786 1035 1857 Farmdene,
1055 1786 1268 1866 Braughtone,
1289 1793 1321 1848 et
1342 1790 1522 1862 Oxendone,

283 1896 317 1952 et
337 1892 472 1953 vicarius
494 1891 624 1953 ecclesie
645 1892 684 1952 de
705 1890 833 1953 Rowoll.
889 1894 1005 1954 Vestra
1025 1894 1128 1954 valeat
1155 1894 1326 1956 reverenda
1348 1896 1523 1975 paternitas

283 1998 316 2057 iu
338 1998 476 2058 Domino
497 2018 553 2077 per
581 2002 724 2077 tempora
743 1998 892 2078 longiora.
936 1999 1056 2059 Datum
1087 2000 1171 2079 apud
1200 2000 1414 2080 Waldegrave‚
1436 2002 1524 2081 xviij⁰

285 2102 354 2164 Kal.
377 2103 548 2174 Februarii,
570 2124 654 2165 anne
675 2104 804 2164 Domini
827 2104 1017 2184 supradicto.

286 2422 359 2483 Jcn.
385 2422 541 2483 ad-The
569 2422 688 2501 Bishop
712 2422 748 2502 os
773 2422 936 2501 Sulisbury
961 2422 1066 2483 allows
1093 2422 1142 2483 tbc
1170 2423 1289 2503 Birhop
1311 2425 1348 2503 of
1371 2424 1523 2503 Hcrcsord

409 2510 437 2564 to
466 2503 536 2564 hold
557 2524 600 2564 eu
623 2503 810 2564 Ordinatiou
830 2504 866 2563 ia
888 2503 936 2563 hia
957 2503 1093 2565 Diocese.
1147 2504 1210 2565 ra
1233 2505 1352 2585 Bishop
1372 2506 1407 2584 os
1427 2505 1522 2567 Here·

401 2584 488 2665 sord,
519 2584 672 2664 therefore,
701 2591 735 2645 ut
763 2584 925 2662 Shinficld,
954 2604 995 2645 on
1020 2584 1093 2645 Feb.
1120 2589 1170 2656 26,
1199 2585 1348 2647 crdaincd
1376 2586 1460 2647 John
1486 2586 1524 2647 de

409 2665 580 2744 Nubbeicye
607 2672 635 2725 to
661 2665 710 2727 the
734 2665 814 2743 office
838 2665 873 2743 os
897 2664 1030 2743 dcolytc,
1055 2665 1118 2725 aad
1142 2686 1182 2726 oa
1207 2666 1256 2727 the
1279 2687 1361 2726 sanic
1388 2666 1450 2745 day
1475 2666 1522 2726 in·

407 2746 536 2806 situatae
565 2746 629 2805 him
658 2753 687 2806 to
717 2744 764 2805 the
794 2745 918 2806 Chrcrch
941 2746 978 2825 os
1001 2745 1188 2823 Brouqhton,
1216 2746 1280 2807 and
1303 2753 1394 2807 uvote
1420 2754 1448 2807 to
1474 2747 1524 2808 the

412 2826 532 2905 Officicl
555 2828 591 2906 os
612 2826 662 2887 the
685 2825 881 2887 Arcbdeocon
904 2826 940 2905 os
964 2826 1189 2906 Northcmpton
1215 2834 1244 2888 to
1268 2827 1386 2888 induet.

366 3019 548 3081 Gouuissio
569 3019 722 3079 Emscorr
744 3019 1015 3080 Saureauarnusm
1035 3037 1078 3078 an
1109 3037 1354 3080 cananaeunun
1381 3037 1523 3081 caumas

285 3143 319 3185 nr
356 3142 416 3185 sus
450 3142 580 3186 nrocnsr
615 3142 715 3185 sacra
757 3125 920 3186 Emscoro
955 3125 1448 3187 flammicomus-Venerabili
1488 3126 1522 3185 in

289 3232 417 3294 Christo
437 3231 519 3311 patri
541 3239 573 3292 et
594 3231 722 3291 domino
742 3230 922 3303 reverendo,
943 3231 1072 3291 domino
1093 3231 1169 3302 Ade,
1191 3237 1260 3302 etc..
1289 3231 1439 3310 Rogerus,
1461 3238 1520 3293 etc.

286 3336 431 3407 salutem,
453 3343 512 3398 etc.
555 3338 602 3399 Ut
623 3337 704 3397 infra
725 3342 866 3398 nostram
888 3337 1037 3398 diocesim
1059 3337 1188 3398 clericos
1209 3342 1312 3398 vestre
1333 3337 1475 3409 diocesis,
1490 3342 1524 3398 et

287 3442 366 3504 alios
401 3462 604 3523 quoscunque
638 3442 875 3503 Gantuariensis
915 3441 1076 3521 provincie
1114 3441 1352 3502 diocesanorum
1392 3461 1522 3502 suorum

288 3547 483 3610 dimissorias
504 3552 537 3609 et
564 3547 673 3609 titulos
695 3547 895 3618 sufficientes,
918 3568 955 3608 ac
976 3546 1038 3607 alia
1064 3567 1121 3627 pro
1149 3566 1266 3627 seque
1293 3547 1326 3606 in
1351 3547 1411 3609 hac
1432 3554 1522 3628 parte

285 3653 414 3733 dejure
436 3653 637 3733 requiruntur
658 3651 819 3723 habentes,
845 3652 884 3712 ad
905 3671 1017 3712 omnes
1044 3657 1111 3711 tam
1139 3651 1276 3713 minores
1300 3672 1394 3731 quam
1417 3672 1523 3715 sacros

284 3758 411 3821 ordines
439 3758 662 3819 convenientes
690 3758 735 3819 eis
766 3757 916 3818 canonice
944 3757 1088 3817 ordinare
1115 3757 1253 3836 possitis,
1282 3757 1412 3817 liberem
1433 3758 1522 3819 vobis

285 3874 395 3927 tenore
416 3864 614 3945 presencium
645 3864 846 3925 concedimus
875 3868 1073 3943 potestatem.
1132 3862 1180 3923 Ad
1209 3862 1338 3924 ecclesie
1364 3883 1420 3924 sue
1444 3864 1521 3942 regi-

287 3990 360 4031 men
396 3970 577 4031 Altissimus
612 3988 668 4030 vos
696 3974 868 4030 conservet.
925 3968 965 4027 In
990 3967 1081 4047 cujus
1103 3968 1157 4038 rei,
1179 3973 1238 4029 etc.
1292 3968 1411 4027 Datum
1439 3970 1523 4048 apud

286 4077 431 4147 Poterne,
457 4075 499 4135 ix⁰
518 4074 588 4136 Kal.
617 4074 788 4146 Februarii,
810 4093 893 4135 anno
915 4074 1044 4134 Domini
1066 4072 1205 4134 M⁰OOO⁰
1224 4073 1374 4134 vicesimo
1401 4074 1521 4154 quinto.

373 4232 555 4293 Oanrsscro
576 4232 605 4292 J.
627 4249 672 4291 nn
694 4231 901 4291 Nussnnsrn
923 4247 956 4289 ru
987 4230 1311 4308 scaurum-Hujus
1336 4230 1523 4292 auctoritate

286 4337 527 4409 commissionis,
558 4336 718 4415 predictus
755 4312 901 4397 dominus
936 4335 1115 4414 Episcopus
1156 4333 1407 4404 Herefordensie,
1438 4336 1524 4415 xxvj⁰

287 4442 338 4503 die
368 4441 487 4502 mensis
515 4439 685 4511 Februarii,
714 4459 798 4500 anno
830 4439 1018 4519 supradicto,
1047 4438 1081 4497 in
1108 4437 1240 4499 ecclesia
1273 4438 1312 4498 de
1341 4438 1521 4518 Schenyng-

288 4546 378 4617 ielde,
411 4545 653 4607 Sarisburiensis
680 4545 822 4615 diocesis,
852 4544 1029 4624 predictum
1056 4543 1235 4604 Johannem
1263 4544 1302 4604 de
1330 4543 1521 4624 Nubbeleye,

292 4652 440 4715 clericum
469 4651 707 4731 Wygorniensis
735 4651 877 4721 diocesis,
906 4650 955 4710 sui
991 4648 1149 4709 diocesani
1181 4647 1302 4709 litteras
1330 4647 1524 4711 dimissorias

288 4757 498 4828 exhibentem,
520 4756 552 4815 in
574 4756 723 4817 acolitum
748 4755 913 4817 ordinavit.

369 4914 559 4974 Iusrrrucro
580 4930 731 4973 assensu
752 4930 786 4972 ru
808 4928 991 4973 nccnnsrsu
1006 4928 1049 4970 nn
1071 4906 1394 4969 Rusucmona-Et
1412 4907 1523 4968 eodem

287 5020 347 5091 dic,
385 5019 511 5090 ibidem,
549 5023 622 5099 post
659 5018 891 5079 ordinacionem
931 5016 1121 5098 hujusmodi,
1156 5013 1343 5075 auctoritate
1377 5012 1521 5073 commis·

291 5126 389 5189 sionis
421 5125 539 5186 domini
572 5124 801 5187 Lincolniensis
829 5124 980 5205 Episcopi
1009 5120 1229 5203 suprascripte,
1260 5119 1344 5179 idem
1375 5117 1522 5179 dominus
