3850 5917
421 706 482 768 aas
794 706 973 785 aeratam
999 707 1065 767 aa
1091 706 1128 767 a
1157 706 1280 768 oeae

251 938 309 979 Μ)-
325 940 380 979 ¹³²⁶·
422 930 509 993 misit
543 931 634 993 nobis
664 932 849 994 venerabilis
883 931 917 991 in
951 931 1078 993 Christo
1111 936 1209 1011 pater,
1240 931 1387 993 dominus
1413 931 1560 1002 Thomas,
1591 930 1653 992 Dei

423 1037 527 1117 gracia
550 1036 777 1117 Wigornieneis
806 1036 992 1117 Episcopus,
1018 1036 1101 1098 vices
1129 1056 1203 1098 suas
1224 1056 1318 1116 super
1339 1036 1468 1117 negocio
1494 1041 1653 1117 permam-

422 1142 522 1203 cionis
543 1142 625 1203 inter
639 1142 801 1202 dominum
819 1142 1000 1223 Philippum
1018 1142 1056 1203 de
1073 1142 1276 1223 Gosingtone,
1297 1147 1484 1223 perpetuum
1501 1141 1652 1203 vicarium

425 1246 555 1308 ecclesie
584 1247 622 1307 de
653 1246 844 1327 Promptone
872 1266 967 1327 super
995 1246 1168 1319 Sabrinam,
1196 1246 1423 1326 wigorniensis
1451 1246 1592 1318 diocesis,
1620 1251 1654 1334 ct

424 1352 587 1413 dominum
614 1351 789 1413 Waltcrum
814 1352 852 1413 dc
873 1351 1050 1433 Finigham,
1070 1356 1257 1433 perpetuum
1278 1352 1429 1413 vicarium
1456 1352 1586 1415 ecclesie
1612 1352 1653 1415 dc

424 1457 636 1528 Stottesdone,
678 1462 785 1519 nostre
816 1457 957 1530 diocesis,
993 1458 1032 1518 de
1066 1456 1189 1519 vicariis
1223 1457 1289 1518 suis
1318 1458 1467 1519 canonino
1500 1458 1650 1529 iacienda,

422 1567 628 1624 concurrente
648 1562 688 1623 ad
716 1556 775 1623 hoc
810 1574 953 1623 assensu
973 1582 1106 1643 quorum
1137 1562 1277 1634 interest,
1301 1568 1337 1624 ut
1365 1564 1522 1635 asseritur,
1547 1568 1651 1644 patro

426 1688 548 1729 norum.
592 1669 638 1731 Ut
665 1668 760 1748 igitur
780 1668 877 1729 nichil
905 1668 937 1727 in
959 1668 1019 1729 hac
1038 1673 1128 1749 parte
1146 1669 1185 1730 de
1201 1669 1455 1750 contingentibus
1478 1670 1651 1743 omittatur,

424 1773 513 1835 vobis
535 1774 721 1853 auctoritate
744 1773 819 1834 dicti
840 1774 939 1853 patris
964 1774 1003 1835 de
1023 1793 1085 1854 qua
1112 1774 1200 1835 vobis
1227 1794 1284 1854 per
1302 1774 1424 1835 litteras
1444 1775 1552 1854 ipsius,
1575 1796 1655 1856 quas

424 1878 513 1941 vobis
542 1878 698 1939 mittimus
721 1877 930 1959 inspiciendas
955 1884 988 1939 st
1009 1878 1100 1939 nobis
1120 1880 1328 1959 perlatorem
1351 1880 1547 1960 presencium
1570 1880 1653 1942 illico

426 1984 641 2055 remittendas,
676 1983 743 2044 fieri
764 1984 880 2064 poterit
906 1984 1000 2063 plena
1030 1983 1117 2056 fides,
1145 1984 1372 2047 committimus
1402 1991 1435 2046 et
1466 1986 1654 2047 mandamus

421 2089 571 2170 quatinus
605 2109 699 2169 super
735 2090 873 2151 articulis
905 2090 1018 2151 debitis
1048 2096 1080 2151 ct
1113 2091 1272 2152 consuetis
1299 2092 1472 2171 predictam
1503 2092 1651 2153 vicariam

421 2196 461 2257 de
485 2195 677 2275 Ehomptone
698 2200 730 2256 et
759 2200 976 2275 presentatum
1003 2195 1042 2255 ad
1075 2195 1207 2256 eandem
1235 2196 1494 2258 concamentibus
1522 2197 1650 2277 inquisi-

425 2300 548 2361 cionem
569 2299 759 2379 diligentem,
780 2306 816 2361 ut
840 2300 936 2361 moris
956 2306 1014 2372 est,
1036 2301 1103 2362 fieri
1125 2302 1255 2373 faomtis,
1276 2303 1404 2382 etquid
1425 2302 1458 2361 in
1482 2304 1652 2382 premissis,

426 2410 486 2467 etc.
529 2405 648 2465 Datum
686 2407 769 2486 apud
805 2406 1052 2486 Scheningielde,
1094 2406 1161 2486 viij⁰
1191 2407 1241 2469 die
1269 2408 1386 2469 mensis
1420 2408 1542 2481 Marcii,
1570 2430 1655 2471 anno

424 2510 554 2572 Domini
572 2509 721 2589 1ΜΟΟΟΟ0
747 2511 896 2572 vicesimo
929 2513 1049 2593 quinto.

426 2865 509 2926 Mar.
537 2865 693 2926 17.-Tha
720 2864 839 2943 Bishop
866 2871 971 2943 arants
999 2886 1020 2925 a
1046 2864 1258 2944 dispensatiore
1279 2866 1365 2945 from
1387 2866 1511 2946 justina
1538 2887 1578 2928 oa
1604 2868 1654 2929 tlte

549 2946 626 3023 vipa'l
645 2947 680 3026 of
702 2946 750 3006 tlte
774 2946 1016 3017 Aaaurtciata‘oa,
1037 2946 1120 3011 since
1143 2946 1170 3006 it
1188 2946 1267 3026 falls
1292 2946 1354 3007 this
1377 2968 1451 3025 paor
1470 2947 1585 3009 within
1604 2948 1654 3010 uc

545 3034 646 3087 octove
669 3027 705 3106 os
724 3026 845 3087 Ecstor.

506 3207 723 3266 Drernusacro
744 3223 805 3265 rao
826 3206 958 3267 Vienna
980 3204 1258 3264 Auruncucrours
1278 3205 1446 3265 Doumrca
1471 3224 1535 3266 uon
1555 3207 1650 3267 Jeru-

427 3312 739 3385 usunn.-Salutem,
761 3316 819 3374 eto.
872 3312 961 3373 Licet
982 3311 1136 3373 universis
1157 3312 1211 3392 qui
1231 3312 1271 3372 ad
1291 3312 1495 3391 jejunandum
1517 3314 1550 3373 in
1570 3334 1653 3394 pane

424 3424 457 3481 et
479 3440 560 3499 aqua
587 3418 725 3497 vigiliam
753 3417 1018 3479 Annunciaoionis
1043 3417 1208 3478 Dominice
1228 3422 1302 3477 voto
1322 3416 1372 3477 vel
1392 3417 1552 3497 proposito
1577 3424 1653 3480 sunt

425 3524 546 3585 astricti
570 3523 723 3603 Jejunium
743 3522 922 3603 hujusmodi
944 3524 983 3583 ad
1004 3523 1115 3584 salutis
1136 3524 1356 3603 compendium
1380 3524 1524 3603 expediat
1547 3525 1652 3586 obser·

423 3651 506 3702 vare,
527 3631 601 3711 quia
623 3637 729 3691 tamen
752 3630 935 3709 hujusmodi
957 3629 1073 3691 festum
1092 3630 1152 3691 hoc
1171 3650 1254 3691 anno
1274 3630 1308 3688 in
1325 3630 1497 3691 ebdomada
1519 3631 1650 3705 Pascali,

424 3738 514 3816 cujus
544 3741 662 3816 septem
699 3736 819 3796 dierum
848 3735 1009 3806 curricula,
1039 3736 1070 3794 in
1099 3734 1212 3815 quibus
1236 3734 1313 3794 illud
1339 3735 1557 3815 propheticum
1585 3736 1652 3798 Hac

422 3844 487 3904 dies
509 3863 602 3922 quom
615 3841 694 3923 jacit
712 3842 873 3912 Dominus,
894 3841 1060 3901 exaltemus
1081 3847 1110 3901 ct
1131 3840 1311 3901 lateraria
1330 3840 1471 3901 achoris
1492 3842 1652 3904 canonicis

421 3950 534 4011 festive
548 3950 708 4029 repetitur,
723 3948 823 4008 instar
839 3947 900 4007 diei
922 3947 1087 4007 Dominice
1101 3946 1305 4017 celebrantur,
1316 3950 1348 4006 et
1362 3950 1398 4005 ut
1411 3946 1478 4007 dies
1493 3947 1650 4009 Dominici

423 4056 624 4136 deputantur,
646 4054 788 4115 noscitur
812 4053 944 4124 evenire,
976 4058 1011 4112 ut
1039 4058 1112 4133 post
1142 4051 1424 4131 Quadragesimalis
1451 4052 1653 4116 observancie

424 4162 626 4242 asperitatem
662 4159 875 4240 penitenoium
912 4158 1053 4220 anxietas
1084 4157 1288 4219 Paschalibus
1318 4157 1439 4237 gaudiis
1476 4164 1651 4238 temperata

425 4266 525 4328 levius
547 4265 723 4336 sufferatur,
743 4264 888 4325 omnibus
902 4263 992 4324 nobis
1016 4265 1084 4343 jure
1107 4264 1273 4325 diocesano
1291 4264 1440 4343 subjectis
1454 4263 1493 4325 de
1512 4266 1651 4345 peccatis

423 4371 489 4433 suis
518 4390 590 4432 vere
617 4370 830 4450 penitentibus
864 4375 897 4431 et
923 4370 1076 4431 confessis
1099 4369 1285 4431 auctoritate
1322 4369 1494 4448 pontificali
1521 4390 1584 4450 quo
1610 4372 1651 4432 ad

423 4478 541 4539 dictam
562 4476 698 4556 vigiliam
728 4476 790 4537 ista
816 4476 884 4537 vice
906 4476 1061 4556 prelatum
1089 4476 1221 4555 rigorem
1246 4474 1439 4536 abstinencie
1465 4474 1650 4549 relaxamus,

424 4583 565 4645 volentes
587 4588 623 4642 ut
644 4581 697 4653 illi,
720 4601 852 4662 quorum
872 4580 1038 4641 facultates
1060 4581 1099 4640 ad
1118 4580 1177 4640 hoc
1196 4579 1363 4650 sufficiunt,
1387 4579 1497 4639 saltem
1514 4580 1652 4662 quinque

421 4688 611 4770 pauperibus
640 4687 758 4747 Christi
792 4687 825 4746 in
852 4686 1010 4746 alimentis
1044 4686 1228 4746 necessariis
1262 4684 1346 4745 diota
1378 4684 1484 4764 vigilia
1518 4686 1652 4747 debcant

421 4794 593 4875 providere,
629 4792 680 4853 alii
714 4812 787 4854 vero
815 4812 894 4873 quoe
921 4797 1049 4853 excusat
1083 4791 1197 4872 inopia,
1232 4790 1441 4853 translacione
1473 4792 1583 4871 jejunii
1617 4793 1651 4853 in

427 4906 552 4979 tempus
573 4902 736 4978 acceptum
761 4902 794 4958 et
815 4897 883 4959 aliis
904 4898 965 4977 piis
986 4897 1131 4976 operibus
1152 4898 1220 4958 Deo
1241 4896 1436 4958 satisfaciant
1464 4903 1496 4958 ct
1519 4898 1654 4960 reddant

424 5002 587 5064 Altiesimo
607 5008 681 5063 vota
708 5023 774 5064 suc.
826 5002 984 5063 Premissa
1011 5007 1116 5063 autem
1137 5001 1278 5064 omnium
1298 5008 1331 5063 ct
1358 5002 1552 5082 singulorum
1578 5004 1651 5065 sub·

426 5110 563 5170 ditorum
583 5113 762 5170 nostrorum
784 5107 910 5168 auribus
931 5127 1003 5167 cum
1027 5127 1065 5167 ea
1085 5126 1147 5187 qua
1166 5106 1300 5186 potestis
1327 5106 1485 5168 celeritate
1511 5127 1568 5187 per
1594 5128 1654 5171 vos
