3850 5917
692 692 843 772 Episcopi
870 693 1115 774 Heresordcnaia.
1463 699 1524 760 117

127 923 174 962 Μ)-
188 921 239 961 ¹³¹⁹·
280 917 513 978 admittendum
535 917 596 977 nisi
617 917 704 997 prius
725 919 843 996 juraret
865 917 907 978 ibi
928 919 1136 979 residenciam
1158 921 1307 982 continue
1327 921 1430 982 iacere
1451 941 1521 1000 per-

280 1129 486 1207 pestmodum
505 1127 587 1189 bone
615 1129 764 1190 memorie
787 1128 979 1201 Octobonus,
1002 1131 1144 1208 ejusdem
1170 1132 1260 1194 Sedis
1286 1133 1465 1212 Apostolioe
1486 1134 1520 1192 in

280 1233 365 1293 dicto
393 1252 490 1312 regno
510 1232 641 1312 legatus,
664 1234 827 1295 adiciendo
848 1235 960 1295 statuit
988 1241 1033 1306 ut,
1055 1236 1083 1296 ai
1107 1238 1179 1316 quis
1207 1243 1317 1298 contra
1338 1239 1520 1318 hujusmodi
1634 1291 1640 1300 .

281 1343 439 1400 statutum
462 1337 612 1398 vicariam
637 1339 733 1398 talem
757 1339 918 1418 receperit,
942 1339 1064 1400 fructus
1087 1361 1247 1403 euoenon
1268 1341 1363 1402 iaciat
1384 1343 1430 1403 sio
1452 1363 1522 1422 per·

281 1447 399 1522 coptos,
415 1447 464 1503 set
483 1441 569 1520 ipsos
583 1441 748 1503 restituere
769 1447 915 1502 teneatur
930 1442 1026 1504 certis
1046 1443 1156 1504 usibus
1170 1445 1393 1524 applicandos;
1415 1446 1521 1507 dictus

281 1554 388 1610 tamen
410 1547 539 1627 Haymo
563 1552 747 1627 perpetuam
770 1547 918 1608 vicariam
940 1548 1129 1627 parochialis
1149 1549 1280 1611 ecclesie
1301 1550 1340 1611 de
1362 1550 1521 1612 Stratone¹

281 1661 385 1716 vestre
406 1653 549 1724 diocesis,
570 1653 748 1731 juramento
770 1653 912 1732 predicto
934 1673 999 1714 non
1021 1654 1164 1733 prestito,
1190 1654 1283 1715 titulo
1305 1655 1521 1718 institucionis

281 1760 415 1839 adeptus
443 1757 503 1818 fuit
538 1757 720 1837 fructusque
751 1757 893 1818 redditus
927 1763 959 1818 et
991 1764 1164 1837 proventus
1196 1761 1336 1839 percepit
1370 1781 1426 1840 per
1464 1782 1520 1823 sex

282 1885 382 1926 annos
404 1864 591 1943 etamplius
612 1883 650 1924 er
671 1865 748 1943 ipsa,
771 1884 834 1924 non
855 1863 975 1925 iaciens
995 1865 1203 1926 residenoiam
1225 1867 1430 1946 personalem.
1473 1869 1519 1929 Et

281 1990 432 2051 processu
459 1971 611 2049 temporis
638 1970 707 2049 ipsa
734 1970 859 2040 vicaria,
881 1969 968 2030 nulla
999 1969 1083 2031 iacta
1109 1977 1329 2050 perceptorum
1357 1972 1519 2033 fructuum

282 2077 495 2146 restitucione,
519 2096 555 2136 ac
586 2076 767 2156 hujusmodi
795 2075 903 2136 illicite
931 2077 1146 2156 percepcionis
1174 2077 1256 2138 vicio
1283 2097 1347 2138 non
1376 2083 1519 2158 purgato,

282 2183 422 2254 dimissa,
461 2181 672 2261 parochialem
710 2181 875 2243 ecclesiam
913 2182 952 2243 de
990 2182 1210 2261 Whyteburne
1244 2189 1348 2245 vestre
1382 2184 1517 2246 diocesis

282 2289 391 2350 eodem
414 2288 508 2348 titulo
529 2293 692 2348 assecutus
721 2288 789 2358 luit,
809 2308 904 2367 quam
932 2308 990 2367 per
1012 2288 1077 2367 xiiij
1103 2308 1204 2349 annos
1225 2290 1274 2350 vel
1296 2290 1378 2350 circa
1406 2291 1519 2362 tenuit,

282 2402 314 2457 et
342 2394 572 2474 subsequenter
592 2394 812 2455 canonicatum
833 2399 865 2455 et
886 2395 1077 2473 prebendam
1097 2396 1136 2455 de
1153 2394 1282 2457 Morton
1303 2401 1336 2458 et
1357 2397 1522 2458 Waddone

283 2501 394 2580 primo,
428 2505 460 2560 et
487 2520 525 2560 ea
551 2505 661 2578 postea
688 2498 819 2560 dimissa
845 2499 1038 2579 prebendam
1066 2500 1105 2560 de
1133 2501 1328 2570 Pottestone,
1353 2501 1387 2561 in
1414 2507 1522 2564 vestra

282 2607 414 2669 ecclesia
450 2605 526 2667 alias
561 2605 711 2666 canonice
746 2606 850 2667 extitit
885 2611 1058 2677 assecutus,
1095 2606 1198 2686 ipsam
1231 2626 1288 2686 per
1326 2607 1380 2687 viij
1420 2629 1523 2671 annos

283 2713 332 2775 vel
353 2714 437 2774 circa
457 2733 529 2773 cum
556 2713 697 2792 predicta
727 2712 859 2773 ecclesia
880 2713 993 2783 tenuit,
1018 2712 1140 2774 fructus
1170 2713 1315 2774 similiter
1344 2713 1523 2793 percipiens

283 2840 320 2880 ex
346 2819 476 2880 eisdem.
542 2819 659 2879 Verum
689 2838 761 2879 cum
793 2818 909 2879 dictam
938 2818 1087 2878 vicariam
1116 2824 1149 2880 et
1180 2819 1279 2879 eciam
1307 2819 1520 2898 parochialem

283 2925 447 2986 ecclesiam
476 2923 630 2985 dimiserit
662 2931 694 2984 et
730 2923 931 3004 prebendam,
963 2924 1133 3005 supplicari
1161 2925 1236 2986 iecit
1263 2925 1426 2987 humiliter
1459 2927 1520 2987 sibi

283 3051 377 3110 snper
404 3029 466 3091 hiis
490 3051 547 3109 per
568 3029 682 3091 Sedem
703 3030 917 3109 apostolicam
938 3031 977 3090 de
1005 3036 1161 3110 oportuno
1185 3031 1323 3092 remedio
1351 3031 1518 3110 provideri.

284 3135 350 3196 Nos
371 3134 467 3214 igitur
494 3135 563 3213 ejus
584 3134 869 3214 supplicacionibus
898 3134 1111 3195 favorabiliter
1134 3140 1311 3196 annuentes
1331 3135 1521 3197 auctoritate

284 3241 402 3303 domini
434 3242 528 3320 Pape,
561 3241 651 3319 cujus
679 3240 903 3320 penitenciarie
931 3260 1039 3301 curam
1069 3241 1216 3320 gerimus,
1249 3246 1352 3302 vestre
1386 3241 1520 3302 circum-

282 3347 441 3426 apecoioni
469 3346 697 3406 committimus
725 3345 884 3425 quatinus,
924 3346 951 3406 si
981 3351 1031 3407 eat
1061 3346 1115 3417 ita,
1147 3352 1316 3426 postquam
1351 3347 1390 3408 de
1424 3347 1520 3409 dietis

281 3449 436 3510 fructibus
471 3449 516 3510 sic
544 3449 662 3528 injuste
693 3449 827 3528 receptis
861 3449 950 3528 juxta
984 3454 1088 3510 vestre
1116 3449 1317 3510 discrecionis
1348 3450 1515 3511 arbitrium

281 3555 470 3618 satisfecerit
507 3559 724 3634 competenter
753 3553 786 3614 in
814 3554 993 3615 evidentem
1021 3555 1193 3615 utilitatem
1220 3555 1360 3635 ipsarum
1388 3556 1515 3618 ecclesi·

280 3681 370 3722 arum
415 3659 550 3721 fideliter
593 3661 822 3729 convertendis,
868 3660 1013 3739 injuncta
1049 3661 1123 3721 inde
1161 3661 1220 3722 sibi
1259 3655 1298 3721 ab
1336 3662 1517 3724 excessibus

280 3765 464 3846 hujusmodi
495 3765 694 3825 absolucione
725 3765 832 3844 previa
852 3765 1031 3844 penitencia
1060 3765 1199 3837 salutari,
1232 3772 1264 3826 et
1295 3767 1364 3827 aliis
1395 3787 1457 3847 que
1487 3769 1518 3829 ei

280 3871 423 3932 videritis
457 3871 658 3950 injungenda,
700 3890 796 3949 super
836 3869 1074 3950 irregularitatis
1108 3878 1141 3931 et
1181 3871 1389 3932 inhabilitatis
1431 3878 1518 3946 nota,

280 3979 307 4039 si
332 3997 427 4057 quam
452 3977 558 4036 iorean
582 3995 620 4036 ex
644 3976 806 4055 premissis
828 3977 1027 4047 contraxerit,
1051 3977 1198 4056 quodque
1222 3977 1307 4036 aliud
1327 3976 1517 4038 beneficium

279 4091 384 4163 preter
416 4082 469 4143 illa
500 4082 559 4142 hac
588 4082 664 4152 vioe,
697 4082 723 4142 si
751 4083 810 4142 sibi
839 4083 989 4143 canonice
1017 4083 1205 4152 conferatur,
1235 4082 1385 4143 canonice
1415 4083 1519 4162 possit

279 4191 363 4252 licite
391 4189 542 4259 obtinere,
564 4208 636 4248 cum
657 4208 705 4258 eo,
727 4189 753 4249 ei
775 4187 859 4250 aliud
882 4189 910 4249 ei
931 4208 996 4249 non
1017 4188 1151 4249 obsistat
1175 4188 1371 4260 canonicum,
1398 4187 1519 4249 miseri·

277 4297 413 4358 corditer
440 4294 638 4373 dispensetis.
682 4295 799 4354 Datum
829 4294 992 4364 Avinione,
1018 4295 1075 4371 vij⁰
1094 4293 1173 4354 Idus
1195 4293 1281 4363 Julii,
1303 4293 1514 4356 Pontificatus

275 4400 394 4461 domini
415 4399 444 4460 J.
471 4400 557 4478 Pape
585 4398 686 4458 XXII
717 4418 799 4459 anno
824 4399 930 4460 tercio.

280 4605 355 4684 July
381 4605 596 4665 9.-Lettero
638 4604 852 4682 Bcrcuqurt'm,
878 4605 998 4683 Bisbop
1022 4605 1057 4682 of
1083 4604 1257 4674 Tusculum,
1283 4604 1440 4684 cujoiuinp
1466 4607 1516 4667 tiu

403 4685 521 4764 Biehop
535 4684 570 4765 os
621 4685 737 4764 cresord
760 4692 788 4745 to
809 4685 908 4745 admit
924 4693 952 4746 io
967 4705 1113 4764 pcuamc,
1134 4686 1215 4763 oster
1234 4685 1433 4764 satisfactiou
1453 4686 1517 4746 hed

404 4768 475 4828 baca
494 4765 591 4837 macic,
613 4765 737 4826 Emcric
758 4766 950 4845 Poumesotc,
971 4766 1039 4826 ubo
1061 4765 1123 4825 aaa
1143 4765 1316 4826 committed
1336 4765 1465 4844 aimouy.

363 4916 451 4974 Isau
471 4931 610 4973 nrrraae
631 4931 758 4983 ooursr,
784 4931 1030 4972 rsnlrnsomau
1051 4930 1168 4972 nourrii
1191 4913 1278 4971 Para
1300 4931 1361 4972 rao
1389 4932 1516 4976 nonme

283 5014 435 5073 Euaruco
460 5009 886 5070 Prusenses-Venerabili
908 5010 941 5068 in
965 5010 1092 5070 Christo
1116 5009 1208 5089 patri,
1231 5009 1291 5070 Dei
1311 5011 1415 5089 gracia
1439 5012 1516 5092 Epi-

344 5133 426 5173 l-For
440 5129 477 5171 bia
490 5128 628 5170 institution
641 5131 667 5170 to
682 5129 790 5170 Stretton
804 5140 844 5170 aee
859 5127 941 5170 Swini.
956 5130 1021 5175 Res..
1035 5127 1052 5169 i.
1068 5129 1127 5171 isid.
