3850 5917
682 706 833 786 Episcopi
860 706 1103 786 Hercjordcasic.
1452 707 1511 768 177

124 939 231 976 *12¹³ss-
272 932 305 990 in
326 931 454 991 Christo
485 931 577 1010 patri,
599 931 727 992 domino
752 930 828 1002 Ade,
858 937 928 1002 etc,
957 931 1095 992 Thomas
1126 930 1309 1008 [Oobham],
1332 930 1511 1009 Episcopus

272 1036 521 1115 Wygomiensis‚
557 1035 701 1107 salutem,
743 1040 803 1096 etc.
866 1034 914 1095 Ad
949 1035 1180 1096 admittendum
1216 1040 1248 1096 et
1283 1035 1511 1114 acceptandum

272 1140 521 1221 resignacionem
549 1140 693 1220 magistri
723 1140 880 1202 Johannis
908 1141 1126 1211 1601161666,
1149 1141 1293 1202 Rectoris
1318 1139 1448 1201 ecclesie
1473 1140 1512 1200 16

271 1247 494 1326 Tyderintone‚
516 1251 624 1307 nostre
646 1247 788 1318 diocesis,
808 1266 903 1327 quam
925 1247 964 1306 16
986 1247 1070 1306 dicta
1091 1246 1222 1307 ecclesia
1243 1246 1344 1307 facere
1365 1246 1510 1316 intendit,

271 1358 307 1413 ut
327 1352 452 1426 dicitur,
475 1372 571 1413 causa
587 1351 833 1432 permutacionis
852 1351 1053 1430 interipsum
1069 1351 1248 1412 Johanuem
1269 1357 1301 1411 et
1316 1351 1510 1410 Willelmum

273 1458 311 1519 16
347 1458 459 1537 Wyke,
492 1458 658 1518 Rectorem
688 1457 819 1518 ecclesie
850 1458 889 1517 de
920 1457 1035 1528 Etone‚
1067 1461 1170 1517 vestre
1202 1456 1343 1527 diocesis,
1375 1456 1414 1517 16
1445 1457 1513 1517 6616

271 1561 453 1640 hujusmodi
484 1562 645 1623 beneficiis
677 1582 715 1622 61(
736 1561 839 1622 causis
875 1562 1024 1641 legitimis
1053 1561 1203 1633 faciende,
1232 1581 1356 1622 necnon
1389 1563 1509 1622 dictum

272 1668 465 1728 Willelmum
493 1668 533 1728 ad
557 1667 712 1747 prefatam
733 1668 898 1729 ecclesiam
927 1668 966 1728 16
988 1667 1200 1746 Tyderintone
1225 1668 1456 1728 admittendum
1477 1669 1510 1727 in

269 1773 369 1834 forma
396 1773 557 1844 canonica,
586 1777 618 1834 et
646 1773 877 1834 instituendum
905 1773 938 1832 in
967 1774 1077 1834 eadem
1105 1779 1137 1834 et
1162 1774 1194 1832 in
1220 1774 1413 1853 corporalem
1438 1795 1508 1853 pos·

270 1880 444 1941 sessionem
488 1880 631 1959 ejusdem
676 1879 806 1940 ecclesie
851 1879 1073 1950 inducendum,
1124 1879 1269 1940 iuducive
1314 1900 1370 1960 per
1414 1880 1510 1940 alium

270 1985 457 2056 laciendum,
486 1991 519 2045 et
547 1985 586 2045 ad
617 1985 725 2045 omnia
752 1985 814 2044 alia
846 1989 877 2045 et
910 1985 1033 2064 singula
1064 1985 1207 2045 facienda
1235 2005 1296 2066 que
1328 1986 1510 2065 hujusmodi

270 2090 515 2169 permutacionis
539 2091 704 2169 negocium
730 2090 825 2169 exigit
845 2096 879 2150 et
898 2091 1039 2170 requirit,
1062 2091 1150 2152 vobis
1172 2092 1256 2152 vices
1280 2097 1404 2152 nostras
1427 2113 1509 2153 com·

271 2197 428 2256 mittimus
459 2216 532 2256 cum
556 2195 788 2275 canonicaque
811 2195 843 2254 16
865 2196 925 2255 hac
953 2201 1042 2276 parte
1062 2197 1230 2276 requiritur
1258 2203 1424 2276 potestate,
1454 2219 1512 2260 vos

270 2307 418 2381 rogantes
439 2301 588 2380 quatinus
610 2301 649 2361 de
670 2301 732 2362 hiis
753 2321 815 2381 que
836 2300 974 2362 feceritis
994 2302 1027 2360 in
1053 2302 1215 2381 premissis
1245 2323 1303 2363 uos
1332 2303 1511 2366 certificetis

271 2428 327 2488 per
347 2409 479 2478 litteras,
501 2412 560 2468 etc.
603 2409 724 2468 Datum
752 2408 834 2486 aput
865 2408 1008 2468 Burtone
1030 2427 1124 2488 super
1145 2409 1326 2480 Trentham,
1355 2419 1408 2470 xv⁰
1440 2410 1509 2470 Kal.

273 2513 444 2584 Februarii,
466 2533 550 2573 anno
572 2513 701 2573 Domini
723 2512 911 2574 mecona

354 2672 494 2745 Quarum
533 2670 720 2730 auctoritate
744 2669 921 2730 litterarum
955 2669 1058 2729 dictus
1094 2669 1240 2730 dominus
1268 2669 1511 2730 Herefordensis

272 2776 460 2857 Episcopus,
488 2775 736 2856 resignacionem
765 2775 841 2834 dicti
872 2775 1015 2854 magistri
1044 2774 1201 2836 Johannis
1233 2781 1409 2854 acceptans,
1441 2795 1509 2854 pre·

271 2883 391 2948 dictum
408 2882 593 2962 magistrum
609 2880 803 2942 Willelmum
825 2881 864 2941 16
879 2881 982 2960 Wyke
1002 2881 1041 2942 ad
1065 2881 1229 2942 ecclesiam
1250 2882 1288 2942 16
1308 2881 1510 2941 Tiderintone

270 2989 443 3068 predictam
483 2992 658 3057 vacantem,
698 2987 739 3046 ad
775 2986 1047 3066 presentacionem
1085 2986 1283 3047 dominorum
1323 2986 1440 3047 Prioris
1479 2991 1512 3046 et

271 3095 454 3156 Conventus
501 3094 657 3155 Lentonis
701 3094 791 3173 juxta
833 3093 1073 3164 Gloucestriam,
1117 3113 1262 3154 verorum
1305 3099 1510 3172 patronorum

270 3200 401 3262 ecclesie
432 3199 600 3270 antedicta,
630 3199 758 3260 admisit
786 3205 818 3260 et
846 3200 1014 3260 Rectorem
1044 3199 1182 3259 instituit
1210 3199 1243 3258 in
1274 3198 1394 3268 eadem,
1426 3199 1512 3278 apud

272 3307 410 3386 Sugwss,
442 3305 504 3382 xxij
534 3305 584 3365 die
616 3304 734 3365 mensis
763 3303 915 3374 Januarii,
943 3323 1027 3364 anno
1066 3303 1195 3363 Domini
1220 3303 1409 3382 supradicto.
1465 3303 1511 3363 Et

270 3411 390 3472 eisdem
418 3411 477 3482 die,
513 3411 590 3482 loco,
623 3416 655 3471 et
684 3430 767 3470 anuo
796 3410 958 3471 mandavit
988 3409 1120 3470 Officiali
1142 3409 1261 3469 domini
1290 3407 1509 3469 Archidieconi

271 3517 534 3578 Glaucestriensis
555 3517 639 3596 quod
660 3515 765 3595 ipsum
787 3515 981 3576 Willelmum
1004 3515 1167 3576 induceret
1192 3534 1248 3575 seu
1272 3514 1378 3574 induci
1393 3513 1511 3575 laceret

271 3624 303 3683 iu
330 3622 524 3703 corporalem
545 3622 779 3702 possessionem
807 3621 938 3683 ecclesie
959 3621 1147 3700 supradicte.

274 3940 345 4000 Jaa.
366 3937 524 3999 23-le
545 3937 672 4016 ussup,
695 3939 733 4014 by
754 3937 913 4014 authority
932 3937 968 4015 of
986 3937 1034 3996 tho
1055 3937 1146 4015 Popa,
1168 3937 1284 4017 confers
1308 3935 1356 3997 the
1377 3937 1457 4015 office
1477 3937 1514 4015 os

392 4026 503 4097 notat-y
524 4019 631 4098 public
655 4038 738 4098 apoc
763 4019 878 4078 Walter
899 4017 936 4078 dc
959 4017 1160 4078 Laomiastor.

351 4200 533 4262 Ooucassro
553 4217 673 4259 curren
687 4217 952 4259 rausnnrouarus
968 4217 1068 4258 sacra
1084 4199 1250 4258 Wanraao
1271 4216 1315 4258 na
1332 4199 1509 4258 Lucrinus-

271 4303 642 4384 rmu-Memorandum
666 4304 750 4384 quod
775 4304 862 4382 xxiij⁰
886 4303 936 4364 die
961 4303 1079 4363 mensis
1100 4302 1252 4372 Januarii,
1274 4322 1358 4362 anno
1380 4301 1509 4362 Domini

272 4412 471 4482 M⁶O000xx⁰‚
500 4410 647 4472 dominus
671 4410 781 4482 Adam,
810 4411 989 4490 Episcopus
1018 4409 1268 4479 Herefordensis‚
1294 4409 1414 4470 habens
1441 4428 1508 4488 gra-

272 4517 352 4579 ciam
376 4522 409 4577 et
432 4521 623 4596 potestatem
648 4537 666 4576 a
689 4517 817 4576 domino
841 4516 988 4577 Johanne
1013 4516 1099 4595 Papa
1124 4514 1234 4584 XXII,
1263 4515 1342 4575 duos
1370 4514 1511 4575 notarios

272 4623 414 4702 ejusdem
453 4623 539 4702 Papo
577 4623 764 4682 auctoritate
803 4622 938 4692 creandi,
978 4627 1071 4702 prout
1105 4620 1138 4679 in
1177 4619 1291 4680 litteris
1329 4619 1511 4699 apostolicis

272 4729 417 4810 superius
446 4729 477 4788 in
502 4728 683 4808 hujusmodi
709 4728 931 4789 tabellionatus
955 4729 1048 4788 officii
1077 4725 1279 4788 concessione
1306 4746 1363 4805 per
1390 4725 1510 4784 dictum

274 4833 467 4914 Episcopum
482 4833 617 4894 Ricardo
636 4833 740 4894 Berde
757 4834 869 4894 clerico
886 4833 970 4893 facta
986 4833 1110 4913 plenius
1128 4833 1315 4902 continetur,
1333 4830 1510 4890 Walterum

274 4939 313 5002 (16
343 4937 566 5000 116οωί616616
594 4938 752 5010 clericum,
780 4939 850 5000 loco
878 4940 1008 5000 secundi
1032 4939 1158 5008 creavit,
1184 4943 1310 5016 recepto
1335 4937 1374 4997 ab
1399 4937 1509 4997 eodem

276 5042 453 5122 juramento
481 5043 654 5104 secundum
683 5049 824 5105 teucrem
852 5045 1007 5105 dictarum
1036 5044 1212 5105 litterarum
1241 5044 1492 5122 apostolicarum.
