3850 5917
699 672 850 753 Episcopi
876 672 1119 753 Hercsordcnsis.
1466 675 1526 737 279

84 904 156 947 M)-
176 904 250 947 ¹³²⁴·
292 901 367 967 tate,
389 896 465 968 vice,
480 898 530 958 vel
551 898 709 959 mandato.
764 898 847 959 Item
875 898 947 978 quie
974 898 1108 979 percipit
1137 900 1276 960 decimas
1297 904 1329 961 et
1356 900 1528 962 mortuaria

291 1002 489 1063 audiencium
510 1002 617 1064 divim
636 1003 738 1064 officia
758 1002 792 1063 in
812 1004 944 1066 ecclesia
965 1024 1021 1065 seu
1042 1005 1161 1085 capella
1188 1004 1336 1085 predicte.
1378 1006 1461 1067 Item
1485 1026 1526 1067 an

292 1107 407 1168 habeat
434 1108 628 1187 sepulturam
655 1112 688 1170 et
715 1109 943 1190 baptisterium,
969 1116 1002 1171 et
1032 1110 1059 1171 si
1091 1111 1205 1172 babeat
1232 1111 1460 1191 baptisterium,
1485 1132 1527 1173 au

292 1215 352 1276 boc
374 1215 416 1277 sit·
437 1220 588 1296 tauquam
610 1216 643 1276 in
670 1216 802 1278 ecclesia
822 1237 878 1295 per
909 1236 943 1278 se
968 1222 1085 1289 curata,
1107 1217 1156 1279 vel
1177 1223 1328 1299 tanquam
1353 1218 1385 1277 in
1406 1218 1527 1298 capella

292 1321 440 1382 distincte
461 1320 623 1382 amatrice
643 1321 775 1382 ecclesia
793 1326 921 1401 propter
942 1322 1116 1401 periculum
1136 1322 1311 1383 animarum
1331 1342 1525 1384 concessum.

293 1425 376 1486 Item
397 1426 480 1506 apud
508 1446 602 1505 quem
623 1432 672 1487 est
692 1426 792 1505 ipsius
820 1447 903 1499 cura,
931 1433 964 1489 et
985 1448 1025 1487 an
1054 1428 1143 1489 alteri
1167 1428 1297 1489 ecclesie
1322 1428 1472 1508 subjecta,
1493 1435 1527 1491 et

292 1533 352 1604 cui,
373 1532 548 1613 atquibus.
591 1533 675 1594 Item
696 1553 737 1593 an
759 1533 848 1594 alteri
869 1534 999 1595 ecclesie
1020 1534 1053 1594 in
1074 1554 1180 1595 annuo
1200 1540 1345 1596 teneatur
1365 1555 1471 1607 censu,
1493 1541 1526 1597 et

292 1658 330 1699 ex
360 1658 423 1718 qua
452 1658 556 1698 causa.
612 1638 696 1699 Item
724 1658 765 1698 an
795 1638 829 1697 in
857 1638 1071 1719 solempnibus
1099 1639 1188 1701 iestis
1213 1639 1348 1701 ministri
1383 1640 1524 1720 ejusdem

292 1744 421 1805 ecclesie
449 1763 506 1804 seu
536 1743 655 1822 capelle
691 1748 725 1804 et
762 1743 943 1822 parochiani
975 1745 1116 1822 ejusdem
1155 1745 1195 1804 ad
1230 1744 1323 1805 aliam
1360 1744 1523 1806 ecclesiam

292 1855 441 1930 tauquam
463 1849 626 1910 matricem
647 1850 680 1909 iu
699 1849 824 1928 signum
838 1848 1047 1927 subjeccionis
1065 1869 1138 1910 cum
1157 1849 1358 1929 processione
1379 1850 1526 1911 accedere

292 1960 468 2026 teneantur,
489 1958 522 2015 et
543 1954 581 2015 ad
602 1974 707 2034 quem,
728 1960 761 2015 et
781 1954 939 2034 quociens,
965 1960 997 2016 et
1018 1956 1152 2035 quando.
1205 1954 1245 2015 In
1276 1956 1387 2017 ceteris
1418 1961 1524 2017 autem

293 2080 330 2120 ex
364 2060 477 2140 quibus
507 2065 613 2121 restra
640 2060 791 2122 discrecio
820 2060 944 2140 plenius
975 2061 1092 2142 poterit
1122 2061 1236 2122 instrui
1266 2061 1299 2121 iu
1331 2061 1390 2123 hac
1423 2066 1523 2141 parte,

292 2164 515 2226 informacione
542 2165 674 2245 pleniori
702 2186 797 2246 quam
829 2166 974 2245 poteritis
1001 2186 1097 2246 super
1124 2166 1286 2245 premissis
1313 2172 1345 2227 et
1370 2166 1439 2227 aliis
1466 2185 1524 2245 per

291 2291 348 2332 vos
368 2278 501 2351 recepta,
523 2291 582 2332 nos
602 2272 641 2333 de
662 2272 712 2333 die
732 2272 933 2352 recepoionis,
958 2278 1017 2333 etc.
1061 2274 1180 2334 Datum
1205 2273 1387 2345 Loudoniis,
1413 2282 1446 2332 ι’
1472 2272 1523 2334 die

292 2375 413 2447 Marcii,
434 2396 517 2436 anno
544 2382 704 2456 utsupra.

291 2630 373 2690 Mar.
394 2629 529 2690 o-Tto
551 2630 685 2709 Chapter
712 2630 747 2709 os
767 2630 918 2709 Heresord
938 2632 1067 2709 appetat
1098 2630 1200 2690 Adam
1224 2630 1414 2692 Murimoutir
1439 2639 1468 2692 to
1489 2631 1523 2692 bc

415 2710 494 2771 their
510 2717 633 2790 procior
646 2711 701 2790 for
720 2709 844 2789 ccttlinp
859 2710 939 2771 tbcrr
954 2710 1091 2790 disputes
1110 2710 1187 2770 with
1204 2710 1287 2771 John
1303 2711 1339 2771 de
1359 2712 1448 2783 Rosa,
1469 2732 1524 2773 one

413 2792 448 2871 os
472 2792 521 2852 the
544 2792 675 2863 Conona,
701 2791 880 2870 corwcmirrp
901 2791 1020 2852 certain
1039 2792 1112 2852 duee
1133 2790 1235 2852 which
1259 2792 1294 2853 he
1315 2792 1454 2853 claimed.

371 2964 650 3024 Pnocunuuomuu
685 2966 842 3025 cinnum
880 2965 1250 3025 Hsausoanausrs.—In
1289 2966 1348 3027 Dei
1385 2966 1522 3039 nomine,

290 3070 400 3131 Amen.
443 3071 534 3131 Anno
552 3070 592 3131 ab
610 3070 836 3132 incarnacione
854 3071 997 3150 ejusdem
1015 3070 1248 3151 M⁰CCC⁰xxiij⁰,
1268 3071 1449 3133 Indiccione
1467 3073 1521 3151 vij,

291 3177 498 3238 Pontificatus
522 3176 712 3239 sanctissimi
740 3177 838 3256 patris
866 3183 898 3238 et
925 3177 1045 3237 domini
1073 3176 1182 3248 nostri,
1210 3176 1329 3238 domini
1357 3177 1523 3250 Johannis,

291 3283 395 3343 dlvina
422 3282 622 3362 providencia
649 3283 735 3361 Pape
763 3281 872 3353 XXII,
901 3302 985 3343 anno
1013 3281 1088 3361 viij0,
1117 3282 1235 3342 mensis
1263 3281 1374 3342 Marcii
1402 3282 1452 3343 die
1479 3291 1521 3354 v⁰,

289 3387 482 3450 venerabiles
513 3388 580 3458 viri,
612 3388 749 3449 Thomas
780 3388 819 3447 de
852 3387 1082 3468 P[enbrugge],
1110 3387 1344 3459 Thesaurarius,
1373 3388 1523 3467 magister

290 3495 427 3555 Thomas
454 3494 492 3555 de
521 3493 754 3575 C[herletone],
783 3499 851 3565 etc,
880 3494 1023 3554 canonici
1048 3494 1177 3555 ecclesie
1205 3494 1392 3555 cathedralis
1422 3496 1521 3556 Here-

289 3600 443 3661 iordensis
471 3600 503 3659 in
531 3600 694 3680 presencia
721 3600 791 3670 mei,
820 3599 934 3659 notarii
961 3599 1078 3679 publici
1106 3598 1305 3680 infrascripti,
1331 3606 1363 3661 et
1391 3601 1522 3661 testium

290 3704 545 3784 subscriptorum,
573 3704 606 3762 in
633 3704 733 3782 ipsius
760 3703 890 3764 ecclesie
917 3704 986 3764 loco
1017 3703 1180 3782 capitulari
1211 3704 1417 3783 personaliter
1447 3725 1520 3767 con-

290 3810 402 3881 stituti,
424 3815 456 3870 et
475 3814 551 3869 tuuc
565 3808 745 3888 Capitulum
766 3810 907 3887 ejusdem
928 3808 1059 3869 ecclesie
1073 3808 1232 3881 iacientes,
1255 3828 1312 3870 suo
1326 3810 1521 3892 aliorumque

289 3914 511 3975 canonicorum
530 3913 671 3993 ejusdem
692 3913 822 3974 ecclesie
843 3912 902 3974 sibi
923 3913 1144 3974 adhibeucium
1159 3933 1195 3974 ac
1216 3914 1370 3974 dictorum
1390 3915 1520 3977 ecclesie

289 4026 321 4081 et
345 4019 482 4098 Capituli
509 4018 645 4090 nomine,
671 4018 878 4080 venerabilem
903 4018 1015 4089 virum,
1040 4018 1225 4097 magistrum
1251 4018 1286 4078 A.
1312 4020 1519 4093 Murimoutb,

288 4124 367 4203 juris
394 4124 494 4185 civilis
520 4123 737 4203 professorem,
770 4124 1016 4183 concanonicum
1046 4143 1148 4195 suum,
1179 4122 1341 4184 absentem
1370 4130 1520 4206 tauquam

288 4235 466 4309 presentem
501 4229 650 4301 iecerunt,
686 4230 927 4301 constituerunt,
962 4234 995 4289 et
1029 4230 1253 4291 ordinaverunt
1285 4251 1377 4291 suum
1411 4253 1520 4294 verum

288 4342 321 4396 et
354 4336 529 4415 legitimum
563 4340 806 4415 procuratorem,
848 4336 1045 4415 negotiorum
1087 4340 1252 4415 gestorem,
1296 4358 1332 4397 ac
1370 4340 1520 4400 nuncium

288 4442 456 4522 specialem
495 4441 535 4502 ad
572 4441 780 4511 tractandum,
816 4442 1061 4522 transigendum,
1098 4444 1358 4521 componendum,
1392 4444 1519 4507 finalem

288 4568 397 4627 pacem
432 4552 464 4609 et
498 4548 696 4609 concordiam
730 4548 914 4619 taciendam,
950 4568 1023 4607 cum
1058 4548 1227 4609 venerabili
1262 4550 1338 4621 viro,
1370 4552 1520 4631 magistro

288 4653 434 4715 Iohanne
457 4654 496 4715 de
520 4654 593 4725 Ros,
619 4654 830 4714 concanonico
853 4674 920 4725 suo,
945 4673 1041 4733 super
1064 4654 1210 4715 omnibus
1238 4654 1354 4727 litibus,
1382 4660 1518 4737 questio-

288 4758 389 4830 nibus,
428 4779 464 4820 ac
501 4760 722 4821 controversiis
759 4760 842 4820 inter
879 4759 1015 4829 eundem
1050 4760 1235 4839 magistrum
1271 4761 1448 4823 Johannem
1487 4770 1521 4826 et

287 4865 444 4945 prefatum
468 4865 658 4945 Capitulum,
682 4866 855 4938 ecclesiam,
881 4872 913 4927 et
936 4866 1106 4926 canonicos
1130 4866 1229 4945 ipsius
1259 4867 1397 4940 ecclesie,
1424 4871 1519 4931 motis

288 4972 451 5033 occasione
484 4971 680 5052 quorundam
714 4970 882 5043 fructuum,
917 4971 1106 5041 reddituum,
1138 4976 1170 5032 et
1200 4977 1409 5051 proventuum
1440 4995 1520 5055 quoe

289 5075 372 5137 idem
399 5076 549 5156 magister
574 5076 736 5138 Iohannes
762 5077 888 5138 racione
915 5076 1119 5137 canonicatus
1146 5081 1179 5136 et
1201 5075 1358 5155 prebende
1383 5098 1461 5159 quos
1485 5082 1519 5140 in
