3850 5917
404 703 463 763 186
778 701 957 780 chistrum
984 700 1050 761 ade
1076 699 1114 761 de
1143 696 1267 763 Orletoa

234 933 291 972 Α-θ·
309 934 363 973 ¹³²¹·
406 926 460 1006 qui
499 927 640 1004 ejusdem
671 927 719 986 W.
749 926 788 986 ab
823 926 915 986 annis
949 925 1067 986 teneris
1097 923 1250 985 habemus
1278 924 1428 985 noticiam
1456 924 1638 1003 pleniorem,

404 1051 461 1110 per
487 1031 605 1093 tamam
632 1031 790 1110 publicam
812 1038 845 1092 et
866 1031 1072 1111 probaoiones
1097 1029 1175 1091 alias
1196 1029 1353 1110 legitimas
1382 1029 1575 1091 sufficienter
1593 1039 1640 1090 est

404 1137 487 1196 facta
514 1137 601 1198 fides.
644 1137 684 1196 In
712 1139 804 1216 cujus
830 1137 875 1197 rai
897 1137 1115 1198 testimonium
1143 1136 1245 1196 eidam
1270 1135 1411 1196 Waltero
1435 1135 1493 1195 has
1520 1133 1641 1196 litteras

404 1247 529 1302 nostras
567 1242 681 1321 quibus
719 1249 830 1302 contra
857 1241 1042 1301 latrantium
1084 1260 1208 1302 morsus
1239 1246 1328 1302 tutus
1370 1246 1402 1301 et
1442 1240 1641 1319 premunitus

403 1348 519 1408 existat
540 1347 686 1409 duximus
711 1348 936 1409 concedendas.
980 1349 1098 1408 Datum
1121 1345 1302 1420 Londoniis,
1321 1347 1364 1408 ix⁰
1391 1348 1441 1408 die
1469 1347 1639 1418 Februarii,

404 1475 488 1515 anno
509 1455 638 1515 Domini
654 1451 854 1515 M⁰OOO⁰xx⁰.

404 1746 476 1807 Feb.
502 1747 696 1807 12.-Adam
722 1748 917 1807 Marimaath
942 1747 1005 1807 tad
1028 1747 1172 1808 obtained
1200 1768 1221 1807 a
1250 1749 1348 1808 Graec
1370 1749 1454 1827 from
1483 1749 1532 1809 the
1559 1750 1640 1828 Papc

529 1827 603 1887 that
626 1828 660 1888 he
684 1827 782 1906 might
807 1836 909 1907 accept
935 1829 984 1888 the
1007 1836 1079 1890 aeut
1103 1836 1215 1889 vacam
1245 1828 1388 1906 Caaorery
1413 1829 1475 1889 and
1503 1830 1641 1890 Prebeeui

527 1909 562 1986 of
587 1909 747 1987 Herefard.
810 1909 859 1968 He
886 1909 1035 1988 accepted,
1065 1909 1218 1989 therefore,
1249 1909 1298 1969 the
1333 1909 1472 1970 Probead
1499 1912 1535 1990 os
1566 1911 1640 1971 Bat-

529 1988 678 2068 tirrphope,
706 1997 818 2049 vacam
847 1990 884 2067 by
914 1989 963 2050 the
990 1989 1083 2050 death
1110 1991 1145 2071 of
1170 1990 1254 2050 Jota
1280 1989 1317 2050 de
1344 1990 1554 2068 Aquablaaca.
1610 1992 1641 2051 It

527 2090 590 2129 was
618 2070 799 2148 afterwards
820 2070 924 2150 found
952 2070 1020 2130 that
1045 2071 1130 2131 John
1152 2071 1189 2130 de
1213 2070 1415 2150 Aqrcablaaca
1441 2071 1502 2131 trad
1528 2073 1599 2132 been
1621 2093 1643 2132 a

527 2151 631 2228 Papat
667 2151 831 2229 Chaptata,
867 2151 930 2210 aad
963 2151 1030 2211 that
1063 2152 1208 2230 therefore
1241 2151 1289 2211 aa
1317 2153 1525 2231 preserraeats,
1556 2152 1644 2213 when

529 2231 597 2309 they
623 2231 683 2310 felt
710 2238 831 2302 vacam,
860 2252 935 2291 were
961 2233 1098 2292 reseruari
1127 2239 1157 2292 to
1186 2233 1234 2292 the
1262 2233 1352 2311 Pope.
1409 2233 1510 2292 Adam
1541 2233 1641 2293 Mari·

527 2312 642 2381 mouth,
669 2311 822 2390 therefore,
844 2312 953 2372 clairns
980 2311 1047 2372 that
1073 2312 1121 2372 his
1149 2313 1246 2373 Grace
1265 2313 1350 2392 from
1375 2313 1424 2373 the
1447 2314 1530 2392 Pcpe
1556 2313 1641 2374 aas

527 2392 675 2550 {podda
698 2392 752 2531 tiu}1
770 2400 842 2453 nect
865 2400 977 2453 vacant
1001 2393 1160 2454 Prebcrtd:
1190 2394 1254 2454 aad
1276 2394 1324 2454 the
1344 2394 1438 2454 claim
1463 2394 1490 2454 e's
1516 2395 1642 2456 aenaea

596 2481 606 2532 t
658 2473 730 2544 ‚Bis
753 2493 800 2552 op.

489 2653 634 2713 Lirenas
670 2672 775 2714 sarna
809 2672 1072 2714 eaornsrscmnn
1109 2672 1263 2715 assisini
1300 2655 1335 2714 A.
1372 2655 1642 2716 Memnones.-

406 2760 516 2830 Adam,
545 2766 614 2830 ete,
637 2761 759 2822 dilectis
780 2761 853 2821 filiis
875 2760 1021 2840 Capitulo
1047 2760 1271 2822 Herafordensi
1297 2761 1475 2840 nostrisque
1503 2762 1640 2822 officiali-

405 2865 473 2936 bus,
496 2866 658 2936 ministris,
685 2886 721 2926 ac
745 2866 880 2928 subditis
908 2866 1156 2946 quibuscunque,
1178 2885 1301 2927 necnon
1329 2865 1476 2926 omnibus
1507 2887 1640 2947 quorum

404 2973 536 3034 interest
564 2973 613 3033 vel
648 2973 800 3034 interesse
828 2974 945 3053 poterit
988 2973 1021 3031 in
1059 2973 1118 3033 hae
1154 2979 1252 3054 parte,
1288 2972 1432 3042 salutem,
1471 2979 1530 3033 etc.
1595 2972 1642 3033 Ad

403 3079 619 3138 universitatis
648 3083 751 3138 vestre
780 3078 929 3138 noticiam
958 3078 1070 3138 deduci
1107 3078 1251 3138 volumus
1280 3098 1337 3157 per
1365 3084 1528 3158 presentes
1557 3079 1640 3158 quod

403 3205 487 3245 anno
508 3183 548 3244 ab
576 3183 801 3244 incarnacione
827 3184 956 3245 Domini
986 3184 1159 3244 seeundum
1187 3203 1279 3244 usum
1308 3183 1638 3263 ecelesie'Anglicane

404 3290 613 3358 Meosne,
635 3291 754 3350 mensis
771 3290 932 3350 Februarii
951 3290 1002 3351 die
1024 3290 1076 3369 xij,
1099 3289 1273 3350 indiccione
1293 3296 1414 3368 quarta,
1436 3290 1640 3370 pontificatus

404 3395 597 3457 sanctissimi
625 3396 657 3455 in
687 3395 814 3456 Christo
841 3395 941 3475 patris
969 3415 1005 3456 ae
1034 3395 1162 3465 domini,
1191 3394 1309 3455 domini
1340 3394 1495 3456 Johannis
1534 3395 1642 3457 divina

404 3501 605 3582 providencia
633 3502 718 3580 Papa
746 3501 857 3572 XXII,
893 3501 926 3560 in
959 3501 1102 3580 hospicio
1136 3505 1245 3560 nostro
1278 3500 1459 3571 Londoniis,
1485 3501 1640 3562 discretus

404 3607 461 3678 vir,
490 3608 639 3686 magister
667 3607 766 3668 Adam
795 3608 1012 3687 Murymouth,
1048 3613 1156 3667 noster
1183 3605 1353 3667 canonicus
1389 3605 1640 3678 Heretordensis,

406 3715 438 3773 in
467 3720 575 3774 nostra
599 3714 762 3792 presencia
784 3714 977 3774 constitutus
1009 3712 1167 3792 quandam
1189 3711 1452 3791 protestaeionem
1486 3731 1542 3772 seu
1569 3733 1639 3792 pro·

405 3818 598 3898 posicionem
633 3818 666 3876 in
698 3818 824 3897 scriptis
845 3819 1003 3879 redactam
1039 3817 1113 3878 fecit
1146 3823 1178 3877 et
1213 3816 1376 3896 proposuit
1409 3837 1513 3877 coram
1550 3818 1641 3880 nobis

406 3925 497 4004 cujus
518 3929 609 3984 tenor
625 3929 674 3984 est
695 3923 828 3984 talis:-

488 4055 527 4114 In
549 4055 609 4115 Dei
630 4054 767 4124 nomina,
791 4053 900 4114 Amen.
944 4053 1057 4114 Coram
1079 4052 1176 4123 vobis,
1200 4052 1370 4113 reverendo
1389 4053 1492 4124 Patra,
1512 4053 1641 4116 domino

406 4161 483 4232 Ada,
504 4168 574 4232 eta,
596 4181 662 4240 ege,
685 4161 785 4220 Adam
817 4161 1034 4239 Murymouth,
1067 4165 1170 4220 vester
1190 4157 1360 4219 canonicus
1389 4158 1640 4231 Herefordensis,

406 4267 477 4328 dico
504 4273 537 4328 et
564 4267 768 4346 protestando
793 4285 934 4345 propono
959 4287 996 4326 ac
1024 4264 1227 4346 proponendo
1254 4269 1421 4344 protestor,
1450 4267 1534 4344 quod
1567 4265 1641 4327 lieet

406 4372 544 4432 Thomas
561 4371 600 4430 de
619 4371 649 4430 la
669 4371 776 4440 Barra,
797 4375 981 4448 procurator
1000 4389 1098 4440 meus,
1113 4369 1230 4429 virtute
1250 4369 1413 4448 cujusdam
1433 4370 1536 4449 gracie
1552 4377 1641 4432 motu

406 4476 532 4556 proprio
555 4475 644 4536 Sedis
667 4474 847 4554 Apostolice
866 4475 963 4535 michi
988 4475 1070 4535 tacte
1095 4474 1134 4535 de
1158 4474 1346 4535 canonicatu
1367 4479 1399 4534 et
1423 4473 1583 4552 prebenda
1607 4477 1639 4535 in

404 4582 538 4645 eeclesia
562 4581 787 4642 Hereiordensi
821 4583 963 4662 proximo
995 4585 1143 4642 vacaturo
1172 4601 1266 4660 quem
1294 4599 1351 4660 ego
1378 4580 1427 4640 vel
1458 4587 1643 4660 procurator

406 4708 495 4751 meus
510 4688 549 4749 ad
564 4689 622 4749 hec
643 4688 724 4748 infra
744 4709 885 4748 mensem
906 4709 925 4748 a
940 4687 1117 4748 veoaeionis
1137 4687 1236 4766 ipsius
1256 4693 1396 4766 tempora
1411 4689 1641 4750 numerandum

406 4794 529 4855 duxerit
550 4794 786 4873 acceptandum,
802 4792 992 4874 prebendam
1014 4793 1053 4852 de
1078 4791 1297 4871 Bollynghope
1317 4791 1350 4851 in
1365 4791 1486 4871 prefata
1510 4793 1643 4856 ecclesie

405 4921 463 4981 per
476 4907 610 4962 mortam
625 4901 706 4962 bone
724 4902 874 4962 memorie
889 4901 1008 4962 domini
1025 4899 1181 4961 Johannis
1198 4900 1236 4959 de
1252 4898 1460 4978 Aquablanca,
1481 4901 1640 4980 quondam

408 5007 527 5067 Decani
555 5012 587 5067 et
615 5007 757 5067 canonici
785 5007 818 5066 in
843 5005 975 5068 ecelesia
1003 5004 1236 5075 Heraiordensi,
1269 5004 1307 5064 de
1333 5003 1402 5082 jure
1430 5009 1463 5064 et
1490 5007 1529 5067 de
1558 5005 1642 5068 iacto

406 5119 582 5182 vacantem,
611 5132 706 5192 quam
741 5112 800 5174 sub
827 5112 931 5192 gracia
958 5131 1029 5173 mea
1056 5091 1149 5190 posse
1178 5109 1288 5175 cadere
1315 5108 1447 5169 eredidit
1484 5117 1517 5170 et
1545 5113 1641 5173 michi
