3850 5917
395 697 454 755 244
768 695 948 775 Rostrum
974 696 1040 757 eet
1066 695 1103 756 oo
1133 695 1257 757 otton

222 950 280 990 Ml·
296 952 351 990 ¹³²²·
395 948 472 1025 Joty
493 948 792 1009 30.—Oommireion
813 955 842 1008 to
866 949 915 1009 the
939 948 1060 1027 Officiol
1082 954 1111 1009 to
1134 949 1259 1027 eoqoire
1281 948 1347 1009 into
1369 970 1389 1009 o
1408 951 1558 1029 proposed
1579 971 1629 1010 cc-

516 1029 630 1107 ohonpe
652 1029 779 1090 between
798 1029 939 1090 thtiam
951 1029 989 1090 de
1020 1029 1214 1101 Mobbolom,¹
1246 1030 1338 1091 Vterer
1360 1032 1396 1110 os
1425 1032 1631 1110 Borertortby-

517 1112 679 1189 Bompton,
704 1111 768 1171 ond
794 1110 924 1171 lemoe
949 1111 1071 1182 Brome,
1096 1110 1208 1171 Rector
1231 1112 1266 1190 os
1287 1111 1375 1191 Hope
1398 1112 1529 1173 Marcel.

475 1288 562 1347 Innio
604 1288 785 1350 Ooumssro
825 1305 886 1347 eno
927 1306 1181 1348 Penuurscronn
1230 1306 1387 1349 nccnesru
1432 1308 1476 1350 nn
1518 1290 1628 1351 Hous-

393 1412 555 1454 nsnorsen
576 1412 644 1454 cun
666 1394 930 1455 viceris-Item
956 1395 1195 1455 memorandum
1222 1396 1306 1475 quod
1326 1395 1445 1457 eisdem
1467 1396 1526 1468 die,
1550 1396 1629 1468 loco,

391 1506 425 1561 et
470 1520 562 1572 enno,
604 1505 787 1579 presentato
828 1519 884 1579 per
930 1499 1072 1561 Priorem
1117 1504 1149 1561 et
1197 1501 1394 1562 Conventum
1444 1502 1629 1564 Monemute

392 1606 551 1666 Willelmo
579 1606 618 1666 de
635 1605 828 1677 Mokholom,
850 1606 967 1666 vicario
989 1605 1119 1667 ecclesie
1140 1607 1179 1667 de
1202 1607 1372 1679 Bourtone,
1397 1608 1628 1669 Lincolnieneis

390 1712 534 1783 diocesis,
576 1712 616 1772 ed
660 1712 825 1773 eeclesiam
857 1712 896 1773 de
937 1711 1182 1790 Hopemeloisel,
1221 1713 1346 1774 racione
1383 1716 1628 1793 permutacionis

392 1817 542 1879 faciende·
558 1818 641 1879 inter
660 1818 763 1897 ipsum
786 1823 819 1878 et
841 1819 996 1879 Thomem
1019 1819 1118 1891 Brun,
1138 1819 1304 1880 Rectorem
1326 1820 1467 1899 ejusdem
1488 1822 1627 1892 ecclesie,

391 1925 553 1983 mandevit
585 1924 731 1984 dominus
763 1923 896 1985 Officieli
928 1944 986 1985 suo
1019 1925 1058 1984 ed
1093 1924 1342 2005 inquisicionem,
1374 1932 1410 1986 ut
1442 1928 1539 1989 moris
1569 1933 1627 1999 est,

391 2029 567 2090 iaciendum
589 2029 622 2088 in
650 2029 709 2090 hec
736 2036 835 2108 perte.
892 2029 991 2109 Cujus
1016 2029 1143 2110 quidem
1170 2030 1327 2091 Johennis
1350 2032 1524 2111 resignecio
1552 2038 1627 2093 tunc

390 2136 530 2197 exhibite
557 2136 617 2196 init
645 2136 772 2196 domino
800 2136 859 2197 sub
887 2136 990 2215 sigillo
1018 2136 1168 2197 Officiclis
1197 2136 1428 2198 Archidiecioni
1458 2139 1626 2199 Hereford-

392 2262 486 2303 ensis.

390 2484 468 2563 Auo,
493 2484 629 2544 2.—Tbe
657 2484 775 2564 Biehop
803 2485 950 2546 instructo
977 2486 1025 2547 the
1055 2487 1175 2565 Officiol
1202 2488 1265 2547 ond
1295 2488 1343 2549 the
1370 2488 1567 2551 Arobeieacon
1593 2492 1629 2569 os

512 2565 664 2643 Hereford
689 2573 718 2625 to
739 2573 864 2644 prevent
888 2587 950 2645 aoy
975 2567 1170 2647 intersereooe
1197 2568 1274 2628 obt
1301 2568 1443 2629 Riebord
1467 2570 1503 2629 de
1533 2572 1623 2631 Stoice

512 2646 547 2706 tn
573 2646 621 2706 tis
646 2646 902 2707 administratioo
928 2648 964 2727 of
989 2648 1037 2708 ibe
1064 2648 1285 2727 spirituolttt'ee
1313 2650 1376 2711 ond
1404 2652 1622 2730 temporalitt'es

512 2727 547 2806 of
577 2728 689 2787 Lettoo
716 2747 755 2787 on
783 2727 832 2787 tbe
855 2736 931 2807 port
958 2729 994 2805 of
1024 2728 1113 2799 Milo,
1143 2730 1192 2789 the
1219 2730 1295 2807 opert
1322 2731 1458 2791 Rector'e
1491 2732 1622 2811 cephene,

512 2808 579 2868 who
600 2809 655 2887 for
680 2814 730 2867 teo
751 2828 840 2886 years
865 2809 920 2869 bos
944 2809 1081 2887 illepelly
1108 2810 1177 2870 tete
1201 2810 1250 2871 tbe
1276 2811 1400 2872 Oburcb
1424 2813 1464 2872 ed
1491 2813 1625 2874 firmem.

473 2988 654 3049 Oonmssro
668 3005 729 3047 eno
743 3005 905 3048 urersrno
916 2988 1064 3049 chlnno
1078 3008 1121 3049 nn
1138 2991 1407 3063 Smne-Adam,
1419 2997 1488 3063 etc,
1504 2993 1627 3054 dilectis

390 3092 472 3164 filiis,
497 3092 630 3153 Officinli
651 3097 760 3153 nostro
780 3098 813 3153 et
835 3092 1063 3154 Archidieoono
1084 3099 1192 3156 nostro
1218 3095 1452 3168 Herefordensi,
1481 3097 1625 3169 salutem,

390 3204 450 3259 etc.
493 3197 582 3258 Licet
610 3198 728 3257 dudum
751 3218 770 3257 c
790 3198 909 3258 sanctis
929 3198 1072 3278 patribus
1096 3199 1263 3263 sulubriter
1283 3202 1325 3263 sit
1353 3203 1513 3281 provisum
1541 3206 1625 3284 quod

390 3303 520 3365 ecclesie
547 3284 747 3382 parochiales.
769 3323 833 3363 non
869 3304 1033 3365 trudentur
1060 3305 1099 3365 ed
1134 3306 1257 3366 firmem
1285 3307 1347 3368 nisi
1372 3308 1536 3369 dumtexet
1556 3330 1624 3390 per·

390 3410 478 3472 sonis
517 3408 737 3469 ecclesiasticis
774 3409 893 3469 sanctis
934 3414 967 3471 et
1005 3410 1148 3472 honestis
1184 3432 1262 3491 ques
1296 3412 1435 3474 locorum
1474 3414 1624 3494 Episcopi

390 3515 486 3577 libere
506 3515 632 3575 valeant
653 3534 804 3586 coercere,
826 3515 865 3575 de
886 3513 1000 3594 quibus
1020 3515 1233 3577 verisimiliter
1246 3516 1385 3595 presumi
1404 3516 1516 3579 debeat
1540 3520 1625 3599 quod

389 3620 510 3681 fructus
537 3640 645 3681 oerum
674 3620 708 3678 in
729 3619 827 3680 bonos
857 3639 934 3680 usus
966 3626 1160 3692 convertent,
1181 3626 1214 3682 et
1245 3627 1321 3682 tunc
1353 3642 1391 3683 ex
1416 3642 1511 3684 cause.
1537 3624 1624 3703 justo.

389 3746 447 3788 seu
481 3727 657 3787 necessarie
690 3745 747 3804 per
780 3725 907 3786 eosdem
936 3725 1111 3806 Episcopos
1136 3727 1316 3806 approbata,
1348 3729 1494 3810 quodque
1515 3730 1623 3808 hujus-

389 3832 475 3894 modi
506 3831 636 3893 ecclesie
670 3831 769 3892 eciem
809 3830 952 3910 personis
987 3832 1137 3911 predictis
1175 3830 1259 3893 ultre
1299 3832 1549 3913 quinquennium
1584 3836 1623 3895 ed

390 3939 514 3999 firmem
550 3937 679 3998 minime
715 3936 925 4009 conferentur,
960 3957 1019 3997 nec
1057 3937 1147 3998 finit-0
1181 3936 1395 4018 quinquennio
1433 3946 1624 4002 renoventur

389 4044 518 4115 eisdem,
539 4043 601 4104 nisi
621 4042 709 4122 prius
732 4042 835 4121 ipsem
856 4042 909 4102 alii
931 4042 1098 4103 habuerint
1119 4044 1329 4114 medietatem,
1351 4048 1457 4106 temen
1477 4046 1624 4107 dominus

390 4150 478 4221 Milo,
500 4150 617 4209 Rector
629 4147 760 4209 ecclesie
775 4149 813 4208 de
833 4148 981 4220 hectone,
1003 4147 1100 4219 senio,
1115 4148 1224 4209 morbo
1242 4148 1415 4220 incurabili,
1430 4170 1467 4210 ec
1484 4150 1623 4231 corporis

389 4255 550 4318 debilitate
570 4254 649 4315 odeo
675 4258 888 4333 pregravatus,
910 4254 1051 4314 sentiens
1075 4274 1109 4315 se
1143 4254 1182 4314 ed
1209 4254 1431 4316 exeoucionem
1458 4256 1507 4317 sui
1529 4257 1623 4319 officii

388 4367 422 4424 et
441 4361 572 4423 ecclesie
592 4360 732 4441 regimen
750 4360 967 4438 impotentem,
989 4358 1091 4438 ipsum
1104 4358 1276 4420 ecclesium
1295 4365 1405 4421 contre
1424 4365 1491 4421 tem
1512 4382 1622 4423 mnam

388 4474 508 4530 ettam
530 4465 687 4528 salubrem
710 4464 932 4545 provisionem,
957 4464 1100 4543 neglecte
1127 4484 1202 4525 cure.
1229 4464 1405 4525 animarum
1429 4486 1490 4547 que
1511 4467 1623 4531 iminet

388 4574 423 4633 in
454 4573 573 4643 eedem,
605 4572 644 4632 ed
672 4570 795 4630 firmem
826 4575 945 4631 temere
978 4570 1018 4631 de
1052 4569 1136 4631 fecto
1166 4571 1322 4632 concessit
1349 4571 1472 4633 cuidem
1502 4574 1623 4647 Miloni,

388 4679 496 4759 nepoti
524 4698 591 4748 suo,
619 4677 742 4737 nullum
773 4675 960 4737 beneficium
991 4675 1238 4737 ecclesiasticum
1266 4696 1322 4738 seu
1350 4677 1434 4737 eliud
1462 4678 1622 4742 immobile

387 4784 421 4843 in
452 4789 561 4844 nostre
588 4781 705 4842 diocesi
732 4781 898 4861 optinenti,
926 4780 981 4861 qui
1015 4781 1124 4843 decem
1152 4782 1243 4843 unnie
1270 4786 1303 4844 et
1341 4783 1476 4863 emplius
1505 4786 1622 4849 virtute

388 4889 569 4970 hujusmodi
590 4888 680 4949 firme
709 4887 840 4967 reprobe
868 4886 1001 4949 abutens
1022 4887 1175 4949 fructibus
1203 4893 1235 4949 et
1262 4889 1466 4968 proventibus
1490 4893 1621 4956 ecclesie

388 4996 577 5075 supradicte,
601 4994 688 5073 ipsos
708 4992 741 5051 in
766 5012 843 5053 usus
864 4992 990 5054 illicitos
1011 4994 1231 5066 convertendo,
1253 4994 1425 5055 cancellum
1448 5001 1481 5057 et
1499 4998 1623 5061 edificia

484 5131 549 5171 l-In
561 5142 577 5171 a
590 5129 700 5177 previous
711 5132 783 5176 entrv
794 5126 879 5173 (under
890 5127 948 5170 date
960 5128 1044 5170 March
1056 5126 1077 5172 8)
1090 5128 1140 5171 this
1152 5140 1222 5171 carne
1235 5128 1256 5170 is
1268 5128 1365 5171 written
1379 5130 1533 5174 Mochwolne.
