3850 5917
687 664 839 744 Episcopi
866 663 1109 744 Heresordcnaic.
1476 666 1516 728 57

140 902 241 941 annu.
279 887 333 958 rei,
355 893 416 948 etc.
460 888 580 949 Datum
598 887 781 958 Londoniis,
803 888 859 967 xij⁰
879 887 929 949 die
953 889 1073 948 mensis
1096 888 1249 959 Januarii,
1273 909 1357 950 anno
1387 890 1516 950 Domini

277 993 502 1074 Muccuvija
525 999 584 1056 etc.

359 1126 403 1186 Et
433 1125 550 1186 eisdem
579 1127 638 1198 die,
668 1127 745 1197 loce,
774 1131 806 1186 et
834 1146 917 1186 anno
945 1125 1108 1186 mandavit
1135 1127 1282 1187 dominus
1310 1127 1439 1189 Decano
1467 1129 1516 1190 vel

277 1230 512 1291 Ebdomadario
533 1230 663 1291 ecclesie
684 1230 936 1300 Herelordensis,
956 1249 1013 1309 per
1034 1249 1108 1292 suas
1135 1230 1257 1292 litteras
1280 1232 1312 1290 in
1335 1232 1516 1310 hujusmodi

279 1343 459 1406 consuetas,
495 1337 579 1416 quod
613 1337 747 1397 eundem
776 1335 939 1396 dominum
974 1335 1164 1395 Nicholaum
1200 1337 1239 1396 de
1276 1337 1431 1416 Hengate,
1467 1339 1516 1399 vel

276 1461 371 1502 suum
392 1447 637 1520 procuratorem,
655 1441 839 1502 inducerent
856 1442 888 1500 in
906 1441 1098 1520 corporalem
1113 1443 1345 1521 possessionem
1360 1444 1515 1504 dictorum

276 1547 483 1607 canonicatus
512 1552 544 1606 et
571 1546 737 1626 prebende,
773 1567 810 1607 ac
836 1547 954 1626 jurium
975 1552 1008 1608 et
1035 1547 1300 1626 pertinenciarum
1334 1549 1514 1621 eorundem,

275 1653 389 1723 eidem,
411 1652 461 1714 vel
493 1671 551 1714 suo
575 1653 778 1733 procuratori,
810 1658 904 1733 prout
935 1654 1032 1714 moris
1056 1660 1115 1723 est,
1143 1654 1271 1715 stallum
1302 1655 1334 1715 in
1367 1656 1462 1717 choro
1483 1663 1516 1718 et

274 1757 379 1817 locum
401 1757 435 1816 in
457 1757 594 1836 capitulo
615 1757 822 1837 assignantes.

276 2027 337 2086 rua
367 2025 487 2104 Bishop
514 2025 627 2086 directa
657 2024 705 2085 tha
733 2025 822 2084 Daca
846 2025 881 2102 os
906 2023 1123 2106 B[ridpaorth]
1158 2032 1187 2084 to
1215 2024 1338 2103 inquire
1361 2025 1427 2086 into
1451 2026 1516 2087 and

398 2107 518 2184 renacdy
547 2106 596 2167 tho
623 2106 734 2186 dejecta
766 2106 801 2165 in
833 2105 882 2166 tho
919 2105 1060 2175 (limaret,
1089 2113 1153 2176 otc,
1181 2107 1217 2185 os
1248 2106 1297 2167 ilic
1333 2107 1457 2168 Choreb
1483 2109 1519 2186 os

398 2188 434 2246 H
438 2185 576 2270 [iplilop]¹

357 2349 503 2402 himarus
527 2360 630 2403 suren
658 2359 865 2402 raxseronsn
886 2359 1088 2402 nssncruun
1109 2359 1329 2402 aasumensi
1351 2360 1412 2402 rao
1433 2358 1514 2401 resr-

275 2469 359 2510 Poaa
389 2467 624 2509 recessuro-
634 2449 777 2526 [Adam]¹
800 2448 1008 2527 permissione
1029 2448 1136 2507 divina
1164 2495 1171 2507 .
1202 2495 1208 2509 .
1239 2495 1245 2507 .
1290 2451 1308 2508 .¹
1336 2448 1515 2527 Episcopus

276 2557 392 2616 dilecto
418 2556 451 2614 in
474 2554 600 2616 Christo
624 2554 698 2624 filio,
721 2555 849 2615 Decano
870 2553 909 2614 de
936 2552 1105 2635 B[ruges],
1133 2554 1278 2624 salutem,
1307 2560 1366 2615 etc.
1409 2554 1514 2627 Quum

275 2663 306 2720 in
336 2660 477 2722 cancello
505 2660 636 2721 ecclesie
674 2660 713 2720 de
752 2659 804 2730 H,
847 2679 884 2720 ac
923 2659 1022 2738 ipsius
1060 2659 1205 2721 domibus
1243 2665 1276 2719 et
1310 2660 1513 2731 ornamentis,

282 2766 448 2836 notabiles,
483 2771 519 2825 ut
558 2765 745 2844 accepimus,
781 2771 857 2826 sunt
894 2765 1045 2836 delectus,
1081 2765 1134 2844 qui
1174 2770 1316 2844 tempore
1355 2767 1514 2845 quondam

275 2871 418 2952 magistri
443 2872 481 2932 G.
507 2873 546 2933 de
571 2871 616 2941 A..
643 2891 743 2950 nuper
767 2871 911 2931 Rectoris
936 2871 1018 2931 dicte
1042 2871 1182 2942 ecclesie,
1207 2871 1416 2950 contigerunt,
1445 2891 1513 2942 nos,

277 2977 503 3058 indempnitati
531 2977 614 3037 dicte
652 2976 783 3037 ecclesie
811 2977 844 3035 in
883 2976 954 3046 hiis,
990 2983 1084 3056 prout
1122 2996 1300 3056 possumus,
1335 2978 1515 3057 prospicere

275 3085 449 3163 cupientes,
481 3082 570 3143 vobis
602 3083 789 3142 mandamus
821 3083 971 3161 quatinus
1001 3083 1041 3142 ad
1070 3082 1187 3142 dictam
1215 3081 1379 3143 ecclesiam
1407 3102 1512 3162 perso-

277 3191 390 3250 naliter
418 3188 622 3258 declinantes,
645 3193 677 3248 et
698 3186 839 3248 deiectus
859 3187 1018 3266 predictos
1043 3186 1115 3248 usui
1136 3193 1360 3266 supponentes,
1381 3208 1437 3249 vos
1457 3208 1514 3267 per

276 3298 359 3358 viros
382 3295 556 3374 fidedignos
576 3295 698 3374 juratos
726 3293 907 3373 hujusmodi
929 3293 974 3353 rei
1002 3293 1152 3354 noticiam
1176 3293 1365 3362 obtinentes,
1393 3295 1514 3354 vocatis

274 3402 425 3463 vocandis
456 3401 555 3461 taxari
586 3400 721 3461 fideliter
751 3399 883 3459 faciatis.
936 3399 980 3458 Et
1008 3399 1083 3478 quid
1111 3418 1206 3478 super
1230 3400 1261 3459 id
1289 3398 1426 3460 feceritis
1453 3420 1512 3462 nos

274 3509 389 3570 litteris
413 3507 527 3568 vestris
549 3505 731 3586 patentibus
755 3505 866 3565 harum
889 3505 1012 3576 seriem,
1037 3511 1070 3566 et
1098 3505 1206 3584 quales
1230 3505 1347 3566 luerint
1372 3505 1513 3567 deiectus

274 3613 440 3675 memorati
475 3618 507 3673 et
540 3612 660 3691 quanti,
696 3611 735 3672 ad
771 3631 865 3690 quam
901 3631 1058 3672 summam
1094 3611 1241 3681 estimati,
1277 3612 1513 3674 continentibus

273 3719 453 3781 certificetis
475 3725 616 3798 tempore
641 3723 805 3797 oportuno.
852 3719 982 3787 Datum,
1004 3723 1063 3778 etc.

274 4005 344 4066 Feb.
374 4002 512 4066 a-rla
540 4001 658 4080 Bishop
685 4000 806 4077 assipns
836 3999 884 4059 tte
918 3997 1081 4058 ccrwaical
1115 3996 1206 4058 lwusc
1241 3997 1334 4074 latcly
1369 3997 1439 4057 held
1474 3997 1511 4076 by

396 4085 497 4162 Ropcr
528 4083 564 4142 dc
596 4080 796 4160 Nortbburph
825 4087 854 4140 to
885 4079 993 4157 Hearp
1022 4079 1059 4138 dc
1086 4077 1229 4149 Sclwmc,
1257 4077 1454 4138 Archdcacon
1479 4078 1516 4158 of

395 4163 557 4244 Hcrcsord.

353 4324 475 4383 Douue
506 4337 572 4390 Qun
604 4336 758 4379 suasuris
792 4333 911 4377 nounu
940 4316 978 4376 R.
1010 4333 1055 4374 ns
1084 4315 1327 4386 Noanflsunan,
1358 4331 1511 4374 canonrcr

275 4422 849 4489 Hsaaroansssis.-Memorandum
869 4421 952 4500 quod
972 4429 1004 4481 v⁰
1025 4421 1075 4480 die
1095 4419 1267 4490 Februarii,
1282 4439 1366 4479 anno
1382 4418 1511 4479 Domini

278 4531 495 4611 Muccuvip
519 4529 602 4609 apud
624 4527 789 4606 Bosebury
808 4527 942 4587 contulit
967 4525 1114 4586 dominus
1138 4523 1289 4603 magistro
1311 4523 1452 4583 Henrico
1472 4523 1512 4583 de
1554 4537 1559 4545 ’

273 4641 425 4710 Schema,
447 4635 676 4698 Archidiacono
697 4633 932 4703 Herelordensi,
952 4633 1063 4692 domos
1084 4629 1281 4691 canonicales
1302 4648 1380 4708 quas
1401 4628 1511 4688 habuit

273 4747 358 4828 apud
380 4741 601 4806 Herelordiam
627 4740 774 4802 dominus
799 4739 941 4818 Rogerus
966 4739 1005 4798 de
1033 4735 1249 4815 Northburgh,
1277 4735 1447 4796 canonicus
1474 4755 1512 4795 ac

273 4849 499 4934 prebendarius
534 4845 786 4915 Herefordensis,
822 4864 878 4923 per
911 4841 1159 4922 resignacionem
1197 4840 1297 4920 ipsius
1320 4839 1436 4899 iactam
1471 4839 1510 4900 de

272 4958 463 5022 canonicatu
494 4959 526 5016 et
556 4953 716 5034 prebenda
742 4951 893 5031 predictis
923 4949 1049 5010 racione
1077 4946 1241 5027 cujusdam
1265 4944 1511 5024 permutacionis

738 5087 894 5128 l-Erasurea
908 5085 931 5125 ln
946 5085 997 5126 tls.
