3850 5917
697 670 848 750 Eprscopi
874 671 1119 751 Herelordensis.
1467 676 1527 737 307

92 902 164 943 M)-
187 902 248 941 ¹³²⁴-
293 894 415 968 tociens
450 900 555 957 vestre
581 896 723 957 caritatis
749 896 867 957 lervide
894 896 1045 975 suffragia
1079 916 1137 958 nos
1166 898 1322 958 inducunt
1349 902 1386 958 ut
1417 903 1528 959 contra

292 1005 417 1061 nostros
448 1004 481 1061 et
525 1000 656 1061 ecclesie
687 1006 794 1062 nostre
835 1002 1030 1062 adversarios
1067 1002 1099 1061 in
1130 1022 1187 1062 sua
1220 1003 1369 1083 precipue
1403 1002 1528 1063 malicia

292 1105 479 1177 obstinatos,
510 1108 635 1186 paterni
666 1108 725 1167 zeli
747 1107 922 1168 subsidium
956 1108 1144 1169 fiducialiter
1171 1108 1384 1188 imploremus.
1441 1108 1528 1169 Hinc

289 1213 443 1292 estquod
467 1232 540 1272 cum
569 1213 684 1274 devota
702 1214 877 1293 graciarum
904 1214 1032 1275 accione
1061 1218 1093 1274 et
1128 1214 1262 1293 supplici
1293 1213 1525 1276 recommenda-

290 1317 390 1387 cione,
412 1317 562 1378 dilectum
583 1318 701 1379 socium
723 1324 877 1389 nostrum,
899 1320 1085 1399 magistrum
1107 1320 1158 1378 W.
1180 1320 1303 1389 Russel,
1326 1320 1365 1380 ad
1390 1325 1526 1380 vestram

289 1422 500 1484 venerabilem
527 1423 724 1503 presenciam
759 1424 964 1495 destinamus,
998 1424 1159 1485 humiliter
1196 1426 1410 1505 supplicantes
1452 1446 1526 1506 qua-

289 1528 385 1599 tinus,
415 1530 448 1587 in
473 1529 535 1590 hiis
563 1550 624 1609 que
645 1550 682 1590 ex
711 1536 800 1609 parte
823 1536 932 1591 nostra
955 1529 1188 1592 racionabiliter
1210 1530 1392 1610 postulabit,
1422 1531 1526 1609 ipsum

290 1635 424 1715 benigne
456 1635 627 1715 dignemini
662 1638 817 1708 exaudire,
854 1645 886 1698 et
924 1637 983 1697 sibi
1020 1638 1154 1707 credere,
1189 1637 1342 1716 nobisque
1380 1644 1528 1716 prompto

292 1741 399 1801 animo
420 1742 533 1803 vestris
554 1742 712 1802 mandatis
740 1748 772 1802 et
796 1742 1002 1822 beneplacitis
1030 1743 1170 1822 parituro
1198 1742 1357 1821 precipere
1382 1763 1466 1802 nunc
1494 1747 1527 1803 et

288 1866 422 1926 semper.
464 1847 655 1919 Altissimus,
677 1856 736 1909 etc.

287 2078 366 2156 Aac.
393 2078 550 2138 17.-Th0
576 2078 704 2157 salop,
728 2078 813 2139 since
840 2078 981 2138 william
1004 2078 1041 2138 dc
1064 2079 1139 2155 Irby
1165 2078 1220 2138 bas
1244 2098 1324 2138 come
1350 2085 1378 2137 lo
1405 2078 1469 2137 him
1493 2078 1528 2137 in

409 2159 541 2219 london
561 2159 672 2237 arkinq
685 2160 740 2238 for
752 2160 937 2229 absolutiora,
951 2159 1159 2220 commissione
1177 2159 1307 2219 Thomas
1321 2159 1358 2219 dc
1374 2158 1526 2229 Cleander,

410 2239 553 2300 Ricbard
578 2241 704 2311 Vernos,
727 2241 876 2301 Niebolar
897 2242 934 2301 dc
954 2240 1095 2311 Ludicw,
1117 2241 1181 2301 aad
1206 2240 1346 2300 Willa'am
1361 2240 1398 2301 de
1419 2241 1526 2300 Fowa·

408 2320 655 2462 7Ῑγιιῗιχέῗὲέοριειὶιον
677 2320 756 2381 with
780 2321 829 2382 the
853 2321 944 2382 Deua
967 2322 1003 2401 of
1018 2322 1108 2393 Rosa,
1135 2328 1163 2383 to
1188 2328 1238 2382 act
1256 2322 1311 2402 for
1333 2320 1398 2381 blm
1429 2322 1463 2381 a'a
1479 2320 1528 2381 lbc

368 2550 551 2605 Oonnrssro
572 2563 614 2603 ro
635 2562 878 2605 aesonvnnnun
899 2545 949 2604 W.
972 2564 1016 2604 nn
1038 2545 1183 2605 Isnsrs
1209 2561 1390 2605 snnrnrcra
1412 2560 1526 2603 surna-

286 2650 547 2721 mors.-Adam,
578 2655 649 2720 etc,
671 2650 795 2711 dilectis
819 2650 902 2722 filiis,
937 2650 1098 2731 magistris
1132 2650 1253 2712 Thorne
1274 2651 1313 2711 de
1347 2650 1527 2721 chaundos,

286 2754 517 2816 Archidiacono
555 2754 792 2825 Herelordensi,
825 2756 961 2817 Ricardo
1004 2756 1042 2817 de
1079 2757 1239 2827 Vernoun,
1278 2756 1357 2835 juris
1385 2754 1527 2816 canonici

286 2860 457 2941 professori
489 2865 522 2921 et
552 2861 685 2922 ecclesie
716 2866 823 2921 nostre
854 2861 1099 2923 Herelordensis
1124 2862 1284 2933 canonico,
1314 2882 1350 2922 aa
1378 2862 1528 2941 magistro

286 2966 327 3027 N.
356 2968 395 3027 de
425 2966 601 3036 Lodelowe‚
634 2967 787 3027 canonico
826 2966 1024 3037 Dublinensi,
1054 2988 1178 3029 necnon
1217 2968 1367 3046 magistro
1403 2968 1452 3027 W.
1488 2967 1527 3029 de

285 3071 474 3151 Fowehope,
509 3072 636 3132 Rectori
671 3072 802 3133 ecclesie
846 3072 886 3133 de
919 3072 1102 3151 Westbury‚
1137 3080 1170 3133 et
1205 3073 1334 3133 Decano
1376 3073 1415 3133 de
1462 3072 1527 3132 Ros

286 3177 432 3247 sulutem,
471 3181 530 3237 etc.
584 3177 745 3238 Accedens
773 3177 813 3237 ad
844 3197 903 3238 nos
935 3177 1118 3248 Londoniis,
1149 3177 1327 3237 Willelmus
1366 3178 1405 3237 de
1440 3176 1525 3256 Irby,

285 3282 461 3343 monachus
482 3282 688 3355 Glaucestrie,
710 3283 820 3363 quise
841 3284 922 3363 gerit
942 3304 1000 3363 pro
1024 3284 1131 3344 Priore
1149 3282 1279 3345 ecclesie
1301 3282 1527 3345 conventualis

285 3389 388 3448 sancti
410 3388 569 3459 Guthlaci,
599 3388 794 3459 Herelordie,
817 3408 911 3468 quem
937 3389 1054 3448 dudum
1076 3389 1228 3449 canonica
1252 3388 1430 3448 monicione
1457 3408 1526 3467 pre-

285 3494 384 3555 missa
411 3514 469 3573 pro
497 3494 629 3555 diversis
644 3494 842 3574 calumpniis,
865 3494 1075 3565 contumeliis,
1097 3500 1129 3555 et
1151 3494 1275 3574 injuriis
1296 3494 1464 3563 atrocibus,
1490 3512 1527 3552 ac

286 3600 454 3679 multiplici
476 3600 598 3660 offensa
626 3600 749 3661 notoria
776 3606 809 3661 et
830 3600 999 3662 manifesta
1020 3601 1089 3662 Deo
1117 3605 1149 3661 et
1174 3598 1304 3660 ecclesie
1326 3619 1382 3659 sue
1407 3604 1526 3669 sancte,

285 3725 323 3765 ac
343 3705 435 3766 nobis
456 3705 488 3763 in
510 3706 642 3767 ecclesia
662 3706 833 3785 parochiali
862 3706 997 3776 deRos,
1019 3705 1175 3784 adquam
1207 3724 1303 3765 cansa
1332 3703 1527 3765 visitacionis

284 3811 522 3881 declinavimus,
558 3830 647 3872 sacra
682 3812 779 3872 misse
809 3811 951 3873 misteria
979 3812 1012 3870 in
1047 3810 1281 3890 pontificalibus
1322 3810 1528 3889 solempniter

285 3917 527 3988 celebrantibus,
556 3924 681 3978 astante
702 3917 777 3978 oleri
808 3923 841 3979 et
871 3917 981 3997 populi
1013 3916 1225 3985 multitudine,
1254 3914 1384 3994 abipso
1407 3915 1527 3975 notorie

284 4024 439 4104 irrogatis,
461 4043 518 4103 per
538 4044 616 4104 quas
645 4024 787 4085 divinum
816 4024 935 4104 pariter
966 4029 998 4084 et
1029 4029 1137 4084 nostre
1168 4022 1361 4083 visitacionis
1389 4020 1526 4081 officium

286 4130 463 4191 temerariis
499 4129 629 4191 ausibus
660 4130 879 4209 multipliciter
914 4129 1121 4209 perturbavit,
1157 4128 1347 4189 sedicionem
1384 4126 1416 4185 in
1458 4126 1528 4205 ipsa

285 4236 419 4295 ecclesia
453 4235 630 4306 excitando,
666 4236 953 4297 conclamacionem
982 4235 1146 4306 movendo,
1190 4240 1222 4294 et
1260 4234 1414 4313 impeturn
1443 4250 1525 4291 com·

286 4342 452 4413 mittendo,
481 4342 610 4422 majoris
641 4342 979 4403 excommunicacionis
1010 4342 1172 4403 sentencia
1200 4340 1338 4419 legitime
1365 4338 1525 4399 innodavi·

286 4466 368 4516 mus,
390 4452 423 4507 et
444 4446 549 4526 ipsum
571 4446 617 4507 sic
638 4447 946 4508 excommunicatum
968 4446 1101 4507 fecimus
1122 4445 1327 4525 solempniter
1348 4454 1378 4505 et
1402 4443 1527 4523 publice

285 4551 440 4622 sauciari,
475 4572 592 4612 munus
620 4553 831 4614 absolucionis
858 4572 916 4632 per
942 4572 1001 4613 nos
1030 4552 1088 4613 sibi
1116 4550 1256 4629 impendi
1285 4549 1324 4610 ab
1346 4548 1527 4629 hujusmodi

285 4658 626 4718 excommunicacionis
648 4658 811 4719 sentencia
837 4658 1020 4737 postulavit.
1064 4658 1143 4718 Cum
1166 4657 1262 4735 igitur
1288 4659 1399 4715 sancta
1423 4654 1528 4715 Mater

286 4763 432 4825 Ecclesia
459 4763 537 4823 nulli
576 4764 702 4825 claudat
731 4766 885 4845 gremium
915 4764 1068 4833 redeunti,
1098 4783 1165 4833 noe,
1195 4764 1233 4823 de
1262 4767 1367 4823 vestra
1395 4762 1525 4820 circum-

286 4868 454 4947 speccione
483 4874 515 4928 et
544 4868 700 4930 industria
729 4870 855 4949 plenam
877 4870 909 4928 in
942 4870 1071 4930 domino
1100 4868 1246 4927 fiduciam
1276 4867 1464 4936 obtinentes,
1486 4865 1526 4926 ed

286 4972 513 5035 absolvendum
555 4974 588 5033 in
626 4974 728 5035 forma
760 4976 840 5055 juris
873 4976 1032 5055 prelatum
1071 4974 1261 5034 monachum
1303 4993 1322 5032 a
1364 4972 1526 5032 sentencia

136 5088 229 5133 Fetu-
288 5079 479 5157 supradicta,
501 5085 627 5159 recepto
649 5081 822 5141 secundum
850 5100 970 5141 morem
992 5078 1122 5141 ecclesie
1141 5080 1329 5159 juramento,
1355 5098 1391 5137 ac
1412 5076 1526 5138 refusis
