<?xml version="1.0" encoding="UTF-8"?>
<!DOCTYPE html PUBLIC "-//W3C//DTD XHTML 1.0 Transitional//EN"
    "http://www.w3.org/TR/xhtml1/DTD/xhtml1-transitional.dtd">
<html xmlns="http://www.w3.org/1999/xhtml" xml:lang="en" lang="en">
 <head>
  <title>
</title>
<meta http-equiv="Content-Type" content="text/html;charset=utf-8" />
  <meta name='ocr-system' content='tesseract 3.04.00' />
  <meta name='ocr-capabilities' content='ocr_page ocr_carea ocr_par ocr_line ocrx_word'/>
</head>
<body>
  <div class='ocr_page' id='page_1' title='image "./registrumadedeo00banngoog_0281.png"; bbox 0 0 3850 5917; ppageno 0'>
   <div class='ocr_carea' id='block_1_1' title="bbox 198 921 329 961">
    <p class='ocr_par' dir='ltr' id='par_1_1' title="bbox 198 921 329 961">
     <span class='ocr_line' id='line_1_1' title="bbox 198 921 329 961; baseline -0.023 0"><span class='ocrx_word' id='word_1_1' title='bbox 198 921 258 961; x_wconf 69' lang='lat' dir='ltr'><strong>M).</strong></span> <span class='ocrx_word' id='word_1_2' title='bbox 272 921 329 958; x_wconf 71' lang='lat' dir='ltr'><strong>rw.</strong></span> 
     </span>
    </p>
   </div>
   <div class='ocr_carea' id='block_1_2' title="bbox 200 2890 329 2931">
    <p class='ocr_par' dir='ltr' id='par_1_2' title="bbox 200 2890 329 2931">
     <span class='ocr_line' id='line_1_2' title="bbox 200 2890 329 2931; baseline -0.031 0"><span class='ocrx_word' id='word_1_3' title='bbox 200 2890 258 2931; x_wconf 74' lang='grc' dir='ltr'><strong>Μ).</strong></span> <span class='ocrx_word' id='word_1_4' title='bbox 273 2890 329 2929; x_wconf 76' lang='lat'>1³19.</span> 
     </span>
    </p>
   </div>
   <div class='ocr_carea' id='block_1_3' title="bbox 368 687 1232 776">
    <p class='ocr_par' dir='ltr' id='par_1_3' title="bbox 368 687 1232 776">
     <span class='ocr_line' id='line_1_3' title="bbox 368 687 1232 776; baseline 0.002 -30"><span class='ocrx_word' id='word_1_5' title='bbox 368 688 430 747; x_wconf 80' lang='lat'><strong>216</strong></span> <span class='ocrx_word' id='word_1_6' title='bbox 569 761 576 776; x_wconf 87' lang='lat'><strong>.</strong></span> <span class='ocrx_word' id='word_1_7' title='bbox 743 687 924 766; x_wconf 71' lang='lat' dir='ltr'><strong>Ropistrcm</strong></span> <span class='ocrx_word' id='word_1_8' title='bbox 950 687 1015 749; x_wconf 74' lang='lat' dir='ltr'><strong>Ado</strong></span> <span class='ocrx_word' id='word_1_9' title='bbox 1041 687 1078 750; x_wconf 84' lang='lat' dir='ltr'><strong>de</strong></span> <span class='ocrx_word' id='word_1_10' title='bbox 1109 688 1232 750; x_wconf 79' lang='lat' dir='ltr'><strong>Orlcton</strong></span> 
     </span>
    </p>
   </div>
   <div class='ocr_carea' id='block_1_4' title="bbox 368 911 1611 2681">
    <p class='ocr_par' dir='ltr' id='par_1_4' title="bbox 368 911 1611 2681">
     <span class='ocr_line' id='line_1_4' title="bbox 371 911 1608 993; baseline 0.003 -22"><span class='ocrx_word' id='word_1_11' title='bbox 371 932 443 973; x_wconf 92' lang='lat' dir='ltr'><strong>mus</strong></span> <span class='ocrx_word' id='word_1_12' title='bbox 464 911 671 974; x_wconf 90' lang='lat' dir='ltr'><strong>ordinandum</strong></span> <span class='ocrx_word' id='word_1_13' title='bbox 700 913 785 993; x_wconf 91' lang='lat' dir='ltr'><strong>quod</strong></span> <span class='ocrx_word' id='word_1_14' title='bbox 811 912 971 992; x_wconf 89' lang='lat' dir='ltr'><strong>predictus</strong></span> <span class='ocrx_word' id='word_1_15' title='bbox 993 912 1089 973; x_wconf 85' lang='lat' dir='ltr'><strong>frater</strong></span> <span class='ocrx_word' id='word_1_16' title='bbox 1111 911 1279 992; x_wconf 84' lang='lat' dir='ltr'>Philippus</span> <span class='ocrx_word' id='word_1_17' title='bbox 1297 912 1346 974; x_wconf 91' lang='lat' dir='ltr'><strong>sui</strong></span> <span class='ocrx_word' id='word_1_18' title='bbox 1369 913 1459 974; x_wconf 88' lang='lat' dir='ltr'><strong>cedat</strong></span> <span class='ocrx_word' id='word_1_19' title='bbox 1480 913 1608 975; x_wconf 91' lang='lat' dir='ltr'><strong>omnino</strong></span> 
     </span>
     <span class='ocr_line' id='line_1_5' title="bbox 373 1015 1609 1098; baseline 0.002 -23"><span class='ocrx_word' id='word_1_20' title='bbox 373 1015 517 1097; x_wconf 86' lang='lat' dir='ltr'><strong>regimini</strong></span> <span class='ocrx_word' id='word_1_21' title='bbox 545 1016 712 1096; x_wconf 74' lang='lat' dir='ltr'><strong>prioratus,</strong></span> <span class='ocrx_word' id='word_1_22' title='bbox 739 1016 784 1077; x_wconf 87' lang='lat' dir='ltr'><strong>ita</strong></span> <span class='ocrx_word' id='word_1_23' title='bbox 808 1017 892 1096; x_wconf 92' lang='lat' dir='ltr'><strong>quod</strong></span> <span class='ocrx_word' id='word_1_24' title='bbox 914 1017 953 1078; x_wconf 89' lang='lat' dir='ltr'><strong>de</strong></span> <span class='ocrx_word' id='word_1_25' title='bbox 978 1017 1118 1096; x_wconf 87' lang='lat' dir='ltr'><strong>ejusdem</strong></span> <span class='ocrx_word' id='word_1_26' title='bbox 1142 1017 1299 1098; x_wconf 70' lang='lat' dir='ltr'>prioratus</span> <span class='ocrx_word' id='word_1_27' title='bbox 1327 1017 1536 1098; x_wconf 73' lang='lat' dir='ltr'><strong>spiritualium</strong></span> <span class='ocrx_word' id='word_1_28' title='bbox 1560 1019 1609 1080; x_wconf 87' lang='lat' dir='ltr'><strong>vel</strong></span> 
     </span>
     <span class='ocr_line' id='line_1_6' title="bbox 372 1121 1609 1204; baseline 0.002 -22"><span class='ocrx_word' id='word_1_29' title='bbox 372 1121 594 1201; x_wconf 73' lang='lat' dir='ltr'><strong>temporalium</strong></span> <span class='ocrx_word' id='word_1_30' title='bbox 623 1123 899 1184; x_wconf 91' lang='lat' dir='ltr'><strong>administracione</strong></span> <span class='ocrx_word' id='word_1_31' title='bbox 926 1129 1078 1204; x_wconf 77' lang='lat' dir='ltr'><strong>tanquam</strong></span> <span class='ocrx_word' id='word_1_32' title='bbox 1102 1123 1193 1185; x_wconf 90' lang='lat' dir='ltr'><strong>Prior</strong></span> <span class='ocrx_word' id='word_1_33' title='bbox 1220 1145 1254 1186; x_wconf 88' lang='lat' dir='ltr'><strong>se</strong></span> <span class='ocrx_word' id='word_1_34' title='bbox 1288 1129 1402 1185; x_wconf 85' lang='lat' dir='ltr'><strong>extunc</strong></span> <span class='ocrx_word' id='word_1_35' title='bbox 1430 1123 1609 1186; x_wconf 90' lang='lat' dir='ltr'><strong>nullatenus</strong></span> 
     </span>
     <span class='ocr_line' id='line_1_7' title="bbox 372 1226 1609 1308; baseline 0.003 -22"><span class='ocrx_word' id='word_1_36' title='bbox 372 1226 573 1287; x_wconf 87' lang='lat' dir='ltr'><strong>intromittat.</strong></span> <span class='ocrx_word' id='word_1_37' title='bbox 615 1228 770 1289; x_wconf 88' lang='lat' dir='ltr'><strong>Volumus</strong></span> <span class='ocrx_word' id='word_1_38' title='bbox 791 1233 898 1290; x_wconf 90' lang='lat' dir='ltr'><strong>tamen</strong></span> <span class='ocrx_word' id='word_1_39' title='bbox 926 1233 959 1289; x_wconf 91' lang='lat' dir='ltr'><strong>et</strong></span> <span class='ocrx_word' id='word_1_40' title='bbox 987 1228 1086 1289; x_wconf 89' lang='lat' dir='ltr'><strong>eciam</strong></span> <span class='ocrx_word' id='word_1_41' title='bbox 1118 1229 1299 1291; x_wconf 87' lang='lat' dir='ltr'><strong>ordinamus</strong></span> <span class='ocrx_word' id='word_1_42' title='bbox 1327 1229 1411 1308; x_wconf 93' lang='lat' dir='ltr'><strong>quod</strong></span> <span class='ocrx_word' id='word_1_43' title='bbox 1439 1229 1498 1290; x_wconf 89' lang='lat' dir='ltr'><strong>sibi</strong></span> <span class='ocrx_word' id='word_1_44' title='bbox 1524 1234 1609 1290; x_wconf 89' lang='lat' dir='ltr'><strong>certa</strong></span> 
     </span>
     <span class='ocr_line' id='line_1_8' title="bbox 373 1333 1608 1413; baseline 0 -19"><span class='ocrx_word' id='word_1_45' title='bbox 373 1338 406 1394; x_wconf 89' lang='lat' dir='ltr'><strong>et</strong></span> <span class='ocrx_word' id='word_1_46' title='bbox 427 1338 610 1413; x_wconf 87' lang='lat' dir='ltr'><strong>competens</strong></span> <span class='ocrx_word' id='word_1_47' title='bbox 632 1353 755 1394; x_wconf 90' lang='lat' dir='ltr'><strong>camera</strong></span> <span class='ocrx_word' id='word_1_48' title='bbox 776 1334 810 1393; x_wconf 94' lang='lat' dir='ltr'><strong>in</strong></span> <span class='ocrx_word' id='word_1_49' title='bbox 830 1333 915 1394; x_wconf 92' lang='lat' dir='ltr'><strong>dicto</strong></span> <span class='ocrx_word' id='word_1_50' title='bbox 942 1334 1083 1413; x_wconf 88' lang='lat' dir='ltr'><strong>prioratu</strong></span> <span class='ocrx_word' id='word_1_51' title='bbox 1104 1333 1280 1413; x_wconf 86' lang='lat' dir='ltr'><strong>deputetur,</strong></span> <span class='ocrx_word' id='word_1_52' title='bbox 1302 1340 1334 1395; x_wconf 93' lang='lat' dir='ltr'><strong>et</strong></span> <span class='ocrx_word' id='word_1_53' title='bbox 1355 1334 1394 1395; x_wconf 94' lang='lat' dir='ltr'><strong>de</strong></span> <span class='ocrx_word' id='word_1_54' title='bbox 1415 1334 1505 1396; x_wconf 90' lang='lat' dir='ltr'><strong>bonis</strong></span> <span class='ocrx_word' id='word_1_55' title='bbox 1526 1354 1608 1394; x_wconf 86' lang='lat' dir='ltr'><strong>com-</strong></span> 
     </span>
     <span class='ocr_line' id='line_1_9' title="bbox 370 1439 1610 1521; baseline 0.001 -21"><span class='ocrx_word' id='word_1_56' title='bbox 370 1439 521 1500; x_wconf 88' lang='lat' dir='ltr'><strong>munibus</strong></span> <span class='ocrx_word' id='word_1_57' title='bbox 541 1440 680 1520; x_wconf 85' lang='lat' dir='ltr'><strong>ejusdem</strong></span> <span class='ocrx_word' id='word_1_58' title='bbox 706 1439 863 1520; x_wconf 85' lang='lat' dir='ltr'><strong>prioratus</strong></span> <span class='ocrx_word' id='word_1_59' title='bbox 891 1460 1027 1520; x_wconf 83' lang='lat' dir='ltr'><strong>congrue</strong></span> <span class='ocrx_word' id='word_1_60' title='bbox 1052 1445 1248 1502; x_wconf 88' lang='lat' dir='ltr'><strong>sustentetur</strong></span> <span class='ocrx_word' id='word_1_61' title='bbox 1274 1461 1436 1521; x_wconf 86' lang='lat' dir='ltr'><strong>quousque</strong></span> <span class='ocrx_word' id='word_1_62' title='bbox 1464 1441 1503 1503; x_wconf 91' lang='lat' dir='ltr'><strong>de</strong></span> <span class='ocrx_word' id='word_1_63' title='bbox 1524 1445 1610 1502; x_wconf 89' lang='lat' dir='ltr'><strong>statu</strong></span> 
     </span>
     <span class='ocr_line' id='line_1_10' title="bbox 371 1547 1610 1626; baseline 0.001 -19"><span class='ocrx_word' id='word_1_64' title='bbox 371 1567 430 1608; x_wconf 88' lang='lat' dir='ltr'><strong>suo</strong></span> <span class='ocrx_word' id='word_1_65' title='bbox 451 1567 508 1626; x_wconf 92' lang='lat' dir='ltr'><strong>per</strong></span> <span class='ocrx_word' id='word_1_66' title='bbox 527 1567 586 1607; x_wconf 91' lang='lat' dir='ltr'><strong>nos</strong></span> <span class='ocrx_word' id='word_1_67' title='bbox 607 1547 701 1607; x_wconf 85' lang='lat' dir='ltr'><strong>fuerit</strong></span> <span class='ocrx_word' id='word_1_68' title='bbox 722 1547 846 1626; x_wconf 88' lang='lat' dir='ltr'><strong>plenius</strong></span> <span class='ocrx_word' id='word_1_69' title='bbox 867 1547 1056 1608; x_wconf 88' lang='lat' dir='ltr'><strong>ordinatum.</strong></span> <span class='ocrx_word' id='word_1_70' title='bbox 1093 1547 1245 1622; x_wconf 82' lang='lat' dir='ltr'><strong>Quocirca</strong></span> <span class='ocrx_word' id='word_1_71' title='bbox 1265 1547 1355 1608; x_wconf 85' lang='lat' dir='ltr'><strong>vobis</strong></span> <span class='ocrx_word' id='word_1_72' title='bbox 1383 1547 1610 1608; x_wconf 81' lang='lat' dir='ltr'><strong>committimus</strong></span> 
     </span>
     <span class='ocr_line' id='line_1_11' title="bbox 371 1651 1611 1732; baseline 0.003 -20"><span class='ocrx_word' id='word_1_73' title='bbox 371 1656 405 1712; x_wconf 93' lang='lat' dir='ltr'><strong>et</strong></span> <span class='ocrx_word' id='word_1_74' title='bbox 441 1651 629 1712; x_wconf 88' lang='lat' dir='ltr'><strong>mandamus</strong></span> <span class='ocrx_word' id='word_1_75' title='bbox 667 1656 824 1731; x_wconf 90' lang='lat' dir='ltr'><strong>quatenus</strong></span> <span class='ocrx_word' id='word_1_76' title='bbox 858 1652 1041 1732; x_wconf 85' lang='lat' dir='ltr'><strong>hujusmodi</strong></span> <span class='ocrx_word' id='word_1_77' title='bbox 1069 1653 1300 1714; x_wconf 87' lang='lat' dir='ltr'><strong>ordinacionem</strong></span> <span class='ocrx_word' id='word_1_78' title='bbox 1343 1659 1484 1715; x_wconf 88' lang='lat' dir='ltr'><strong>nostram</strong></span> <span class='ocrx_word' id='word_1_79' title='bbox 1521 1654 1611 1716; x_wconf 84' lang='lat' dir='ltr'><strong>fratri</strong></span> 
     </span>
     <span class='ocr_line' id='line_1_12' title="bbox 371 1756 1609 1840; baseline 0.005 -24"><span class='ocrx_word' id='word_1_80' title='bbox 371 1757 520 1836; x_wconf 87' lang='lat' dir='ltr'><strong>Philippo</strong></span> <span class='ocrx_word' id='word_1_81' title='bbox 559 1756 681 1840; x_wconf 79' lang='lat' dir='ltr'><strong>prelato</strong></span> <span class='ocrx_word' id='word_1_82' title='bbox 717 1763 749 1818; x_wconf 91' lang='lat' dir='ltr'><strong>et</strong></span> <span class='ocrx_word' id='word_1_83' title='bbox 777 1757 847 1818; x_wconf 89' lang='lat' dir='ltr'><strong>aliis</strong></span> <span class='ocrx_word' id='word_1_84' title='bbox 875 1779 1009 1838; x_wconf 89' lang='lat' dir='ltr'><strong>quorum</strong></span> <span class='ocrx_word' id='word_1_85' title='bbox 1043 1759 1175 1820; x_wconf 89' lang='lat' dir='ltr'><strong>interest</strong></span> <span class='ocrx_word' id='word_1_86' title='bbox 1208 1760 1408 1821; x_wconf 89' lang='lat' dir='ltr'><strong>notificantes</strong></span> <span class='ocrx_word' id='word_1_87' title='bbox 1436 1759 1609 1822; x_wconf 88' lang='lat' dir='ltr'><strong>cessionem</strong></span> 
     </span>
     <span class='ocr_line' id='line_1_13' title="bbox 371 1860 1610 1942; baseline 0.005 -20"><span class='ocrx_word' id='word_1_88' title='bbox 371 1862 471 1942; x_wconf 88' lang='lat' dir='ltr'><strong>ipsius</strong></span> <span class='ocrx_word' id='word_1_89' title='bbox 492 1860 560 1923; x_wconf 89' lang='lat' dir='ltr'><strong>vice</strong></span> <span class='ocrx_word' id='word_1_90' title='bbox 585 1868 618 1923; x_wconf 91' lang='lat' dir='ltr'><strong>et</strong></span> <span class='ocrx_word' id='word_1_91' title='bbox 643 1863 830 1924; x_wconf 89' lang='lat' dir='ltr'><strong>auctoritate</strong></span> <span class='ocrx_word' id='word_1_92' title='bbox 851 1869 968 1935; x_wconf 89' lang='lat' dir='ltr'><strong>nostra,</strong></span> <span class='ocrx_word' id='word_1_93' title='bbox 995 1864 1021 1925; x_wconf 91' lang='lat' dir='ltr'><strong>si</strong></span> <span class='ocrx_word' id='word_1_94' title='bbox 1043 1885 1112 1926; x_wconf 84' lang='lat' dir='ltr'><strong>eam</strong></span> <span class='ocrx_word' id='word_1_95' title='bbox 1134 1864 1235 1926; x_wconf 81' lang='lat' dir='ltr'><strong>lacere</strong></span> <span class='ocrx_word' id='word_1_96' title='bbox 1259 1865 1401 1936; x_wconf 88' lang='lat' dir='ltr'><strong>voluerit,</strong></span> <span class='ocrx_word' id='word_1_97' title='bbox 1425 1866 1610 1938; x_wconf 88' lang='lat' dir='ltr'><strong>admittatis,</strong></span> 
     </span>
     <span class='ocr_line' id='line_1_14' title="bbox 371 1967 1610 2050; baseline 0.006 -24"><span class='ocrx_word' id='word_1_98' title='bbox 371 1967 474 2047; x_wconf 91' lang='lat' dir='ltr'><strong>ipsum</strong></span> <span class='ocrx_word' id='word_1_99' title='bbox 504 1988 523 2028; x_wconf 88' lang='lat' dir='ltr'><strong>a</strong></span> <span class='ocrx_word' id='word_1_100' title='bbox 547 1967 705 2046; x_wconf 82' lang='lat' dir='ltr'><strong>prioratus</strong></span> <span class='ocrx_word' id='word_1_101' title='bbox 732 1968 875 2047; x_wconf 86' lang='lat' dir='ltr'><strong>ejusdem</strong></span> <span class='ocrx_word' id='word_1_102' title='bbox 899 1989 974 2029; x_wconf 91' lang='lat' dir='ltr'><strong>cura</strong></span> <span class='ocrx_word' id='word_1_103' title='bbox 1010 1974 1042 2030; x_wconf 92' lang='lat' dir='ltr'><strong>et</strong></span> <span class='ocrx_word' id='word_1_104' title='bbox 1079 1969 1230 2050; x_wconf 81' lang='lat' dir='ltr'><strong>regimine</strong></span> <span class='ocrx_word' id='word_1_105' title='bbox 1265 1970 1463 2032; x_wconf 85' lang='lat' dir='ltr'><strong>absolvendo.</strong></span> <span class='ocrx_word' id='word_1_106' title='bbox 1519 1970 1610 2045; x_wconf 87' lang='lat' dir='ltr'><strong>Quod</strong></span> 
     </span>
     <span class='ocr_line' id='line_1_15' title="bbox 368 2073 1611 2161; baseline 0.003 -27"><span class='ocrx_word' id='word_1_107' title='bbox 368 2073 397 2134; x_wconf 88' lang='lat' dir='ltr'><strong>si</strong></span> <span class='ocrx_word' id='word_1_108' title='bbox 419 2073 525 2134; x_wconf 86' lang='lat' dir='ltr'><strong>forsan</strong></span> <span class='ocrx_word' id='word_1_109' title='bbox 550 2073 731 2153; x_wconf 86' lang='lat' dir='ltr'><strong>hujusmodi</strong></span> <span class='ocrx_word' id='word_1_110' title='bbox 760 2074 953 2135; x_wconf 85' lang='lat' dir='ltr'><strong>ordinacioni</strong></span> <span class='ocrx_word' id='word_1_111' title='bbox 975 2080 1083 2136; x_wconf 91' lang='lat' dir='ltr'><strong>nostre</strong></span> <span class='ocrx_word' id='word_1_112' title='bbox 1103 2095 1212 2161; x_wconf 86' lang='lat' dir='ltr'><strong>parere</strong></span> <span class='ocrx_word' id='word_1_113' title='bbox 1247 2077 1471 2156; x_wconf 88' lang='lat' dir='ltr'><strong>contempserit</strong></span> <span class='ocrx_word' id='word_1_114' title='bbox 1504 2077 1611 2138; x_wconf 88' lang='lat' dir='ltr'><strong>animo</strong></span> 
     </span>
     <span class='ocr_line' id='line_1_16' title="bbox 369 2180 1609 2262; baseline 0.003 -22"><span class='ocrx_word' id='word_1_115' title='bbox 369 2180 527 2252; x_wconf 89' lang='lat' dir='ltr'><strong>indurato,</strong></span> <span class='ocrx_word' id='word_1_116' title='bbox 556 2185 666 2241; x_wconf 89' lang='lat' dir='ltr'><strong>contra</strong></span> <span class='ocrx_word' id='word_1_117' title='bbox 695 2181 800 2260; x_wconf 89' lang='lat' dir='ltr'><strong>ipsum</strong></span> <span class='ocrx_word' id='word_1_118' title='bbox 821 2186 972 2261; x_wconf 88' lang='lat' dir='ltr'><strong>tanquam</strong></span> <span class='ocrx_word' id='word_1_119' title='bbox 1001 2181 1122 2243; x_wconf 90' lang='lat' dir='ltr'><strong>notorie</strong></span> <span class='ocrx_word' id='word_1_120' title='bbox 1143 2183 1304 2262; x_wconf 90' lang='lat' dir='ltr'><strong>perjurum</strong></span> <span class='ocrx_word' id='word_1_121' title='bbox 1327 2182 1476 2244; x_wconf 89' lang='lat' dir='ltr'><strong>canonice</strong></span> <span class='ocrx_word' id='word_1_122' title='bbox 1503 2202 1609 2261; x_wconf 89' lang='lat' dir='ltr'><strong>proce·</strong></span> 
     </span>
     <span class='ocr_line' id='line_1_17' title="bbox 372 2286 1611 2368; baseline -0.001 -21"><span class='ocrx_word' id='word_1_123' title='bbox 372 2286 465 2357; x_wconf 88' lang='lat' dir='ltr'><strong>datis,</strong></span> <span class='ocrx_word' id='word_1_124' title='bbox 488 2286 623 2348; x_wconf 90' lang='lat' dir='ltr'><strong>eundem</strong></span> <span class='ocrx_word' id='word_1_125' title='bbox 642 2306 660 2347; x_wconf 87' lang='lat' dir='ltr'><strong>a</strong></span> <span class='ocrx_word' id='word_1_126' title='bbox 679 2286 830 2366; x_wconf 84' lang='lat' dir='ltr'><strong>regimine</strong></span> <span class='ocrx_word' id='word_1_127' title='bbox 848 2286 925 2347; x_wconf 91' lang='lat' dir='ltr'><strong>dicti</strong></span> <span class='ocrx_word' id='word_1_128' title='bbox 943 2287 1100 2367; x_wconf 89' lang='lat' dir='ltr'><strong>prioratus</strong></span> <span class='ocrx_word' id='word_1_129' title='bbox 1121 2307 1177 2368; x_wconf 88' lang='lat' dir='ltr'><strong>per</strong></span> <span class='ocrx_word' id='word_1_130' title='bbox 1201 2288 1399 2349; x_wconf 84' lang='lat' dir='ltr'><strong>diffinitivam</strong></span> <span class='ocrx_word' id='word_1_131' title='bbox 1415 2287 1611 2348; x_wconf 89' lang='lat' dir='ltr'><strong>sentenciam</strong></span> 
     </span>
     <span class='ocr_line' id='line_1_18' title="bbox 371 2391 1610 2472; baseline 0.001 -19"><span class='ocrx_word' id='word_1_132' title='bbox 371 2395 589 2453; x_wconf 87' lang='lat' dir='ltr'><strong>ammoventes</strong></span> <span class='ocrx_word' id='word_1_133' title='bbox 601 2411 608 2462; x_wconf 91' lang='lat'>;</span> <span class='ocrx_word' id='word_1_134' title='bbox 639 2393 692 2452; x_wconf 73' lang='lat' dir='ltr'><strong>&#39;ad</strong></span> <span class='ocrx_word' id='word_1_135' title='bbox 727 2412 788 2472; x_wconf 93' lang='lat' dir='ltr'><strong>que</strong></span> <span class='ocrx_word' id='word_1_136' title='bbox 827 2392 934 2452; x_wconf 85' lang='lat' dir='ltr'><strong>omnia</strong></span> <span class='ocrx_word' id='word_1_137' title='bbox 961 2391 1050 2453; x_wconf 87' lang='lat' dir='ltr'><strong>vobis</strong></span> <span class='ocrx_word' id='word_1_138' title='bbox 1085 2393 1312 2454; x_wconf 88' lang='lat' dir='ltr'><strong>committimus</strong></span> <span class='ocrx_word' id='word_1_139' title='bbox 1353 2393 1438 2454; x_wconf 88' lang='lat' dir='ltr'><strong>vices</strong></span> <span class='ocrx_word' id='word_1_140' title='bbox 1476 2399 1610 2464; x_wconf 85' lang='lat' dir='ltr'><strong>nostras,</strong></span> 
     </span>
     <span class='ocr_line' id='line_1_19' title="bbox 369 2496 1610 2577; baseline -0.001 -19"><span class='ocrx_word' id='word_1_141' title='bbox 369 2503 430 2559; x_wconf 88' lang='lat' dir='ltr'><strong>etc.</strong></span> <span class='ocrx_word' id='word_1_142' title='bbox 473 2498 593 2557; x_wconf 91' lang='lat' dir='ltr'><strong>Datum</strong></span> <span class='ocrx_word' id='word_1_143' title='bbox 615 2498 698 2576; x_wconf 88' lang='lat' dir='ltr'><strong>apud</strong></span> <span class='ocrx_word' id='word_1_144' title='bbox 717 2496 917 2577; x_wconf 88' lang='lat' dir='ltr'><strong>Prestebury,</strong></span> <span class='ocrx_word' id='word_1_145' title='bbox 941 2497 1007 2557; x_wconf 86' lang='lat' dir='ltr'><strong>xvi⁰</strong></span> <span class='ocrx_word' id='word_1_146' title='bbox 1027 2497 1077 2558; x_wconf 95' lang='lat' dir='ltr'><strong>die</strong></span> <span class='ocrx_word' id='word_1_147' title='bbox 1098 2498 1215 2560; x_wconf 90' lang='lat' dir='ltr'><strong>mensis</strong></span> <span class='ocrx_word' id='word_1_148' title='bbox 1236 2498 1357 2569; x_wconf 89' lang='lat' dir='ltr'><strong>Marcii,</strong></span> <span class='ocrx_word' id='word_1_149' title='bbox 1379 2518 1462 2558; x_wconf 89' lang='lat' dir='ltr'><strong>anno</strong></span> <span class='ocrx_word' id='word_1_150' title='bbox 1482 2497 1610 2558; x_wconf 89' lang='lat' dir='ltr'><strong>Domini</strong></span> 
     </span>
     <span class='ocr_line' id='line_1_20' title="bbox 371 2601 814 2681; baseline -0.002 -19"><span class='ocrx_word' id='word_1_151' title='bbox 371 2601 512 2664; x_wconf 82' lang='lat' dir='ltr'><strong>M⁰ccc⁰</strong></span> <span class='ocrx_word' id='word_1_152' title='bbox 532 2601 682 2663; x_wconf 91' lang='lat' dir='ltr'><strong>vicesimo</strong></span> <span class='ocrx_word' id='word_1_153' title='bbox 703 2601 814 2681; x_wconf 91' lang='lat' dir='ltr'><strong>primo.</strong></span> 
     </span>
    </p>
   </div>
   <div class='ocr_carea' id='block_1_5' title="bbox 371 2856 1612 3100">
    <p class='ocr_par' dir='ltr' id='par_1_5' title="bbox 371 2856 1612 3100">
     <span class='ocr_line' id='line_1_21' title="bbox 371 2856 1612 2939; baseline -0.001 -22"><span class='ocrx_word' id='word_1_154' title='bbox 371 2858 444 2919; x_wconf 78' lang='lat' dir='ltr'><strong>Feb.</strong></span> <span class='ocrx_word' id='word_1_155' title='bbox 467 2862 484 2916; x_wconf 89' lang='lat'><em>1</em></span> <span class='ocrx_word' id='word_1_156' title='bbox 491 2858 628 2918; x_wconf 72' lang='lat' dir='ltr'><strong>s-Tto</strong></span> <span class='ocrx_word' id='word_1_157' title='bbox 651 2858 778 2936; x_wconf 78' lang='lat' dir='ltr'><strong>Bislwp,</strong></span> <span class='ocrx_word' id='word_1_158' title='bbox 803 2858 909 2936; x_wconf 78' lang='lat' dir='ltr'><strong>picinq</strong></span> <span class='ocrx_word' id='word_1_159' title='bbox 934 2858 984 2918; x_wconf 82' lang='lat' dir='ltr'><strong>the</strong></span> <span class='ocrx_word' id='word_1_160' title='bbox 1008 2859 1146 2919; x_wconf 79' lang='lat' dir='ltr'><strong>Probend</strong></span> <span class='ocrx_word' id='word_1_161' title='bbox 1166 2860 1201 2939; x_wconf 81' lang='lat' dir='ltr'><strong>⁰f</strong></span> <span class='ocrx_word' id='word_1_162' title='bbox 1220 2858 1393 2918; x_wconf 77' lang='lat' dir='ltr'><strong>lotberrow</strong></span> <span class='ocrx_word' id='word_1_163' title='bbox 1416 2865 1445 2918; x_wconf 84' lang='lat' dir='ltr'><strong>to</strong></span> <span class='ocrx_word' id='word_1_164' title='bbox 1468 2856 1612 2917; x_wconf 77' lang='lat' dir='ltr'><strong>Richord</strong></span> 
     </span>
     <span class='ocr_line' id='line_1_22' title="bbox 494 2938 1607 3019; baseline -0.001 -21"><span class='ocrx_word' id='word_1_165' title='bbox 494 2938 531 2998; x_wconf 84' lang='lat' dir='ltr'><strong>de</strong></span> <span class='ocrx_word' id='word_1_166' title='bbox 558 2939 684 3010; x_wconf 71' lang='lat' dir='ltr'><strong>Vernos,</strong></span> <span class='ocrx_word' id='word_1_167' title='bbox 705 2959 806 2998; x_wconf 73' lang='lat' dir='ltr'><strong>womrs</strong></span> <span class='ocrx_word' id='word_1_168' title='bbox 829 2939 913 2999; x_wconf 80' lang='lat' dir='ltr'><strong>John</strong></span> <span class='ocrx_word' id='word_1_169' title='bbox 933 2938 970 2999; x_wconf 86' lang='lat' dir='ltr'><strong>de</strong></span> <span class='ocrx_word' id='word_1_170' title='bbox 992 2939 1136 3019; x_wconf 74' lang='lat' dir='ltr'><strong>Brinsop,</strong></span> <span class='ocrx_word' id='word_1_171' title='bbox 1162 2940 1227 3000; x_wconf 83' lang='lat' dir='ltr'><strong>who</strong></span> <span class='ocrx_word' id='word_1_172' title='bbox 1254 2939 1315 3000; x_wconf 81' lang='lat' dir='ltr'><strong>hod</strong></span> <span class='ocrx_word' id='word_1_173' title='bbox 1339 2939 1469 3000; x_wconf 82' lang='lat' dir='ltr'><strong>claimed</strong></span> <span class='ocrx_word' id='word_1_174' title='bbox 1493 2938 1529 3009; x_wconf 73' lang='lat' dir='ltr'><strong>it,</strong></span> <span class='ocrx_word' id='word_1_175' title='bbox 1554 2945 1607 2998; x_wconf 79' lang='lat' dir='ltr'><strong>not</strong></span> 
     </span>
     <span class='ocr_line' id='line_1_23' title="bbox 499 3017 1609 3100; baseline -0.002 -21"><span class='ocrx_word' id='word_1_176' title='bbox 499 3027 528 3080; x_wconf 82' lang='lat' dir='ltr'><strong>to</strong></span> <span class='ocrx_word' id='word_1_177' title='bbox 554 3019 706 3100; x_wconf 73' lang='lat' dir='ltr'><strong>interfere,</strong></span> <span class='ocrx_word' id='word_1_178' title='bbox 731 3019 814 3079; x_wconf 78' lang='lat' dir='ltr'><strong>since</strong></span> <span class='ocrx_word' id='word_1_179' title='bbox 837 3019 873 3079; x_wconf 83' lang='lat' dir='ltr'><strong>he</strong></span> <span class='ocrx_word' id='word_1_180' title='bbox 898 3019 959 3094; x_wconf 81' lang='lat' dir='ltr'><strong>hod</strong></span> <span class='ocrx_word' id='word_1_181' title='bbox 986 3019 1076 3081; x_wconf 82' lang='lat' dir='ltr'><strong>taken</strong></span> <span class='ocrx_word' id='word_1_182' title='bbox 1099 3021 1173 3080; x_wconf 76' lang='lat' dir='ltr'><strong>ooth</strong></span> <span class='ocrx_word' id='word_1_183' title='bbox 1197 3027 1225 3081; x_wconf 80' lang='lat' dir='ltr'><strong>to</strong></span> <span class='ocrx_word' id='word_1_184' title='bbox 1248 3020 1410 3081; x_wconf 78' lang='lat' dir='ltr'><strong>sctrrendcr</strong></span> <span class='ocrx_word' id='word_1_185' title='bbox 1435 3019 1483 3079; x_wconf 77' lang='lat' dir='ltr'><strong>his</strong></span> <span class='ocrx_word' id='word_1_186' title='bbox 1506 3017 1609 3079; x_wconf 79' lang='lat' dir='ltr'><strong>claim.</strong></span> 
     </span>
    </p>
   </div>
   <div class='ocr_carea' id='block_1_6' title="bbox 370 3191 1611 3367">
    <p class='ocr_par' dir='ltr' id='par_1_6' title="bbox 370 3191 1611 3367">
     <span class='ocr_line' id='line_1_24' title="bbox 454 3191 1608 3253; baseline -0.002 -3"><span class='ocrx_word' id='word_1_187' title='bbox 454 3191 636 3251; x_wconf 79' lang='lat' dir='ltr'><strong>Oanrusoro</strong></span> <span class='ocrx_word' id='word_1_188' title='bbox 660 3209 778 3251; x_wconf 84' lang='lat' dir='ltr'><strong>nourru</strong></span> <span class='ocrx_word' id='word_1_189' title='bbox 800 3211 906 3252; x_wconf 78' lang='lat' dir='ltr'><strong>surus</strong></span> <span class='ocrx_word' id='word_1_190' title='bbox 927 3211 1142 3252; x_wconf 80' lang='lat' dir='ltr'><strong>susurssrovn</strong></span> <span class='ocrx_word' id='word_1_191' title='bbox 1162 3193 1324 3253; x_wconf 78' lang='lat' dir='ltr'><strong>Jonsurus</strong></span> <span class='ocrx_word' id='word_1_192' title='bbox 1345 3209 1388 3250; x_wconf 80' lang='lat' dir='ltr'><strong>ns</strong></span> <span class='ocrx_word' id='word_1_193' title='bbox 1406 3191 1608 3250; x_wconf 80' lang='lat' dir='ltr'><strong>Bnovssorn</strong></span> 
     </span>
     <span class='ocr_line' id='line_1_25' title="bbox 370 3294 1611 3367; baseline 0.001 -13"><span class='ocrx_word' id='word_1_194' title='bbox 370 3313 436 3364; x_wconf 82' lang='lat' dir='ltr'><strong>ouo</strong></span> <span class='ocrx_word' id='word_1_195' title='bbox 458 3314 501 3354; x_wconf 78' lang='lat' dir='ltr'><strong>sn</strong></span> <span class='ocrx_word' id='word_1_196' title='bbox 525 3313 725 3355; x_wconf 75' lang='lat' dir='ltr'><strong>rsrsuunan</strong></span> <span class='ocrx_word' id='word_1_197' title='bbox 753 3315 797 3356; x_wconf 78' lang='lat' dir='ltr'><strong>ns</strong></span> <span class='ocrx_word' id='word_1_198' title='bbox 818 3297 1188 3367; x_wconf 77' lang='lat' dir='ltr'><strong>Yurnsaaon.--Adam,</strong></span> <span class='ocrx_word' id='word_1_199' title='bbox 1210 3301 1280 3366; x_wconf 86' lang='lat' dir='ltr'><strong>etc,</strong></span> <span class='ocrx_word' id='word_1_200' title='bbox 1295 3295 1409 3356; x_wconf 92' lang='lat' dir='ltr'><strong>dilecto</strong></span> <span class='ocrx_word' id='word_1_201' title='bbox 1426 3296 1459 3354; x_wconf 91' lang='lat' dir='ltr'><strong>in</strong></span> <span class='ocrx_word' id='word_1_202' title='bbox 1484 3294 1611 3355; x_wconf 84' lang='lat' dir='ltr'><strong>Christo</strong></span> 
     </span>
    </p>
   </div>
   <div class='ocr_carea' id='block_1_7' title="bbox 312 3400 1613 3482">
    <p class='ocr_par' dir='ltr' id='par_1_7' title="bbox 312 3400 1613 3482">
     <span class='ocr_line' id='line_1_26' title="bbox 312 3400 1613 3482; baseline 0.001 -22"><span class='ocrx_word' id='word_1_203' title='bbox 312 3461 315 3467; x_wconf 83' lang='grc'><em>,</em></span> <span class='ocrx_word' id='word_1_204' title='bbox 371 3400 447 3470; x_wconf 88' lang='lat' dir='ltr'><strong>filio,</strong></span> <span class='ocrx_word' id='word_1_205' title='bbox 478 3401 628 3480; x_wconf 88' lang='lat' dir='ltr'><strong>magistro</strong></span> <span class='ocrx_word' id='word_1_206' title='bbox 659 3401 798 3461; x_wconf 87' lang='lat' dir='ltr'><strong>Johanni</strong></span> <span class='ocrx_word' id='word_1_207' title='bbox 827 3403 866 3463; x_wconf 93' lang='lat' dir='ltr'><strong>de</strong></span> <span class='ocrx_word' id='word_1_208' title='bbox 889 3403 1088 3482; x_wconf 90' lang='lat' dir='ltr'><strong>Brunshope‚</strong></span> <span class='ocrx_word' id='word_1_209' title='bbox 1118 3404 1261 3474; x_wconf 91' lang='lat' dir='ltr'><strong>salutem,</strong></span> <span class='ocrx_word' id='word_1_210' title='bbox 1293 3407 1352 3463; x_wconf 90' lang='lat' dir='ltr'><strong>etc.</strong></span> <span class='ocrx_word' id='word_1_211' title='bbox 1403 3401 1483 3463; x_wconf 86' lang='lat' dir='ltr'><strong>Cum</strong></span> <span class='ocrx_word' id='word_1_212' title='bbox 1511 3421 1613 3481; x_wconf 91' lang='lat' dir='ltr'><strong>nuper</strong></span> 
     </span>
    </p>
   </div>
   <div class='ocr_carea' id='block_1_8' title="bbox 370 3507 1611 5177">
    <p class='ocr_par' dir='ltr' id='par_1_8' title="bbox 370 3507 1611 5177">
     <span class='ocr_line' id='line_1_27' title="bbox 371 3507 1610 3588; baseline 0 -22"><span class='ocrx_word' id='word_1_213' title='bbox 371 3512 482 3566; x_wconf 87' lang='lat' dir='ltr'><strong>eontra</strong></span> <span class='ocrx_word' id='word_1_214' title='bbox 519 3511 552 3567; x_wconf 88' lang='lat' dir='ltr'><strong>te</strong></span> <span class='ocrx_word' id='word_1_215' title='bbox 590 3511 622 3566; x_wconf 91' lang='lat' dir='ltr'><strong>et</strong></span> <span class='ocrx_word' id='word_1_216' title='bbox 656 3509 825 3586; x_wconf 90' lang='lat' dir='ltr'><strong>quamdam</strong></span> <span class='ocrx_word' id='word_1_217' title='bbox 862 3509 998 3588; x_wconf 87' lang='lat' dir='ltr'><strong>graciam</strong></span> <span class='ocrx_word' id='word_1_218' title='bbox 1033 3529 1089 3569; x_wconf 91' lang='lat' dir='ltr'><strong>seu</strong></span> <span class='ocrx_word' id='word_1_219' title='bbox 1124 3507 1343 3587; x_wconf 88' lang='lat' dir='ltr'><strong>provisionem,</strong></span> <span class='ocrx_word' id='word_1_220' title='bbox 1380 3527 1475 3586; x_wconf 89' lang='lat' dir='ltr'><strong>quam</strong></span> <span class='ocrx_word' id='word_1_221' title='bbox 1516 3526 1610 3585; x_wconf 90' lang='lat' dir='ltr'><strong>super</strong></span> 
     </span>
     <span class='ocr_line' id='line_1_28' title="bbox 372 3611 1609 3692; baseline -0.002 -19"><span class='ocrx_word' id='word_1_222' title='bbox 372 3611 561 3673; x_wconf 88' lang='lat' dir='ltr'><strong>canonicatu</strong></span> <span class='ocrx_word' id='word_1_223' title='bbox 595 3618 627 3673; x_wconf 91' lang='lat' dir='ltr'><strong>et</strong></span> <span class='ocrx_word' id='word_1_224' title='bbox 667 3614 826 3692; x_wconf 91' lang='lat' dir='ltr'><strong>prebenda</strong></span> <span class='ocrx_word' id='word_1_225' title='bbox 864 3615 941 3676; x_wconf 87' lang='lat' dir='ltr'><strong>certi</strong></span> <span class='ocrx_word' id='word_1_226' title='bbox 978 3615 1092 3674; x_wconf 88' lang='lat' dir='ltr'><strong>valoris</strong></span> <span class='ocrx_word' id='word_1_227' title='bbox 1128 3618 1259 3674; x_wconf 88' lang='lat' dir='ltr'><strong>vacante</strong></span> <span class='ocrx_word' id='word_1_228' title='bbox 1302 3632 1359 3673; x_wconf 89' lang='lat' dir='ltr'><strong>seu</strong></span> <span class='ocrx_word' id='word_1_229' title='bbox 1391 3616 1540 3672; x_wconf 88' lang='lat' dir='ltr'><strong>vacatura</strong></span> <span class='ocrx_word' id='word_1_230' title='bbox 1576 3612 1609 3671; x_wconf 90' lang='lat' dir='ltr'><strong>in</strong></span> 
     </span>
     <span class='ocr_line' id='line_1_29' title="bbox 370 3717 1610 3798; baseline 0.001 -21"><span class='ocrx_word' id='word_1_231' title='bbox 370 3723 481 3778; x_wconf 90' lang='lat' dir='ltr'><strong>nostra</strong></span> <span class='ocrx_word' id='word_1_232' title='bbox 510 3718 641 3779; x_wconf 89' lang='lat' dir='ltr'><strong>ecclesia</strong></span> <span class='ocrx_word' id='word_1_233' title='bbox 672 3719 897 3780; x_wconf 85' lang='lat' dir='ltr'><strong>Herefordensi</strong></span> <span class='ocrx_word' id='word_1_234' title='bbox 924 3721 1003 3779; x_wconf 92' lang='lat' dir='ltr'><strong>nulli</strong></span> <span class='ocrx_word' id='word_1_235' title='bbox 1032 3719 1084 3780; x_wconf 88' lang='lat' dir='ltr'><strong>alii</strong></span> <span class='ocrx_word' id='word_1_236' title='bbox 1114 3721 1152 3780; x_wconf 93' lang='lat' dir='ltr'><strong>de</strong></span> <span class='ocrx_word' id='word_1_237' title='bbox 1177 3720 1245 3798; x_wconf 86' lang='lat' dir='ltr'><strong>jure</strong></span> <span class='ocrx_word' id='word_1_238' title='bbox 1273 3717 1378 3779; x_wconf 89' lang='lat' dir='ltr'><strong>debita</strong></span> <span class='ocrx_word' id='word_1_239' title='bbox 1406 3738 1500 3797; x_wconf 89' lang='lat' dir='ltr'><strong>quam</strong></span> <span class='ocrx_word' id='word_1_240' title='bbox 1528 3718 1610 3778; x_wconf 83' lang='lat' dir='ltr'><strong>inira</strong></span> 
     </span>
     <span class='ocr_line' id='line_1_30' title="bbox 371 3824 1607 3906; baseline 0 -22"><span class='ocrx_word' id='word_1_241' title='bbox 371 3845 514 3886; x_wconf 89' lang='lat' dir='ltr'><strong>mensem</strong></span> <span class='ocrx_word' id='word_1_242' title='bbox 532 3846 551 3884; x_wconf 93' lang='lat' dir='ltr'><strong>a</strong></span> <span class='ocrx_word' id='word_1_243' title='bbox 572 3832 713 3906; x_wconf 90' lang='lat' dir='ltr'><strong>tempore</strong></span> <span class='ocrx_word' id='word_1_244' title='bbox 736 3846 798 3905; x_wconf 91' lang='lat' dir='ltr'><strong>quo</strong></span> <span class='ocrx_word' id='word_1_245' title='bbox 819 3826 877 3886; x_wconf 90' lang='lat' dir='ltr'><strong>tibi</strong></span> <span class='ocrx_word' id='word_1_246' title='bbox 897 3827 946 3888; x_wconf 85' lang='lat' dir='ltr'><strong>vel</strong></span> <span class='ocrx_word' id='word_1_247' title='bbox 965 3833 1020 3887; x_wconf 91' lang='lat' dir='ltr'><strong>tuo</strong></span> <span class='ocrx_word' id='word_1_248' title='bbox 1041 3825 1233 3905; x_wconf 88' lang='lat' dir='ltr'><strong>procuratori</strong></span> <span class='ocrx_word' id='word_1_249' title='bbox 1256 3825 1294 3884; x_wconf 89' lang='lat' dir='ltr'><strong>de</strong></span> <span class='ocrx_word' id='word_1_250' title='bbox 1315 3825 1482 3884; x_wconf 76' lang='lat' dir='ltr'><strong>vocacione</strong></span> <span class='ocrx_word' id='word_1_251' title='bbox 1500 3824 1607 3901; x_wconf 90' lang='lat' dir='ltr'><strong>hujus·</strong></span> 
     </span>
     <span class='ocr_line' id='line_1_31' title="bbox 372 3928 1610 4010; baseline -0.001 -20"><span class='ocrx_word' id='word_1_252' title='bbox 372 3930 457 3990; x_wconf 92' lang='lat' dir='ltr'><strong>modi</strong></span> <span class='ocrx_word' id='word_1_253' title='bbox 493 3930 649 4009; x_wconf 91' lang='lat' dir='ltr'><strong>prebende</strong></span> <span class='ocrx_word' id='word_1_254' title='bbox 691 3931 901 3992; x_wconf 86' lang='lat' dir='ltr'><strong>innotesceret</strong></span> <span class='ocrx_word' id='word_1_255' title='bbox 933 3932 1083 3992; x_wconf 81' lang='lat' dir='ltr'><strong>duxeritis</strong></span> <span class='ocrx_word' id='word_1_256' title='bbox 1118 3930 1352 4010; x_wconf 88' lang='lat' dir='ltr'><strong>acceptandam,</strong></span> <span class='ocrx_word' id='word_1_257' title='bbox 1377 3933 1408 3990; x_wconf 88' lang='lat' dir='ltr'><strong>te</strong></span> <span class='ocrx_word' id='word_1_258' title='bbox 1436 3928 1562 3989; x_wconf 89' lang='lat' dir='ltr'><strong>dicebas</strong></span> <span class='ocrx_word' id='word_1_259' title='bbox 1590 3949 1610 3989; x_wconf 90' lang='lat' dir='ltr'><strong>a</strong></span> 
     </span>
     <span class='ocr_line' id='line_1_32' title="bbox 373 4035 1608 4117; baseline -0.002 -18"><span class='ocrx_word' id='word_1_260' title='bbox 373 4037 454 4099; x_wconf 83' lang='lat' dir='ltr'><strong>Sede</strong></span> <span class='ocrx_word' id='word_1_261' title='bbox 487 4037 667 4117; x_wconf 87' lang='lat' dir='ltr'><strong>Apostolica</strong></span> <span class='ocrx_word' id='word_1_262' title='bbox 695 4039 890 4117; x_wconf 89' lang='lat' dir='ltr'><strong>impetrasse,</strong></span> <span class='ocrx_word' id='word_1_263' title='bbox 922 4039 1037 4100; x_wconf 87' lang='lat' dir='ltr'><strong>litteris</strong></span> <span class='ocrx_word' id='word_1_264' title='bbox 1067 4037 1247 4117; x_wconf 88' lang='lat' dir='ltr'><strong>apostolicis</strong></span> <span class='ocrx_word' id='word_1_265' title='bbox 1275 4036 1332 4096; x_wconf 91' lang='lat' dir='ltr'><strong>tibi</strong></span> <span class='ocrx_word' id='word_1_266' title='bbox 1360 4036 1392 4094; x_wconf 91' lang='lat' dir='ltr'><strong>in</strong></span> <span class='ocrx_word' id='word_1_267' title='bbox 1430 4035 1489 4094; x_wconf 86' lang='lat' dir='ltr'><strong>hac</strong></span> <span class='ocrx_word' id='word_1_268' title='bbox 1520 4039 1608 4114; x_wconf 87' lang='lat' dir='ltr'><strong>parte</strong></span> 
     </span>
     <span class='ocr_line' id='line_1_33' title="bbox 373 4140 1608 4224; baseline -0.005 -19"><span class='ocrx_word' id='word_1_269' title='bbox 373 4144 534 4206; x_wconf 90' lang='lat' dir='ltr'><strong>concessis</strong></span> <span class='ocrx_word' id='word_1_270' title='bbox 568 4150 601 4204; x_wconf 93' lang='lat' dir='ltr'><strong>et</strong></span> <span class='ocrx_word' id='word_1_271' title='bbox 630 4144 724 4206; x_wconf 84' lang='lat' dir='ltr'><strong>certis</strong></span> <span class='ocrx_word' id='word_1_272' title='bbox 759 4145 977 4206; x_wconf 84' lang='lat' dir='ltr'><strong>executoribus</strong></span> <span class='ocrx_word' id='word_1_273' title='bbox 1011 4144 1179 4224; x_wconf 89' lang='lat' dir='ltr'><strong>deputatis,</strong></span> <span class='ocrx_word' id='word_1_274' title='bbox 1214 4143 1296 4202; x_wconf 88' lang='lat' dir='ltr'><strong>sicut</strong></span> <span class='ocrx_word' id='word_1_275' title='bbox 1330 4141 1389 4202; x_wconf 91' lang='lat' dir='ltr'><strong>heo</strong></span> <span class='ocrx_word' id='word_1_276' title='bbox 1423 4140 1455 4199; x_wconf 90' lang='lat' dir='ltr'><strong>in</strong></span> <span class='ocrx_word' id='word_1_277' title='bbox 1491 4141 1608 4201; x_wconf 89' lang='lat' dir='ltr'><strong>eisdem</strong></span> 
     </span>
     <span class='ocr_line' id='line_1_34' title="bbox 372 4245 1608 4329; baseline -0.003 -21"><span class='ocrx_word' id='word_1_278' title='bbox 372 4249 486 4310; x_wconf 90' lang='lat' dir='ltr'><strong>litteris</strong></span> <span class='ocrx_word' id='word_1_279' title='bbox 515 4249 696 4328; x_wconf 89' lang='lat' dir='ltr'><strong>apostolicis</strong></span> <span class='ocrx_word' id='word_1_280' title='bbox 730 4257 762 4311; x_wconf 91' lang='lat' dir='ltr'><strong>et</strong></span> <span class='ocrx_word' id='word_1_281' title='bbox 785 4251 972 4329; x_wconf 87' lang='lat' dir='ltr'><strong>quibusdam</strong></span> <span class='ocrx_word' id='word_1_282' title='bbox 1001 4248 1199 4329; x_wconf 89' lang='lat' dir='ltr'><strong>processibus</strong></span> <span class='ocrx_word' id='word_1_283' title='bbox 1227 4247 1299 4306; x_wconf 90' lang='lat' dir='ltr'><strong>inde</strong></span> <span class='ocrx_word' id='word_1_284' title='bbox 1327 4245 1419 4306; x_wconf 85' lang='lat' dir='ltr'><strong>iactis</strong></span> <span class='ocrx_word' id='word_1_285' title='bbox 1447 4245 1608 4306; x_wconf 89' lang='lat' dir='ltr'><strong>asseruisti</strong></span> 
     </span>
     <span class='ocr_line' id='line_1_35' title="bbox 373 4349 1610 4434; baseline -0.002 -21"><span class='ocrx_word' id='word_1_286' title='bbox 373 4354 499 4434; x_wconf 90' lang='lat' dir='ltr'><strong>plenius</strong></span> <span class='ocrx_word' id='word_1_287' title='bbox 530 4354 693 4424; x_wconf 88' lang='lat' dir='ltr'><strong>contineri,</strong></span> <span class='ocrx_word' id='word_1_288' title='bbox 730 4354 883 4434; x_wconf 91' lang='lat' dir='ltr'><strong>quosdam</strong></span> <span class='ocrx_word' id='word_1_289' title='bbox 921 4354 1064 4433; x_wconf 88' lang='lat' dir='ltr'><strong>objectus</strong></span> <span class='ocrx_word' id='word_1_290' title='bbox 1099 4351 1299 4420; x_wconf 88' lang='lat' dir='ltr'><strong>sufficientes,</strong></span> <span class='ocrx_word' id='word_1_291' title='bbox 1338 4369 1416 4429; x_wconf 92' lang='lat' dir='ltr'><strong>quos</strong></span> <span class='ocrx_word' id='word_1_292' title='bbox 1452 4349 1610 4410; x_wconf 87' lang='lat' dir='ltr'><strong>credimus</strong></span> 
     </span>
     <span class='ocr_line' id='line_1_36' title="bbox 372 4455 1608 4539; baseline -0.004 -18"><span class='ocrx_word' id='word_1_293' title='bbox 372 4479 464 4521; x_wconf 90' lang='lat' dir='ltr'><strong>veros</strong></span> <span class='ocrx_word' id='word_1_294' title='bbox 496 4479 566 4520; x_wconf 89' lang='lat' dir='ltr'><strong>esse</strong></span> <span class='ocrx_word' id='word_1_295' title='bbox 601 4465 633 4519; x_wconf 89' lang='lat' dir='ltr'><strong>et</strong></span> <span class='ocrx_word' id='word_1_296' title='bbox 672 4480 730 4520; x_wconf 91' lang='lat' dir='ltr'><strong>nos</strong></span> <span class='ocrx_word' id='word_1_297' title='bbox 766 4481 860 4539; x_wconf 89' lang='lat' dir='ltr'><strong>posse</strong></span> <span class='ocrx_word' id='word_1_298' title='bbox 900 4461 1041 4539; x_wconf 89' lang='lat' dir='ltr'><strong>probare,</strong></span> <span class='ocrx_word' id='word_1_299' title='bbox 1080 4460 1113 4518; x_wconf 93' lang='lat' dir='ltr'><strong>in</strong></span> <span class='ocrx_word' id='word_1_300' title='bbox 1152 4458 1252 4518; x_wconf 83' lang='lat' dir='ltr'><strong>forma</strong></span> <span class='ocrx_word' id='word_1_301' title='bbox 1293 4455 1397 4516; x_wconf 89' lang='lat' dir='ltr'><strong>debita</strong></span> <span class='ocrx_word' id='word_1_302' title='bbox 1434 4473 1608 4533; x_wconf 90' lang='lat' dir='ltr'><strong>proponere</strong></span> 
     </span>
     <span class='ocr_line' id='line_1_37' title="bbox 372 4561 1608 4645; baseline -0.004 -19"><span class='ocrx_word' id='word_1_303' title='bbox 372 4564 564 4635; x_wconf 90' lang='lat' dir='ltr'><strong>volebamus,</strong></span> <span class='ocrx_word' id='word_1_304' title='bbox 593 4566 720 4626; x_wconf 90' lang='lat' dir='ltr'><strong>demum</strong></span> <span class='ocrx_word' id='word_1_305' title='bbox 749 4572 784 4626; x_wconf 90' lang='lat' dir='ltr'><strong>tu</strong></span> <span class='ocrx_word' id='word_1_306' title='bbox 818 4568 852 4626; x_wconf 89' lang='lat' dir='ltr'><strong>in</strong></span> <span class='ocrx_word' id='word_1_307' title='bbox 872 4573 981 4628; x_wconf 87' lang='lat' dir='ltr'><strong>nostru</strong></span> <span class='ocrx_word' id='word_1_308' title='bbox 1009 4565 1171 4645; x_wconf 89' lang='lat' dir='ltr'><strong>presencia</strong></span> <span class='ocrx_word' id='word_1_309' title='bbox 1200 4563 1392 4624; x_wconf 89' lang='lat' dir='ltr'><strong>constitutus</strong></span> <span class='ocrx_word' id='word_1_310' title='bbox 1419 4565 1451 4620; x_wconf 91' lang='lat' dir='ltr'><strong>et</strong></span> <span class='ocrx_word' id='word_1_311' title='bbox 1471 4561 1608 4638; x_wconf 83' lang='lat' dir='ltr'><strong>graciam</strong></span> 
     </span>
     <span class='ocr_line' id='line_1_38' title="bbox 373 4666 1607 4751; baseline -0.005 -20"><span class='ocrx_word' id='word_1_312' title='bbox 373 4691 429 4731; x_wconf 90' lang='lat' dir='ltr'><strong>seu</strong></span> <span class='ocrx_word' id='word_1_313' title='bbox 468 4670 679 4750; x_wconf 91' lang='lat' dir='ltr'><strong>provisionem</strong></span> <span class='ocrx_word' id='word_1_314' title='bbox 720 4672 902 4751; x_wconf 83' lang='lat' dir='ltr'><strong>hujusmodi</strong></span> <span class='ocrx_word' id='word_1_315' title='bbox 938 4678 1045 4733; x_wconf 90' lang='lat' dir='ltr'><strong>nostre</strong></span> <span class='ocrx_word' id='word_1_316' title='bbox 1084 4669 1275 4732; x_wconf 89' lang='lat' dir='ltr'><strong>ordinacioni</strong></span> <span class='ocrx_word' id='word_1_317' title='bbox 1311 4674 1342 4728; x_wconf 88' lang='lat' dir='ltr'><strong>et</strong></span> <span class='ocrx_word' id='word_1_318' title='bbox 1377 4666 1607 4745; x_wconf 88' lang='lat' dir='ltr'><strong>dispensacioni</strong></span> 
     </span>
     <span class='ocr_line' id='line_1_39' title="bbox 371 4773 1610 4859; baseline -0.003 -20"><span class='ocrx_word' id='word_1_319' title='bbox 371 4779 536 4839; x_wconf 87' lang='lat' dir='ltr'><strong>voluntate</strong></span> <span class='ocrx_word' id='word_1_320' title='bbox 556 4785 731 4857; x_wconf 86' lang='lat' dir='ltr'><strong>spontanea</strong></span> <span class='ocrx_word' id='word_1_321' title='bbox 754 4780 938 4851; x_wconf 88' lang='lat' dir='ltr'><strong>submisisti,</strong></span> <span class='ocrx_word' id='word_1_322' title='bbox 964 4779 1153 4859; x_wconf 89' lang='lat' dir='ltr'><strong>promittens</strong></span> <span class='ocrx_word' id='word_1_323' title='bbox 1176 4796 1321 4856; x_wconf 86' lang='lat' dir='ltr'><strong>expresse</strong></span> <span class='ocrx_word' id='word_1_324' title='bbox 1342 4781 1374 4835; x_wconf 91' lang='lat' dir='ltr'><strong>te</strong></span> <span class='ocrx_word' id='word_1_325' title='bbox 1394 4773 1473 4834; x_wconf 89' lang='lat' dir='ltr'><strong>velle</strong></span> <span class='ocrx_word' id='word_1_326' title='bbox 1502 4779 1610 4836; x_wconf 92' lang='lat' dir='ltr'><strong>nostre</strong></span> 
     </span>
     <span class='ocr_line' id='line_1_40' title="bbox 372 4882 1607 4963; baseline -0.004 -19"><span class='ocrx_word' id='word_1_327' title='bbox 372 4884 566 4945; x_wconf 87' lang='lat' dir='ltr'><strong>ordinacioni</strong></span> <span class='ocrx_word' id='word_1_328' title='bbox 596 4890 628 4945; x_wconf 92' lang='lat' dir='ltr'><strong>et</strong></span> <span class='ocrx_word' id='word_1_329' title='bbox 652 4885 883 4963; x_wconf 90' lang='lat' dir='ltr'><strong>dispensacioni</strong></span> <span class='ocrx_word' id='word_1_330' title='bbox 912 4885 944 4944; x_wconf 91' lang='lat' dir='ltr'><strong>in</strong></span> <span class='ocrx_word' id='word_1_331' title='bbox 974 4886 1034 4945; x_wconf 91' lang='lat' dir='ltr'><strong>hac</strong></span> <span class='ocrx_word' id='word_1_332' title='bbox 1062 4890 1151 4963; x_wconf 89' lang='lat' dir='ltr'><strong>parte</strong></span> <span class='ocrx_word' id='word_1_333' title='bbox 1179 4882 1318 4943; x_wconf 76' lang='lat' dir='ltr'><strong>faciende</strong></span> <span class='ocrx_word' id='word_1_334' title='bbox 1342 4899 1460 4959; x_wconf 89' lang='lat' dir='ltr'><strong>parere,</strong></span> <span class='ocrx_word' id='word_1_335' title='bbox 1490 4899 1526 4938; x_wconf 91' lang='lat' dir='ltr'><strong>ac</strong></span> <span class='ocrx_word' id='word_1_336' title='bbox 1554 4898 1607 4940; x_wconf 86' lang='lat' dir='ltr'><strong>aas</strong></span> 
     </span>
     <span class='ocr_line' id='line_1_41' title="bbox 372 4985 1611 5066; baseline -0.002 -17"><span class='ocrx_word' id='word_1_337' title='bbox 372 4989 507 5051; x_wconf 88' lang='lat' dir='ltr'><strong>fideliter</strong></span> <span class='ocrx_word' id='word_1_338' title='bbox 539 4990 712 5062; x_wconf 87' lang='lat' dir='ltr'><strong>observare,</strong></span> <span class='ocrx_word' id='word_1_339' title='bbox 746 4997 779 5052; x_wconf 92' lang='lat' dir='ltr'><strong>et</strong></span> <span class='ocrx_word' id='word_1_340' title='bbox 813 4996 923 5053; x_wconf 87' lang='lat' dir='ltr'><strong>contra</strong></span> <span class='ocrx_word' id='word_1_341' title='bbox 960 4991 1046 5051; x_wconf 91' lang='lat' dir='ltr'><strong>nulla</strong></span> <span class='ocrx_word' id='word_1_342' title='bbox 1085 4990 1177 5050; x_wconf 92' lang='lat' dir='ltr'><strong>modo</strong></span> <span class='ocrx_word' id='word_1_343' title='bbox 1205 4989 1320 5059; x_wconf 88' lang='lat' dir='ltr'><strong>venire,</strong></span> <span class='ocrx_word' id='word_1_344' title='bbox 1359 4992 1452 5066; x_wconf 87' lang='lat' dir='ltr'><strong>atque</strong></span> <span class='ocrx_word' id='word_1_345' title='bbox 1487 4985 1611 5047; x_wconf 86' lang='lat' dir='ltr'><strong>litteras</strong></span> 
     </span>
     <span class='ocr_line' id='line_1_42' title="bbox 375 5091 1611 5177; baseline -0.003 -21"><span class='ocrx_word' id='word_1_346' title='bbox 375 5096 565 5176; x_wconf 89' lang='lat' dir='ltr'><strong>apostolicas</strong></span> <span class='ocrx_word' id='word_1_347' title='bbox 585 5102 617 5157; x_wconf 91' lang='lat' dir='ltr'><strong>et</strong></span> <span class='ocrx_word' id='word_1_348' title='bbox 641 5117 807 5176; x_wconf 87' lang='lat' dir='ltr'><strong>processus</strong></span> <span class='ocrx_word' id='word_1_349' title='bbox 826 5097 985 5177; x_wconf 88' lang='lat' dir='ltr'><strong>predictos</strong></span> <span class='ocrx_word' id='word_1_350' title='bbox 1009 5096 1100 5158; x_wconf 93' lang='lat' dir='ltr'><strong>nobis</strong></span> <span class='ocrx_word' id='word_1_351' title='bbox 1123 5095 1173 5156; x_wconf 91' lang='lat' dir='ltr'><strong>vel</strong></span> <span class='ocrx_word' id='word_1_352' title='bbox 1198 5093 1331 5156; x_wconf 88' lang='lat' dir='ltr'><strong>Officiali</strong></span> <span class='ocrx_word' id='word_1_353' title='bbox 1354 5097 1463 5152; x_wconf 91' lang='lat' dir='ltr'><strong>nostro</strong></span> <span class='ocrx_word' id='word_1_354' title='bbox 1487 5091 1611 5152; x_wconf 86' lang='lat' dir='ltr'><strong>tradere</strong></span> 
     </span>
    </p>
   </div>
   <div class='ocr_carea' id='block_1_9' title="bbox 0 0 1930 5917">
    <p class='ocr_par' dir='ltr' id='par_1_9' title="bbox 0 0 1930 5917">
     <span class='ocr_line' id='line_1_43' title="bbox 0 0 1930 5917; baseline 0 0"><span class='ocrx_word' id='word_1_355' title='bbox 0 0 1930 5917; x_wconf 95' lang='lat' dir='ltr'><strong> </strong></span> 
     </span>
    </p>
   </div>
  </div>
 </body>
</html>
