<?xml version="1.0" encoding="UTF-8"?>
<!DOCTYPE html PUBLIC "-//W3C//DTD XHTML 1.0 Transitional//EN"
    "http://www.w3.org/TR/xhtml1/DTD/xhtml1-transitional.dtd">
<html xmlns="http://www.w3.org/1999/xhtml" xml:lang="en" lang="en">
 <head>
  <title>
</title>
<meta http-equiv="Content-Type" content="text/html;charset=utf-8" />
  <meta name='ocr-system' content='tesseract 3.04.00' />
  <meta name='ocr-capabilities' content='ocr_page ocr_carea ocr_par ocr_line ocrx_word'/>
</head>
<body>
  <div class='ocr_page' id='page_1' title='image "./registrumadedeo00banngoog_0279.png"; bbox 0 0 3850 5917; ppageno 0'>
   <div class='ocr_carea' id='block_1_1' title="bbox 388 685 1251 765">
    <p class='ocr_par' dir='ltr' id='par_1_1' title="bbox 388 685 1251 765">
     <span class='ocr_line' id='line_1_1' title="bbox 388 685 1251 765; baseline -0.006 -15"><span class='ocrx_word' id='word_1_1' title='bbox 388 691 449 750; x_wconf 79' lang='lat'><strong>214</strong></span> <span class='ocrx_word' id='word_1_2' title='bbox 763 686 943 765; x_wconf 72' lang='lat' dir='ltr'><strong>chirtrcm</strong></span> <span class='ocrx_word' id='word_1_3' title='bbox 969 685 1035 747; x_wconf 74' lang='lat' dir='ltr'><strong>Ado</strong></span> <span class='ocrx_word' id='word_1_4' title='bbox 1061 685 1098 747; x_wconf 83' lang='lat' dir='ltr'><strong>dc</strong></span> <span class='ocrx_word' id='word_1_5' title='bbox 1128 685 1251 746; x_wconf 80' lang='lat' dir='ltr'><strong>Orlctoo</strong></span> 
     </span>
    </p>
   </div>
   <div class='ocr_carea' id='block_1_2' title="bbox 218 908 1629 4056">
    <p class='ocr_par' dir='ltr' id='par_1_2' title="bbox 218 908 1629 4056">
     <span class='ocr_line' id='line_1_2' title="bbox 218 908 1623 993; baseline -0.006 -16"><span class='ocrx_word' id='word_1_6' title='bbox 218 922 277 962; x_wconf 74' lang='grc' dir='ltr'><strong>Μ)-</strong></span> <span class='ocrx_word' id='word_1_7' title='bbox 292 923 348 962; x_wconf 72' lang='lat'>¹³²2</span> <span class='ocrx_word' id='word_1_8' title='bbox 389 915 586 976; x_wconf 73' lang='lat' dir='ltr'><strong>Tusculanus</strong></span> <span class='ocrx_word' id='word_1_9' title='bbox 622 913 809 993; x_wconf 83' lang='lat' dir='ltr'><strong>Episcopus,</strong></span> <span class='ocrx_word' id='word_1_10' title='bbox 847 912 991 983; x_wconf 83' lang='lat' dir='ltr'><strong>salutem,</strong></span> <span class='ocrx_word' id='word_1_11' title='bbox 1020 917 1078 972; x_wconf 89' lang='lat' dir='ltr'><strong>etc.</strong></span> <span class='ocrx_word' id='word_1_12' title='bbox 1135 911 1185 971; x_wconf 83' lang='lat' dir='ltr'><strong>Ex</strong></span> <span class='ocrx_word' id='word_1_13' title='bbox 1214 915 1304 991; x_wconf 92' lang='lat' dir='ltr'><strong>parte</strong></span> <span class='ocrx_word' id='word_1_14' title='bbox 1332 910 1437 971; x_wconf 86' lang='lat' dir='ltr'><strong>iratris</strong></span> <span class='ocrx_word' id='word_1_15' title='bbox 1465 908 1623 970; x_wconf 83' lang='lat' dir='ltr'><strong>Guillelmi</strong></span> 
     </span>
     <span class='ocr_line' id='line_1_3' title="bbox 390 1014 1626 1100; baseline -0.005 -18"><span class='ocrx_word' id='word_1_16' title='bbox 390 1022 430 1082; x_wconf 91' lang='lat' dir='ltr'><strong>de</strong></span> <span class='ocrx_word' id='word_1_17' title='bbox 452 1019 663 1100; x_wconf 84' lang='lat' dir='ltr'><strong>Sanquennia,</strong></span> <span class='ocrx_word' id='word_1_18' title='bbox 692 1018 840 1079; x_wconf 86' lang='lat' dir='ltr'><strong>monachi</strong></span> <span class='ocrx_word' id='word_1_19' title='bbox 867 1017 1051 1078; x_wconf 87' lang='lat' dir='ltr'><strong>monasterii</strong></span> <span class='ocrx_word' id='word_1_20' title='bbox 1082 1016 1172 1077; x_wconf 90' lang='lat' dir='ltr'><strong>beate</strong></span> <span class='ocrx_word' id='word_1_21' title='bbox 1201 1016 1301 1077; x_wconf 85' lang='lat' dir='ltr'><strong>Maris</strong></span> <span class='ocrx_word' id='word_1_22' title='bbox 1330 1015 1369 1078; x_wconf 89' lang='lat' dir='ltr'><strong>de</strong></span> <span class='ocrx_word' id='word_1_23' title='bbox 1401 1015 1483 1086; x_wconf 90' lang='lat' dir='ltr'><strong>Lira,</strong></span> <span class='ocrx_word' id='word_1_24' title='bbox 1508 1014 1626 1076; x_wconf 78' lang='lat' dir='ltr'>ordinis</span> 
     </span>
     <span class='ocr_line' id='line_1_4' title="bbox 390 1122 1624 1197; baseline -0.007 -7"><span class='ocrx_word' id='word_1_25' title='bbox 390 1128 493 1190; x_wconf 88' lang='lat' dir='ltr'><strong>saneti</strong></span> <span class='ocrx_word' id='word_1_26' title='bbox 524 1126 698 1197; x_wconf 79' lang='lat' dir='ltr'>Benedicti,</span> <span class='ocrx_word' id='word_1_27' title='bbox 731 1125 932 1186; x_wconf 84' lang='lat' dir='ltr'><strong>Ebroieensis</strong></span> <span class='ocrx_word' id='word_1_28' title='bbox 964 1123 1106 1194; x_wconf 85' lang='lat' dir='ltr'><strong>diocesis,</strong></span> <span class='ocrx_word' id='word_1_29' title='bbox 1139 1124 1172 1183; x_wconf 94' lang='lat' dir='ltr'><strong>in</strong></span> <span class='ocrx_word' id='word_1_30' title='bbox 1205 1129 1311 1185; x_wconf 88' lang='lat' dir='ltr'><strong>vestra</strong></span> <span class='ocrx_word' id='word_1_31' title='bbox 1341 1122 1457 1184; x_wconf 76' lang='lat' dir='ltr'><strong>diocesi</strong></span> <span class='ocrx_word' id='word_1_32' title='bbox 1488 1141 1624 1182; x_wconf 89' lang='lat' dir='ltr'><strong>commo·</strong></span> 
     </span>
     <span class='ocr_line' id='line_1_5' title="bbox 390 1230 1627 1311; baseline -0.006 -15"><span class='ocrx_word' id='word_1_33' title='bbox 390 1235 500 1306; x_wconf 87' lang='lat' dir='ltr'><strong>rantis,</strong></span> <span class='ocrx_word' id='word_1_34' title='bbox 539 1233 630 1294; x_wconf 88' lang='lat' dir='ltr'><strong>nobis</strong></span> <span class='ocrx_word' id='word_1_35' title='bbox 668 1233 774 1294; x_wconf 90' lang='lat' dir='ltr'><strong>oblata</strong></span> <span class='ocrx_word' id='word_1_36' title='bbox 811 1230 927 1311; x_wconf 89' lang='lat' dir='ltr'><strong>peticio</strong></span> <span class='ocrx_word' id='word_1_37' title='bbox 964 1231 1145 1292; x_wconf 89' lang='lat' dir='ltr'><strong>continebat</strong></span> <span class='ocrx_word' id='word_1_38' title='bbox 1183 1230 1266 1311; x_wconf 88' lang='lat' dir='ltr'><strong>quod</strong></span> <span class='ocrx_word' id='word_1_39' title='bbox 1302 1231 1370 1311; x_wconf 91' lang='lat' dir='ltr'><strong>ipse</strong></span> <span class='ocrx_word' id='word_1_40' title='bbox 1406 1231 1480 1292; x_wconf 93' lang='lat' dir='ltr'><strong>olim</strong></span> <span class='ocrx_word' id='word_1_41' title='bbox 1517 1235 1627 1291; x_wconf 89' lang='lat' dir='ltr'><strong>contra</strong></span> 
     </span>
     <span class='ocr_line' id='line_1_6' title="bbox 391 1335 1625 1415; baseline -0.006 -13"><span class='ocrx_word' id='word_1_42' title='bbox 391 1340 655 1402; x_wconf 80' lang='lat' dir='ltr'><strong>constitucionem</strong></span> <span class='ocrx_word' id='word_1_43' title='bbox 678 1338 777 1399; x_wconf 87' lang='lat' dir='ltr'><strong>felicis</strong></span> <span class='ocrx_word' id='word_1_44' title='bbox 805 1336 1034 1399; x_wconf 79' lang='lat' dir='ltr'><strong>recordacionis</strong></span> <span class='ocrx_word' id='word_1_45' title='bbox 1062 1337 1180 1399; x_wconf 91' lang='lat' dir='ltr'><strong>domini</strong></span> <span class='ocrx_word' id='word_1_46' title='bbox 1210 1337 1391 1408; x_wconf 87' lang='lat' dir='ltr'><strong>Clementis,</strong></span> <span class='ocrx_word' id='word_1_47' title='bbox 1423 1337 1509 1415; x_wconf 87' lang='lat' dir='ltr'><strong>Papo</strong></span> <span class='ocrx_word' id='word_1_48' title='bbox 1529 1336 1567 1406; x_wconf 81' lang='lat' dir='ltr'><strong>V,</strong></span> <span class='ocrx_word' id='word_1_49' title='bbox 1592 1335 1625 1394; x_wconf 91' lang='lat' dir='ltr'><strong>in</strong></span> 
     </span>
     <span class='ocr_line' id='line_1_7' title="bbox 390 1442 1624 1522; baseline -0.004 -17"><span class='ocrx_word' id='word_1_50' title='bbox 390 1445 524 1506; x_wconf 89' lang='lat' dir='ltr'><strong>concilio</strong></span> <span class='ocrx_word' id='word_1_51' title='bbox 554 1443 727 1505; x_wconf 87' lang='lat' dir='ltr'><strong>Viennensi</strong></span> <span class='ocrx_word' id='word_1_52' title='bbox 757 1443 873 1502; x_wconf 91' lang='lat' dir='ltr'><strong>editam</strong></span> <span class='ocrx_word' id='word_1_53' title='bbox 898 1442 1086 1521; x_wconf 89' lang='lat' dir='ltr'><strong>quibusdam</strong></span> <span class='ocrx_word' id='word_1_54' title='bbox 1117 1442 1259 1522; x_wconf 87' lang='lat' dir='ltr'><strong>personis</strong></span> <span class='ocrx_word' id='word_1_55' title='bbox 1284 1447 1349 1504; x_wconf 90' lang='lat' dir='ltr'><strong>tam</strong></span> <span class='ocrx_word' id='word_1_56' title='bbox 1380 1442 1500 1503; x_wconf 86' lang='lat' dir='ltr'><strong>clericis</strong></span> <span class='ocrx_word' id='word_1_57' title='bbox 1531 1461 1624 1522; x_wconf 85' lang='lat' dir='ltr'><strong>quam</strong></span> 
     </span>
     <span class='ocr_line' id='line_1_8' title="bbox 391 1548 1625 1628; baseline -0.002 -18"><span class='ocrx_word' id='word_1_58' title='bbox 391 1550 480 1612; x_wconf 87' lang='lat' dir='ltr'><strong>laicis</strong></span> <span class='ocrx_word' id='word_1_59' title='bbox 510 1549 722 1611; x_wconf 87' lang='lat' dir='ltr'><strong>ecclesiastica</strong></span> <span class='ocrx_word' id='word_1_60' title='bbox 757 1554 964 1620; x_wconf 86' lang='lat' dir='ltr'><strong>sacramenta,</strong></span> <span class='ocrx_word' id='word_1_61' title='bbox 993 1548 1132 1628; x_wconf 88' lang='lat' dir='ltr'><strong>ipsorum</strong></span> <span class='ocrx_word' id='word_1_62' title='bbox 1160 1555 1318 1609; x_wconf 90' lang='lat' dir='ltr'><strong>rectorum</strong></span> <span class='ocrx_word' id='word_1_63' title='bbox 1357 1569 1412 1610; x_wconf 88' lang='lat' dir='ltr'><strong>seu</strong></span> <span class='ocrx_word' id='word_1_64' title='bbox 1446 1553 1625 1609; x_wconf 90' lang='lat' dir='ltr'><strong>curatorum</strong></span> 
     </span>
     <span class='ocr_line' id='line_1_9' title="bbox 389 1653 1626 1734; baseline -0.002 -18"><span class='ocrx_word' id='word_1_65' title='bbox 389 1656 522 1717; x_wconf 78' lang='lat' dir='ltr'><strong>licencia</strong></span> <span class='ocrx_word' id='word_1_66' title='bbox 542 1675 606 1716; x_wconf 92' lang='lat' dir='ltr'><strong>non</strong></span> <span class='ocrx_word' id='word_1_67' title='bbox 634 1659 774 1734; x_wconf 90' lang='lat' dir='ltr'><strong>optenta,</strong></span> <span class='ocrx_word' id='word_1_68' title='bbox 806 1653 999 1715; x_wconf 85' lang='lat' dir='ltr'><strong>ministravit</strong></span> <span class='ocrx_word' id='word_1_69' title='bbox 1026 1659 1059 1715; x_wconf 92' lang='lat' dir='ltr'><strong>et</strong></span> <span class='ocrx_word' id='word_1_70' title='bbox 1086 1653 1257 1715; x_wconf 88' lang='lat' dir='ltr'><strong>ministrari</strong></span> <span class='ocrx_word' id='word_1_71' title='bbox 1279 1655 1362 1725; x_wconf 88' lang='lat' dir='ltr'><strong>lecit,</strong></span> <span class='ocrx_word' id='word_1_72' title='bbox 1391 1653 1626 1734; x_wconf 89' lang='lat' dir='ltr'><strong>propterquod</strong></span> 
     </span>
     <span class='ocr_line' id='line_1_10' title="bbox 390 1759 1624 1840; baseline -0.004 -17"><span class='ocrx_word' id='word_1_73' title='bbox 390 1761 728 1835; x_wconf 73' lang='lat' dir='ltr'><strong>excommunicacionis</strong></span> <span class='ocrx_word' id='word_1_74' title='bbox 757 1761 889 1820; x_wconf 89' lang='lat' dir='ltr'><strong>incurrit</strong></span> <span class='ocrx_word' id='word_1_75' title='bbox 919 1760 1113 1821; x_wconf 90' lang='lat' dir='ltr'><strong>sentenciam</strong></span> <span class='ocrx_word' id='word_1_76' title='bbox 1141 1761 1174 1819; x_wconf 90' lang='lat' dir='ltr'><strong>in</strong></span> <span class='ocrx_word' id='word_1_77' title='bbox 1214 1761 1292 1822; x_wconf 88' lang='lat' dir='ltr'><strong>tales</strong></span> <span class='ocrx_word' id='word_1_78' title='bbox 1320 1781 1377 1840; x_wconf 89' lang='lat' dir='ltr'><strong>per</strong></span> <span class='ocrx_word' id='word_1_79' title='bbox 1408 1759 1525 1820; x_wconf 87' lang='lat' dir='ltr'><strong>dictam</strong></span> <span class='ocrx_word' id='word_1_80' title='bbox 1553 1779 1624 1820; x_wconf 89' lang='lat' dir='ltr'><strong>con-</strong></span> 
     </span>
     <span class='ocr_line' id='line_1_11' title="bbox 389 1864 1625 1946; baseline -0.005 -17"><span class='ocrx_word' id='word_1_81' title='bbox 389 1868 594 1930; x_wconf 86' lang='lat' dir='ltr'><strong>stitucionem</strong></span> <span class='ocrx_word' id='word_1_82' title='bbox 628 1866 815 1946; x_wconf 85' lang='lat' dir='ltr'><strong>generaliter</strong></span> <span class='ocrx_word' id='word_1_83' title='bbox 848 1865 1087 1946; x_wconf 83' lang='lat' dir='ltr'><strong>promulgatam.</strong></span> <span class='ocrx_word' id='word_1_84' title='bbox 1150 1866 1194 1926; x_wconf 85' lang='lat' dir='ltr'><strong>Et</strong></span> <span class='ocrx_word' id='word_1_85' title='bbox 1228 1866 1273 1926; x_wconf 88' lang='lat' dir='ltr'><strong>sic</strong></span> <span class='ocrx_word' id='word_1_86' title='bbox 1307 1866 1422 1944; x_wconf 88' lang='lat' dir='ltr'><strong>ligatus</strong></span> <span class='ocrx_word' id='word_1_87' title='bbox 1453 1869 1560 1924; x_wconf 89' lang='lat' dir='ltr'><strong>tamen</strong></span> <span class='ocrx_word' id='word_1_88' title='bbox 1592 1864 1625 1923; x_wconf 91' lang='lat' dir='ltr'><strong>in</strong></span> 
     </span>
     <span class='ocr_line' id='line_1_12' title="bbox 389 1969 1627 2051; baseline -0.003 -18"><span class='ocrx_word' id='word_1_89' title='bbox 389 1976 609 2051; x_wconf 88' lang='lat' dir='ltr'><strong>contemptum</strong></span> <span class='ocrx_word' id='word_1_90' title='bbox 644 1971 778 2031; x_wconf 87' lang='lat' dir='ltr'><strong>clavium</strong></span> <span class='ocrx_word' id='word_1_91' title='bbox 813 1970 847 2029; x_wconf 93' lang='lat' dir='ltr'><strong>in</strong></span> <span class='ocrx_word' id='word_1_92' title='bbox 885 1970 951 2030; x_wconf 90' lang='lat' dir='ltr'><strong>suis</strong></span> <span class='ocrx_word' id='word_1_93' title='bbox 989 1970 1181 2032; x_wconf 88' lang='lat' dir='ltr'><strong>ministravit</strong></span> <span class='ocrx_word' id='word_1_94' title='bbox 1215 1970 1377 2030; x_wconf 88' lang='lat' dir='ltr'><strong>ordinibus</strong></span> <span class='ocrx_word' id='word_1_95' title='bbox 1414 1975 1446 2030; x_wconf 90' lang='lat' dir='ltr'><strong>et</strong></span> <span class='ocrx_word' id='word_1_96' title='bbox 1479 1969 1557 2030; x_wconf 88' lang='lat' dir='ltr'><strong>alias</strong></span> <span class='ocrx_word' id='word_1_97' title='bbox 1592 1987 1627 2029; x_wconf 88' lang='lat' dir='ltr'><strong>se</strong></span> 
     </span>
     <span class='ocr_line' id='line_1_13' title="bbox 389 2074 1628 2156; baseline 0 -20"><span class='ocrx_word' id='word_1_98' title='bbox 389 2077 564 2138; x_wconf 74' lang='lat' dir='ltr'><strong>immiscuit</strong></span> <span class='ocrx_word' id='word_1_99' title='bbox 601 2076 724 2136; x_wconf 85' lang='lat' dir='ltr'><strong>divinis.</strong></span> <span class='ocrx_word' id='word_1_100' title='bbox 768 2076 869 2154; x_wconf 86' lang='lat' dir='ltr'><strong>Super</strong></span> <span class='ocrx_word' id='word_1_101' title='bbox 903 2074 1017 2155; x_wconf 90' lang='lat' dir='ltr'><strong>quibus</strong></span> <span class='ocrx_word' id='word_1_102' title='bbox 1042 2076 1210 2156; x_wconf 88' lang='lat' dir='ltr'><strong>supplicari</strong></span> <span class='ocrx_word' id='word_1_103' title='bbox 1246 2076 1320 2136; x_wconf 90' lang='lat' dir='ltr'><strong>lecit</strong></span> <span class='ocrx_word' id='word_1_104' title='bbox 1347 2075 1438 2137; x_wconf 89' lang='lat' dir='ltr'><strong>nobis</strong></span> <span class='ocrx_word' id='word_1_105' title='bbox 1465 2075 1628 2136; x_wconf 88' lang='lat' dir='ltr'><strong>humiliter</strong></span> 
     </span>
     <span class='ocr_line' id='line_1_14' title="bbox 389 2180 1625 2262; baseline -0.002 -19"><span class='ocrx_word' id='word_1_106' title='bbox 389 2182 450 2243; x_wconf 90' lang='lat' dir='ltr'><strong>sibi</strong></span> <span class='ocrx_word' id='word_1_107' title='bbox 478 2203 534 2262; x_wconf 88' lang='lat' dir='ltr'><strong>per</strong></span> <span class='ocrx_word' id='word_1_108' title='bbox 555 2182 669 2242; x_wconf 86' lang='lat' dir='ltr'><strong>Sedem</strong></span> <span class='ocrx_word' id='word_1_109' title='bbox 700 2180 914 2261; x_wconf 87' lang='lat' dir='ltr'><strong>Apostolicam</strong></span> <span class='ocrx_word' id='word_1_110' title='bbox 942 2180 1184 2242; x_wconf 90' lang='lat' dir='ltr'><strong>misericorditer</strong></span> <span class='ocrx_word' id='word_1_111' title='bbox 1203 2181 1368 2260; x_wconf 88' lang='lat' dir='ltr'><strong>provideri.</strong></span> <span class='ocrx_word' id='word_1_112' title='bbox 1424 2181 1492 2242; x_wconf 90' lang='lat' dir='ltr'><strong>Nos</strong></span> <span class='ocrx_word' id='word_1_113' title='bbox 1522 2181 1625 2260; x_wconf 83' lang='lat' dir='ltr'><strong>igitur,</strong></span> 
     </span>
     <span class='ocr_line' id='line_1_15' title="bbox 391 2286 1626 2367; baseline 0.001 -20"><span class='ocrx_word' id='word_1_114' title='bbox 391 2287 579 2347; x_wconf 88' lang='lat' dir='ltr'><strong>auctoritate</strong></span> <span class='ocrx_word' id='word_1_115' title='bbox 607 2286 726 2347; x_wconf 91' lang='lat' dir='ltr'><strong>domini</strong></span> <span class='ocrx_word' id='word_1_116' title='bbox 741 2287 826 2365; x_wconf 91' lang='lat' dir='ltr'><strong>Pape</strong></span> <span class='ocrx_word' id='word_1_117' title='bbox 852 2286 942 2365; x_wconf 85' lang='lat' dir='ltr'><strong>cujus</strong></span> <span class='ocrx_word' id='word_1_118' title='bbox 971 2287 1194 2366; x_wconf 88' lang='lat' dir='ltr'><strong>penitenciarie</strong></span> <span class='ocrx_word' id='word_1_119' title='bbox 1219 2307 1326 2348; x_wconf 86' lang='lat' dir='ltr'><strong>curam</strong></span> <span class='ocrx_word' id='word_1_120' title='bbox 1353 2287 1500 2367; x_wconf 86' lang='lat' dir='ltr'><strong>gerimus,</strong></span> <span class='ocrx_word' id='word_1_121' title='bbox 1524 2289 1626 2367; x_wconf 86' lang='lat' dir='ltr'><strong>provi·</strong></span> 
     </span>
     <span class='ocr_line' id='line_1_16' title="bbox 390 2379 1625 2472; baseline 0.002 -21"><span class='ocrx_word' id='word_1_122' title='bbox 390 2391 501 2453; x_wconf 88' lang='lat' dir='ltr'><strong>dencie</strong></span> <span class='ocrx_word' id='word_1_123' title='bbox 528 2395 632 2452; x_wconf 88' lang='lat' dir='ltr'><strong>vestre</strong></span> <span class='ocrx_word' id='word_1_124' title='bbox 660 2379 888 2452; x_wconf 88' lang='lat' dir='ltr'><strong>committimus</strong></span> <span class='ocrx_word' id='word_1_125' title='bbox 912 2391 1062 2471; x_wconf 87' lang='lat' dir='ltr'><strong>quatinus</strong></span> <span class='ocrx_word' id='word_1_126' title='bbox 1092 2392 1196 2472; x_wconf 88' lang='lat' dir='ltr'><strong>ipsum</strong></span> <span class='ocrx_word' id='word_1_127' title='bbox 1227 2393 1266 2452; x_wconf 87' lang='lat' dir='ltr'><strong>ab</strong></span> <span class='ocrx_word' id='word_1_128' title='bbox 1295 2393 1477 2471; x_wconf 86' lang='lat' dir='ltr'><strong>hujusmodi</strong></span> <span class='ocrx_word' id='word_1_129' title='bbox 1504 2413 1625 2454; x_wconf 84' lang='lat' dir='ltr'><strong>excom·</strong></span> 
     </span>
     <span class='ocr_line' id='line_1_17' title="bbox 392 2497 1628 2570; baseline 0.002 -13"><span class='ocrx_word' id='word_1_130' title='bbox 392 2497 619 2558; x_wconf 89' lang='lat' dir='ltr'><strong>municacionis</strong></span> <span class='ocrx_word' id='word_1_131' title='bbox 652 2497 813 2559; x_wconf 89' lang='lat' dir='ltr'><strong>sentencia</strong></span> <span class='ocrx_word' id='word_1_132' title='bbox 840 2497 1011 2559; x_wconf 84' lang='lat' dir='ltr'><strong>absolvatis</strong></span> <span class='ocrx_word' id='word_1_133' title='bbox 1037 2499 1070 2558; x_wconf 92' lang='lat' dir='ltr'><strong>in</strong></span> <span class='ocrx_word' id='word_1_134' title='bbox 1107 2499 1207 2559; x_wconf 86' lang='lat' dir='ltr'><strong>lorma</strong></span> <span class='ocrx_word' id='word_1_135' title='bbox 1245 2499 1374 2559; x_wconf 89' lang='lat' dir='ltr'><strong>ecclesie</strong></span> <span class='ocrx_word' id='word_1_136' title='bbox 1402 2505 1562 2570; x_wconf 88' lang='lat' dir='ltr'><strong>consueta,</strong></span> <span class='ocrx_word' id='word_1_137' title='bbox 1594 2504 1628 2560; x_wconf 92' lang='lat' dir='ltr'><strong>et</strong></span> 
     </span>
     <span class='ocr_line' id='line_1_18' title="bbox 391 2601 1628 2683; baseline 0.003 -22"><span class='ocrx_word' id='word_1_138' title='bbox 391 2603 535 2682; x_wconf 87' lang='lat' dir='ltr'><strong>injuncta</strong></span> <span class='ocrx_word' id='word_1_139' title='bbox 559 2601 617 2663; x_wconf 88' lang='lat' dir='ltr'><strong>sibi</strong></span> <span class='ocrx_word' id='word_1_140' title='bbox 632 2622 690 2682; x_wconf 92' lang='lat' dir='ltr'><strong>pro</strong></span> <span class='ocrx_word' id='word_1_141' title='bbox 714 2603 807 2663; x_wconf 90' lang='lat' dir='ltr'><strong>modo</strong></span> <span class='ocrx_word' id='word_1_142' title='bbox 832 2603 923 2682; x_wconf 89' lang='lat' dir='ltr'><strong>culpe</strong></span> <span class='ocrx_word' id='word_1_143' title='bbox 950 2603 1129 2683; x_wconf 87' lang='lat' dir='ltr'><strong>penitencia</strong></span> <span class='ocrx_word' id='word_1_144' title='bbox 1150 2602 1287 2674; x_wconf 87' lang='lat' dir='ltr'><strong>salutari,</strong></span> <span class='ocrx_word' id='word_1_145' title='bbox 1309 2607 1342 2664; x_wconf 91' lang='lat' dir='ltr'><strong>et</strong></span> <span class='ocrx_word' id='word_1_146' title='bbox 1363 2603 1432 2663; x_wconf 91' lang='lat' dir='ltr'><strong>aliis</strong></span> <span class='ocrx_word' id='word_1_147' title='bbox 1456 2623 1516 2682; x_wconf 93' lang='lat' dir='ltr'><strong>que</strong></span> <span class='ocrx_word' id='word_1_148' title='bbox 1537 2603 1567 2664; x_wconf 91' lang='lat' dir='ltr'><strong>ei</strong></span> <span class='ocrx_word' id='word_1_149' title='bbox 1588 2603 1628 2666; x_wconf 93' lang='lat' dir='ltr'><strong>de</strong></span> 
     </span>
     <span class='ocr_line' id='line_1_19' title="bbox 391 2706 1629 2788; baseline 0.002 -20"><span class='ocrx_word' id='word_1_150' title='bbox 391 2707 461 2788; x_wconf 84' lang='lat' dir='ltr'><strong>jure</strong></span> <span class='ocrx_word' id='word_1_151' title='bbox 488 2706 606 2767; x_wconf 82' lang='lat' dir='ltr'><strong>fuerint</strong></span> <span class='ocrx_word' id='word_1_152' title='bbox 626 2707 826 2787; x_wconf 86' lang='lat' dir='ltr'><strong>injungenda,</strong></span> <span class='ocrx_word' id='word_1_153' title='bbox 848 2728 947 2788; x_wconf 89' lang='lat' dir='ltr'><strong>eoque</strong></span> <span class='ocrx_word' id='word_1_154' title='bbox 976 2709 1015 2768; x_wconf 89' lang='lat' dir='ltr'><strong>ad</strong></span> <span class='ocrx_word' id='word_1_155' title='bbox 1044 2713 1170 2788; x_wconf 89' lang='lat' dir='ltr'><strong>tempus</strong></span> <span class='ocrx_word' id='word_1_156' title='bbox 1198 2712 1290 2788; x_wconf 88' lang='lat' dir='ltr'><strong>prout</strong></span> <span class='ocrx_word' id='word_1_157' title='bbox 1312 2709 1458 2787; x_wconf 86' lang='lat' dir='ltr'><strong>expedire</strong></span> <span class='ocrx_word' id='word_1_158' title='bbox 1485 2709 1629 2771; x_wconf 87' lang='lat' dir='ltr'><strong>videritis</strong></span> 
     </span>
     <span class='ocr_line' id='line_1_20' title="bbox 390 2813 1626 2893; baseline 0.002 -20"><span class='ocrx_word' id='word_1_159' title='bbox 390 2833 411 2873; x_wconf 93' lang='lat' dir='ltr'><strong>a</strong></span> <span class='ocrx_word' id='word_1_160' title='bbox 434 2833 563 2874; x_wconf 90' lang='lat' dir='ltr'><strong>suorum</strong></span> <span class='ocrx_word' id='word_1_161' title='bbox 594 2813 739 2874; x_wconf 88' lang='lat' dir='ltr'><strong>ordinum</strong></span> <span class='ocrx_word' id='word_1_162' title='bbox 767 2813 954 2875; x_wconf 85' lang='lat' dir='ltr'><strong>execucione</strong></span> <span class='ocrx_word' id='word_1_163' title='bbox 982 2833 1144 2892; x_wconf 86' lang='lat' dir='ltr'><strong>suspenso,</strong></span> <span class='ocrx_word' id='word_1_164' title='bbox 1174 2814 1300 2874; x_wconf 91' lang='lat' dir='ltr'><strong>demum</strong></span> <span class='ocrx_word' id='word_1_165' title='bbox 1329 2814 1573 2893; x_wconf 84' lang='lat' dir='ltr'><strong>suffragantibus</strong></span> <span class='ocrx_word' id='word_1_166' title='bbox 1598 2817 1626 2877; x_wconf 92' lang='lat' dir='ltr'><strong>el</strong></span> 
     </span>
     <span class='ocr_line' id='line_1_21' title="bbox 391 2919 1626 2999; baseline 0.003 -21"><span class='ocrx_word' id='word_1_167' title='bbox 391 2919 521 2990; x_wconf 88' lang='lat' dir='ltr'><strong>meritis,</strong></span> <span class='ocrx_word' id='word_1_168' title='bbox 552 2919 674 2999; x_wconf 89' lang='lat' dir='ltr'><strong>alioque</strong></span> <span class='ocrx_word' id='word_1_169' title='bbox 706 2919 857 2979; x_wconf 86' lang='lat' dir='ltr'><strong>canonico</strong></span> <span class='ocrx_word' id='word_1_170' title='bbox 881 2938 945 2979; x_wconf 89' lang='lat' dir='ltr'><strong>non</strong></span> <span class='ocrx_word' id='word_1_171' title='bbox 974 2919 1129 2990; x_wconf 87' lang='lat' dir='ltr'><strong>obstante,</strong></span> <span class='ocrx_word' id='word_1_172' title='bbox 1158 2939 1254 2999; x_wconf 89' lang='lat' dir='ltr'><strong>super</strong></span> <span class='ocrx_word' id='word_1_173' title='bbox 1280 2919 1506 2999; x_wconf 84' lang='lat' dir='ltr'><strong>irregularitate</strong></span> <span class='ocrx_word' id='word_1_174' title='bbox 1542 2921 1626 2982; x_wconf 93' lang='lat' dir='ltr'><strong>dicto</strong></span> 
     </span>
     <span class='ocr_line' id='line_1_22' title="bbox 390 3023 1626 3105; baseline 0.002 -21"><span class='ocrx_word' id='word_1_175' title='bbox 390 3025 486 3086; x_wconf 93' lang='lat' dir='ltr'><strong>modo</strong></span> <span class='ocrx_word' id='word_1_176' title='bbox 507 3029 668 3085; x_wconf 88' lang='lat' dir='ltr'><strong>contracta</strong></span> <span class='ocrx_word' id='word_1_177' title='bbox 695 3023 883 3084; x_wconf 87' lang='lat' dir='ltr'><strong>auctoritate</strong></span> <span class='ocrx_word' id='word_1_178' title='bbox 909 3024 1050 3104; x_wconf 88' lang='lat' dir='ltr'><strong>predicta</strong></span> <span class='ocrx_word' id='word_1_179' title='bbox 1078 3025 1266 3105; x_wconf 87' lang='lat' dir='ltr'><strong>dispensetis</strong></span> <span class='ocrx_word' id='word_1_180' title='bbox 1288 3025 1530 3086; x_wconf 86' lang='lat' dir='ltr'><strong>misericorditer</strong></span> <span class='ocrx_word' id='word_1_181' title='bbox 1553 3046 1626 3086; x_wconf 91' lang='lat' dir='ltr'><strong>cum</strong></span> 
     </span>
     <span class='ocr_line' id='line_1_23' title="bbox 392 3128 1626 3209; baseline 0 -17"><span class='ocrx_word' id='word_1_182' title='bbox 392 3131 512 3192; x_wconf 89' lang='lat' dir='ltr'><strong>eodem.</strong></span> <span class='ocrx_word' id='word_1_183' title='bbox 567 3131 687 3190; x_wconf 89' lang='lat' dir='ltr'><strong>Datum</strong></span> <span class='ocrx_word' id='word_1_184' title='bbox 708 3128 871 3200; x_wconf 84' lang='lat' dir='ltr'><strong>Avinione‚</strong></span> <span class='ocrx_word' id='word_1_185' title='bbox 902 3130 981 3209; x_wconf 82' lang='lat' dir='ltr'><strong>xiiij⁰</strong></span> <span class='ocrx_word' id='word_1_186' title='bbox 1003 3129 1071 3190; x_wconf 87' lang='lat' dir='ltr'><strong>Kal.</strong></span> <span class='ocrx_word' id='word_1_187' title='bbox 1095 3131 1245 3203; x_wconf 84' lang='lat' dir='ltr'><strong>Januarii,</strong></span> <span class='ocrx_word' id='word_1_188' title='bbox 1271 3131 1479 3193; x_wconf 85' lang='lat' dir='ltr'><strong>Pontificatus</strong></span> <span class='ocrx_word' id='word_1_189' title='bbox 1506 3132 1626 3193; x_wconf 91' lang='lat' dir='ltr'><strong>domini</strong></span> 
     </span>
     <span class='ocr_line' id='line_1_24' title="bbox 392 3234 1624 3317; baseline 0.002 -21"><span class='ocrx_word' id='word_1_190' title='bbox 392 3235 558 3306; x_wconf 87' lang='lat' dir='ltr'><strong>Johannis,</strong></span> <span class='ocrx_word' id='word_1_191' title='bbox 581 3236 667 3314; x_wconf 88' lang='lat' dir='ltr'><strong>Pape</strong></span> <span class='ocrx_word' id='word_1_192' title='bbox 699 3234 810 3307; x_wconf 85' lang='lat' dir='ltr'>XXII,</span> <span class='ocrx_word' id='word_1_193' title='bbox 839 3255 922 3296; x_wconf 90' lang='lat' dir='ltr'><strong>anno</strong></span> <span class='ocrx_word' id='word_1_194' title='bbox 950 3241 1049 3296; x_wconf 87' lang='lat' dir='ltr'><strong>sexto.</strong></span> <span class='ocrx_word' id='word_1_195' title='bbox 1105 3236 1173 3297; x_wconf 88' lang='lat' dir='ltr'><strong>Nos</strong></span> <span class='ocrx_word' id='word_1_196' title='bbox 1200 3241 1307 3298; x_wconf 88' lang='lat' dir='ltr'><strong>autem</strong></span> <span class='ocrx_word' id='word_1_197' title='bbox 1335 3237 1522 3299; x_wconf 89' lang='lat' dir='ltr'><strong>auctoritate</strong></span> <span class='ocrx_word' id='word_1_198' title='bbox 1557 3258 1624 3317; x_wconf 91' lang='lat' dir='ltr'><strong>pre-</strong></span> 
     </span>
     <span class='ocr_line' id='line_1_25' title="bbox 390 3341 1629 3421; baseline 0.003 -20"><span class='ocrx_word' id='word_1_199' title='bbox 390 3341 477 3401; x_wconf 87' lang='lat' dir='ltr'><strong>dicta</strong></span> <span class='ocrx_word' id='word_1_200' title='bbox 504 3346 618 3412; x_wconf 89' lang='lat' dir='ltr'><strong>tecum,</strong></span> <span class='ocrx_word' id='word_1_201' title='bbox 640 3361 734 3421; x_wconf 93' lang='lat' dir='ltr'><strong>quem</strong></span> <span class='ocrx_word' id='word_1_202' title='bbox 756 3346 820 3401; x_wconf 89' lang='lat' dir='ltr'><strong>tam</strong></span> <span class='ocrx_word' id='word_1_203' title='bbox 846 3341 1028 3421; x_wconf 87' lang='lat' dir='ltr'><strong>hujusmodi</strong></span> <span class='ocrx_word' id='word_1_204' title='bbox 1061 3343 1222 3404; x_wconf 87' lang='lat' dir='ltr'><strong>sentencia</strong></span> <span class='ocrx_word' id='word_1_205' title='bbox 1253 3343 1444 3405; x_wconf 84' lang='lat' dir='ltr'><strong>absolvimus</strong></span> <span class='ocrx_word' id='word_1_206' title='bbox 1471 3344 1504 3403; x_wconf 90' lang='lat' dir='ltr'><strong>in</strong></span> <span class='ocrx_word' id='word_1_207' title='bbox 1526 3344 1629 3405; x_wconf 81' lang='lat' dir='ltr'><strong>forma</strong></span> 
     </span>
     <span class='ocr_line' id='line_1_26' title="bbox 390 3447 1627 3528; baseline 0 -18"><span class='ocrx_word' id='word_1_208' title='bbox 390 3449 522 3510; x_wconf 66' lang='lat' dir='ltr'><strong>eoolesm</strong></span> <span class='ocrx_word' id='word_1_209' title='bbox 543 3453 702 3519; x_wconf 86' lang='lat' dir='ltr'><strong>consueta,</strong></span> <span class='ocrx_word' id='word_1_210' title='bbox 731 3448 875 3527; x_wconf 80' lang='lat' dir='ltr'><strong>injuncta</strong></span> <span class='ocrx_word' id='word_1_211' title='bbox 898 3447 954 3508; x_wconf 92' lang='lat' dir='ltr'><strong>tibi</strong></span> <span class='ocrx_word' id='word_1_212' title='bbox 979 3468 1037 3527; x_wconf 88' lang='lat' dir='ltr'><strong>pro</strong></span> <span class='ocrx_word' id='word_1_213' title='bbox 1059 3449 1151 3509; x_wconf 93' lang='lat' dir='ltr'><strong>modo</strong></span> <span class='ocrx_word' id='word_1_214' title='bbox 1173 3449 1263 3528; x_wconf 88' lang='lat' dir='ltr'><strong>culpe</strong></span> <span class='ocrx_word' id='word_1_215' title='bbox 1288 3448 1467 3527; x_wconf 87' lang='lat' dir='ltr'><strong>penitencia</strong></span> <span class='ocrx_word' id='word_1_216' title='bbox 1487 3449 1627 3522; x_wconf 83' lang='lat' dir='ltr'><strong>salutari,</strong></span> 
     </span>
     <span class='ocr_line' id='line_1_27' title="bbox 390 3553 1626 3634; baseline 0 -19"><span class='ocrx_word' id='word_1_217' title='bbox 390 3554 523 3633; x_wconf 86' lang='lat' dir='ltr'><strong>aliisque</strong></span> <span class='ocrx_word' id='word_1_218' title='bbox 551 3573 612 3633; x_wconf 95' lang='lat' dir='ltr'><strong>que</strong></span> <span class='ocrx_word' id='word_1_219' title='bbox 640 3553 696 3614; x_wconf 92' lang='lat' dir='ltr'><strong>tibi</strong></span> <span class='ocrx_word' id='word_1_220' title='bbox 724 3553 849 3613; x_wconf 85' lang='lat' dir='ltr'><strong>fuerant</strong></span> <span class='ocrx_word' id='word_1_221' title='bbox 877 3553 1077 3634; x_wconf 85' lang='lat' dir='ltr'><strong>injungenda,</strong></span> <span class='ocrx_word' id='word_1_222' title='bbox 1107 3559 1199 3634; x_wconf 89' lang='lat' dir='ltr'><strong>teque</strong></span> <span class='ocrx_word' id='word_1_223' title='bbox 1227 3553 1266 3614; x_wconf 87' lang='lat' dir='ltr'><strong>ad</strong></span> <span class='ocrx_word' id='word_1_224' title='bbox 1301 3559 1426 3634; x_wconf 88' lang='lat' dir='ltr'><strong>tempus</strong></span> <span class='ocrx_word' id='word_1_225' title='bbox 1454 3575 1473 3615; x_wconf 89' lang='lat' dir='ltr'><strong>a</strong></span> <span class='ocrx_word' id='word_1_226' title='bbox 1500 3560 1626 3617; x_wconf 89' lang='lat' dir='ltr'><strong>tuorum</strong></span> 
     </span>
     <span class='ocr_line' id='line_1_28' title="bbox 391 3658 1628 3739; baseline -0.001 -18"><span class='ocrx_word' id='word_1_227' title='bbox 391 3660 537 3721; x_wconf 90' lang='lat' dir='ltr'><strong>ordinum</strong></span> <span class='ocrx_word' id='word_1_228' title='bbox 566 3658 763 3720; x_wconf 88' lang='lat' dir='ltr'><strong>execucio&#39;nie</strong></span> <span class='ocrx_word' id='word_1_229' title='bbox 791 3679 954 3737; x_wconf 89' lang='lat' dir='ltr'><strong>suspenso,</strong></span> <span class='ocrx_word' id='word_1_230' title='bbox 980 3659 1106 3720; x_wconf 89' lang='lat' dir='ltr'><strong>demum</strong></span> <span class='ocrx_word' id='word_1_231' title='bbox 1134 3659 1207 3739; x_wconf 87' lang='lat' dir='ltr'><strong>quia</strong></span> <span class='ocrx_word' id='word_1_232' title='bbox 1232 3659 1409 3720; x_wconf 88' lang='lat' dir='ltr'><strong>invenimus</strong></span> <span class='ocrx_word' id='word_1_233' title='bbox 1430 3658 1486 3719; x_wconf 93' lang='lat' dir='ltr'><strong>tibi</strong></span> <span class='ocrx_word' id='word_1_234' title='bbox 1515 3659 1628 3721; x_wconf 87' lang='lat' dir='ltr'><strong>merita</strong></span> 
     </span>
     <span class='ocr_line' id='line_1_29' title="bbox 392 3764 1628 3845; baseline 0 -19"><span class='ocrx_word' id='word_1_235' title='bbox 392 3765 567 3845; x_wconf 80' lang='lat' dir='ltr'><strong>suffragari,</strong></span> <span class='ocrx_word' id='word_1_236' title='bbox 589 3771 622 3826; x_wconf 90' lang='lat' dir='ltr'><strong>et</strong></span> <span class='ocrx_word' id='word_1_237' title='bbox 642 3764 727 3825; x_wconf 90' lang='lat' dir='ltr'><strong>aliud</strong></span> <span class='ocrx_word' id='word_1_238' title='bbox 754 3764 812 3824; x_wconf 89' lang='lat' dir='ltr'><strong>tibi</strong></span> <span class='ocrx_word' id='word_1_239' title='bbox 833 3765 1019 3825; x_wconf 87' lang='lat' dir='ltr'><strong>canonicum</strong></span> <span class='ocrx_word' id='word_1_240' title='bbox 1044 3785 1107 3825; x_wconf 90' lang='lat' dir='ltr'><strong>non</strong></span> <span class='ocrx_word' id='word_1_241' title='bbox 1128 3765 1254 3826; x_wconf 89' lang='lat' dir='ltr'><strong>obstare</strong></span> <span class='ocrx_word' id='word_1_242' title='bbox 1274 3765 1358 3844; x_wconf 91' lang='lat' dir='ltr'><strong>quod</strong></span> <span class='ocrx_word' id='word_1_243' title='bbox 1379 3764 1628 3843; x_wconf 87' lang='lat' dir='ltr'><strong>dispensacionis</strong></span> 
     </span>
     <span class='ocr_line' id='line_1_30' title="bbox 392 3870 1629 3951; baseline 0.002 -21"><span class='ocrx_word' id='word_1_244' title='bbox 392 3870 574 3951; x_wconf 87' lang='lat' dir='ltr'><strong>hujusmodi</strong></span> <span class='ocrx_word' id='word_1_245' title='bbox 594 3870 731 3950; x_wconf 85' lang='lat' dir='ltr'><strong>graciam</strong></span> <span class='ocrx_word' id='word_1_246' title='bbox 750 3870 862 3931; x_wconf 87' lang='lat' dir='ltr'><strong>debeat</strong></span> <span class='ocrx_word' id='word_1_247' title='bbox 883 3871 1043 3950; x_wconf 89' lang='lat' dir='ltr'><strong>impedire,</strong></span> <span class='ocrx_word' id='word_1_248' title='bbox 1065 3891 1159 3950; x_wconf 87' lang='lat' dir='ltr'><strong>super</strong></span> <span class='ocrx_word' id='word_1_249' title='bbox 1179 3871 1406 3951; x_wconf 80' lang='lat' dir='ltr'><strong>irregularitate</strong></span> <span class='ocrx_word' id='word_1_250' title='bbox 1426 3873 1510 3933; x_wconf 89' lang='lat' dir='ltr'><strong>dicto</strong></span> <span class='ocrx_word' id='word_1_251' title='bbox 1533 3872 1629 3933; x_wconf 89' lang='lat' dir='ltr'><strong>modo</strong></span> 
     </span>
     <span class='ocr_line' id='line_1_31' title="bbox 393 3974 1625 4056; baseline 0.002 -20"><span class='ocrx_word' id='word_1_252' title='bbox 393 3980 556 4036; x_wconf 87' lang='lat' dir='ltr'><strong>contracta</strong></span> <span class='ocrx_word' id='word_1_253' title='bbox 590 3974 833 4035; x_wconf 88' lang='lat' dir='ltr'><strong>misericorditer</strong></span> <span class='ocrx_word' id='word_1_254' title='bbox 873 3975 1101 4054; x_wconf 88' lang='lat' dir='ltr'><strong>dispensamus.</strong></span> <span class='ocrx_word' id='word_1_255' title='bbox 1158 3977 1277 4037; x_wconf 90' lang='lat' dir='ltr'><strong>Datum</strong></span> <span class='ocrx_word' id='word_1_256' title='bbox 1305 3977 1388 4055; x_wconf 92' lang='lat' dir='ltr'><strong>apud</strong></span> <span class='ocrx_word' id='word_1_257' title='bbox 1426 3977 1625 4056; x_wconf 86' lang='lat' dir='ltr'><strong>Prestebury,</strong></span> 
     </span>
    </p>
   </div>
   <div class='ocr_carea' id='block_1_3' title="bbox 392 4080 1428 4160">
    <p class='ocr_par' dir='ltr' id='par_1_3' title="bbox 392 4080 1428 4160">
     <span class='ocr_line' id='line_1_32' title="bbox 392 4080 1428 4160; baseline 0 -20"><span class='ocrx_word' id='word_1_258' title='bbox 392 4081 483 4160; x_wconf 84' lang='lat' dir='ltr'><strong>xviij·</strong></span> <span class='ocrx_word' id='word_1_259' title='bbox 505 4081 554 4140; x_wconf 92' lang='lat' dir='ltr'><strong>die</strong></span> <span class='ocrx_word' id='word_1_260' title='bbox 575 4081 693 4141; x_wconf 88' lang='lat' dir='ltr'><strong>mensis</strong></span> <span class='ocrx_word' id='word_1_261' title='bbox 715 4080 836 4153; x_wconf 86' lang='lat' dir='ltr'><strong>Marcii,</strong></span> <span class='ocrx_word' id='word_1_262' title='bbox 865 4100 948 4141; x_wconf 90' lang='lat' dir='ltr'><strong>anno</strong></span> <span class='ocrx_word' id='word_1_263' title='bbox 977 4081 1105 4142; x_wconf 91' lang='lat' dir='ltr'><strong>Domini</strong></span> <span class='ocrx_word' id='word_1_264' title='bbox 1135 4081 1345 4160; x_wconf 77' lang='lat' dir='ltr'><strong>M⁰occ⁰xxj⁰,</strong></span> <span class='ocrx_word' id='word_1_265' title='bbox 1370 4086 1428 4142; x_wconf 89' lang='lat' dir='ltr'><strong>eto.</strong></span> 
     </span>
    </p>
   </div>
   <div class='ocr_carea' id='block_1_4' title="bbox 394 4359 1627 4601">
    <p class='ocr_par' dir='ltr' id='par_1_4' title="bbox 394 4359 1627 4601">
     <span class='ocr_line' id='line_1_33' title="bbox 394 4359 1626 4439; baseline 0.002 -19"><span class='ocrx_word' id='word_1_266' title='bbox 394 4362 477 4421; x_wconf 85' lang='lat' dir='ltr'><strong>Mor.</strong></span> <span class='ocrx_word' id='word_1_267' title='bbox 501 4359 657 4419; x_wconf 82' lang='lat' dir='ltr'><strong>19.—Thc</strong></span> <span class='ocrx_word' id='word_1_268' title='bbox 679 4359 798 4438; x_wconf 79' lang='lat' dir='ltr'><strong>Bishop</strong></span> <span class='ocrx_word' id='word_1_269' title='bbox 821 4359 902 4436; x_wconf 67' lang='lat' dir='ltr'><strong>cives</strong></span> <span class='ocrx_word' id='word_1_270' title='bbox 928 4366 957 4420; x_wconf 83' lang='lat' dir='ltr'><strong>to</strong></span> <span class='ocrx_word' id='word_1_271' title='bbox 979 4359 1080 4438; x_wconf 76' lang='lat' dir='ltr'><strong>Roqer</strong></span> <span class='ocrx_word' id='word_1_272' title='bbox 1100 4359 1137 4420; x_wconf 81' lang='lat' dir='ltr'><strong>de</strong></span> <span class='ocrx_word' id='word_1_273' title='bbox 1161 4359 1318 4432; x_wconf 68' lang='lat' dir='ltr'><strong>Breintorc</strong></span> <span class='ocrx_word' id='word_1_274' title='bbox 1344 4360 1454 4420; x_wconf 83' lang='lat' dir='ltr'><strong>Rector</strong></span> <span class='ocrx_word' id='word_1_275' title='bbox 1474 4361 1511 4439; x_wconf 81' lang='lat' dir='ltr'><strong>of</strong></span> <span class='ocrx_word' id='word_1_276' title='bbox 1530 4361 1626 4433; x_wconf 77' lang='lat' dir='ltr'><strong>Roolr,</strong></span> 
     </span>
     <span class='ocr_line' id='line_1_34' title="bbox 518 4439 1627 4519; baseline 0.002 -18"><span class='ocrx_word' id='word_1_277' title='bbox 518 4442 617 4501; x_wconf 78' lang='lat' dir='ltr'><strong>letters</strong></span> <span class='ocrx_word' id='word_1_278' title='bbox 636 4441 757 4519; x_wconf 73' lang='lat' dir='ltr'><strong>srccioq</strong></span> <span class='ocrx_word' id='word_1_279' title='bbox 784 4439 849 4499; x_wconf 75' lang='lat' dir='ltr'><strong>him</strong></span> <span class='ocrx_word' id='word_1_280' title='bbox 870 4441 955 4519; x_wconf 79' lang='lat' dir='ltr'><strong>from</strong></span> <span class='ocrx_word' id='word_1_281' title='bbox 984 4440 1121 4518; x_wconf 73' lang='lat' dir='ltr'><strong>liabilr&#39;ty</strong></span> <span class='ocrx_word' id='word_1_282' title='bbox 1150 4448 1178 4501; x_wconf 86' lang='lat' dir='ltr'><strong>to</strong></span> <span class='ocrx_word' id='word_1_283' title='bbox 1205 4441 1314 4501; x_wconf 81' lang='lat' dir='ltr'><strong>render</strong></span> <span class='ocrx_word' id='word_1_284' title='bbox 1341 4461 1401 4518; x_wconf 78' lang='lat' dir='ltr'><strong>acy</strong></span> <span class='ocrx_word' id='word_1_285' title='bbox 1423 4441 1549 4519; x_wconf 72' lang='lat' dir='ltr'><strong>sortirer</strong></span> <span class='ocrx_word' id='word_1_286' title='bbox 1575 4461 1627 4503; x_wconf 84' lang='lat' dir='ltr'><strong>oc·</strong></span> 
     </span>
     <span class='ocr_line' id='line_1_35' title="bbox 516 4521 1311 4601; baseline -0.001 -19"><span class='ocrx_word' id='word_1_287' title='bbox 516 4528 607 4583; x_wconf 79' lang='lat' dir='ltr'><strong>cocat</strong></span> <span class='ocrx_word' id='word_1_288' title='bbox 632 4521 667 4600; x_wconf 81' lang='lat' dir='ltr'><strong>of</strong></span> <span class='ocrx_word' id='word_1_289' title='bbox 689 4521 737 4581; x_wconf 76' lang='lat' dir='ltr'><strong>his</strong></span> <span class='ocrx_word' id='word_1_290' title='bbox 763 4521 890 4598; x_wconf 77' lang='lat' dir='ltr'><strong>custody</strong></span> <span class='ocrx_word' id='word_1_291' title='bbox 914 4522 949 4600; x_wconf 84' lang='lat' dir='ltr'><strong>of</strong></span> <span class='ocrx_word' id='word_1_292' title='bbox 971 4521 1020 4582; x_wconf 79' lang='lat' dir='ltr'><strong>the</strong></span> <span class='ocrx_word' id='word_1_293' title='bbox 1043 4522 1187 4601; x_wconf 79' lang='lat' dir='ltr'><strong>Bishop&#39;s</strong></span> <span class='ocrx_word' id='word_1_294' title='bbox 1211 4521 1311 4600; x_wconf 78' lang='lat' dir='ltr'><strong>qoods.</strong></span> 
     </span>
    </p>
   </div>
   <div class='ocr_carea' id='block_1_5' title="bbox 392 4672 1628 5176">
    <p class='ocr_par' dir='ltr' id='par_1_5' title="bbox 392 4672 1628 5176">
     <span class='ocr_line' id='line_1_36' title="bbox 475 4672 1628 4752; baseline 0.001 -18"><span class='ocrx_word' id='word_1_295' title='bbox 475 4673 716 4735; x_wconf 83' lang='lat' dir='ltr'><strong>Memorandum</strong></span> <span class='ocrx_word' id='word_1_296' title='bbox 751 4672 835 4752; x_wconf 92' lang='lat' dir='ltr'><strong>quod</strong></span> <span class='ocrx_word' id='word_1_297' title='bbox 876 4673 939 4732; x_wconf 83' lang='lat' dir='ltr'><strong>xix⁰</strong></span> <span class='ocrx_word' id='word_1_298' title='bbox 973 4674 1024 4734; x_wconf 92' lang='lat' dir='ltr'><strong>die</strong></span> <span class='ocrx_word' id='word_1_299' title='bbox 1059 4673 1176 4734; x_wconf 91' lang='lat' dir='ltr'><strong>mensis</strong></span> <span class='ocrx_word' id='word_1_300' title='bbox 1212 4673 1332 4744; x_wconf 86' lang='lat' dir='ltr'><strong>Marcii,</strong></span> <span class='ocrx_word' id='word_1_301' title='bbox 1374 4693 1457 4734; x_wconf 90' lang='lat' dir='ltr'><strong>anno</strong></span> <span class='ocrx_word' id='word_1_302' title='bbox 1498 4675 1628 4735; x_wconf 88' lang='lat' dir='ltr'><strong>Domini</strong></span> 
     </span>
     <span class='ocr_line' id='line_1_37' title="bbox 393 4779 1628 4859; baseline -0.001 -16"><span class='ocrx_word' id='word_1_303' title='bbox 393 4780 603 4850; x_wconf 62' lang='lat' dir='ltr'><strong>M0000uxi0,</strong></span> <span class='ocrx_word' id='word_1_304' title='bbox 632 4779 707 4840; x_wconf 89' lang='lat' dir='ltr'><strong>fecit</strong></span> <span class='ocrx_word' id='word_1_305' title='bbox 744 4779 891 4840; x_wconf 88' lang='lat' dir='ltr'><strong>dominus</strong></span> <span class='ocrx_word' id='word_1_306' title='bbox 918 4779 1040 4859; x_wconf 87' lang='lat' dir='ltr'><strong>Rogero</strong></span> <span class='ocrx_word' id='word_1_307' title='bbox 1075 4779 1113 4840; x_wconf 93' lang='lat' dir='ltr'><strong>de</strong></span> <span class='ocrx_word' id='word_1_308' title='bbox 1148 4779 1321 4858; x_wconf 87' lang='lat' dir='ltr'><strong>Brcynton,</strong></span> <span class='ocrx_word' id='word_1_309' title='bbox 1343 4779 1469 4840; x_wconf 83' lang='lat' dir='ltr'><strong>Rectori</strong></span> <span class='ocrx_word' id='word_1_310' title='bbox 1496 4781 1628 4842; x_wconf 89' lang='lat' dir='ltr'><strong>ecclesie</strong></span> 
     </span>
     <span class='ocr_line' id='line_1_38' title="bbox 392 4885 1628 4966; baseline -0.003 -15"><span class='ocrx_word' id='word_1_311' title='bbox 392 4891 433 4951; x_wconf 92' lang='lat' dir='ltr'><strong>de</strong></span> <span class='ocrx_word' id='word_1_312' title='bbox 453 4888 529 4958; x_wconf 78' lang='lat' dir='ltr'><strong>Alsa,</strong></span> <span class='ocrx_word' id='word_1_313' title='bbox 559 4885 771 4966; x_wconf 88' lang='lat' dir='ltr'><strong>aquitaneiam</strong></span> <span class='ocrx_word' id='word_1_314' title='bbox 799 4885 838 4946; x_wconf 90' lang='lat' dir='ltr'><strong>de</strong></span> <span class='ocrx_word' id='word_1_315' title='bbox 858 4891 985 4965; x_wconf 87' lang='lat' dir='ltr'><strong>recepta</strong></span> <span class='ocrx_word' id='word_1_316' title='bbox 1012 4891 1044 4946; x_wconf 89' lang='lat' dir='ltr'><strong>et</strong></span> <span class='ocrx_word' id='word_1_317' title='bbox 1068 4905 1206 4965; x_wconf 82' lang='lat' dir='ltr'><strong>expensa</strong></span> <span class='ocrx_word' id='word_1_318' title='bbox 1230 4885 1383 4946; x_wconf 90' lang='lat' dir='ltr'><strong>bonorum</strong></span> <span class='ocrx_word' id='word_1_319' title='bbox 1404 4905 1533 4948; x_wconf 90' lang='lat' dir='ltr'><strong>suorum</strong></span> <span class='ocrx_word' id='word_1_320' title='bbox 1554 4906 1628 4947; x_wconf 90' lang='lat' dir='ltr'><strong>eum</strong></span> 
     </span>
     <span class='ocr_line' id='line_1_39' title="bbox 393 4989 1628 5071; baseline -0.002 -17"><span class='ocrx_word' id='word_1_321' title='bbox 393 4995 433 5055; x_wconf 92' lang='lat' dir='ltr'><strong>de</strong></span> <span class='ocrx_word' id='word_1_322' title='bbox 463 4993 577 5053; x_wconf 87' lang='lat' dir='ltr'><strong>iterato</strong></span> <span class='ocrx_word' id='word_1_323' title='bbox 605 4991 763 5051; x_wconf 91' lang='lat' dir='ltr'><strong>reddendo</strong></span> <span class='ocrx_word' id='word_1_324' title='bbox 797 4995 944 5069; x_wconf 90' lang='lat' dir='ltr'><strong>compoto</strong></span> <span class='ocrx_word' id='word_1_325' title='bbox 972 4989 1137 5052; x_wconf 87' lang='lat' dir='ltr'><strong>absolvens</strong></span> <span class='ocrx_word' id='word_1_326' title='bbox 1163 5009 1220 5070; x_wconf 89' lang='lat' dir='ltr'><strong>per</strong></span> <span class='ocrx_word' id='word_1_327' title='bbox 1250 4989 1371 5052; x_wconf 88' lang='lat' dir='ltr'><strong>litteras</strong></span> <span class='ocrx_word' id='word_1_328' title='bbox 1399 4991 1487 5071; x_wconf 81' lang='lat' dir='ltr'><strong>juxta</strong></span> <span class='ocrx_word' id='word_1_329' title='bbox 1514 4991 1628 5053; x_wconf 89' lang='lat' dir='ltr'><strong>seriem</strong></span> 
     </span>
     <span class='ocr_line' id='line_1_40' title="bbox 394 5096 1166 5176; baseline -0.006 -15"><span class='ocrx_word' id='word_1_330' title='bbox 394 5101 569 5161; x_wconf 90' lang='lat' dir='ltr'><strong>litterarum</strong></span> <span class='ocrx_word' id='word_1_331' title='bbox 597 5096 685 5176; x_wconf 89' lang='lat' dir='ltr'><strong>prius</strong></span> <span class='ocrx_word' id='word_1_332' title='bbox 706 5096 860 5157; x_wconf 85' lang='lat' dir='ltr'><strong>laetarum</strong></span> <span class='ocrx_word' id='word_1_333' title='bbox 889 5097 1029 5158; x_wconf 81' lang='lat' dir='ltr'><strong>Waltero</strong></span> <span class='ocrx_word' id='word_1_334' title='bbox 1050 5096 1166 5158; x_wconf 84' lang='lat' dir='ltr'><strong>Oarlee.</strong></span> 
     </span>
    </p>
   </div>
   <div class='ocr_carea' id='block_1_6' title="bbox 0 0 1934 5917">
    <p class='ocr_par' dir='ltr' id='par_1_6' title="bbox 0 0 1934 5917">
     <span class='ocr_line' id='line_1_41' title="bbox 0 0 1934 5917; baseline 0 0"><span class='ocrx_word' id='word_1_335' title='bbox 0 0 1934 5917; x_wconf 95' lang='lat' dir='ltr'><strong> </strong></span> 
     </span>
    </p>
   </div>
  </div>
 </body>
</html>
