3850 5917
391 689 432 748 90
767 688 946 768 Repe'strcm
973 689 1040 750 ilde
1065 689 1104 750 de
1133 689 1257 750 Ονὶοιοο

218 920 346 960 A·1’·¹³¹⁸·
391 913 462 984 feld,
493 934 587 993 super
615 920 780 975 contractu
809 915 1012 986 matrimonii,
1041 920 1078 975 ut
1106 915 1230 985 dicitur,
1259 915 1339 974 inito
1367 915 1451 975 inter
1478 914 1635 974 Thomam

392 1021 511 1080 dictum
535 1021 689 1081 Lemmon
709 1022 748 1082 de
766 1021 949 1100 Dodlebury
969 1027 1003 1082 et
1024 1022 1178 1100 Agnetem
1200 1020 1297 1081 filiam
1320 1021 1452 1082 Henrici
1468 1021 1634 1091 forestarii,

392 1145 486 1204 super
523 1126 582 1186 hoc
618 1127 826 1206 personaliter
860 1128 1022 1205 juraturus
1049 1133 1082 1187 et
1120 1127 1263 1188 dicturus
1287 1147 1382 1206 quam
1407 1127 1533 1187 noveris
1555 1127 1634 1187 veri-

391 1236 499 1291 tatem.
543 1232 583 1290 In
604 1233 730 1312 signum
752 1239 858 1294 autem
879 1233 1073 1313 recepcionis
1092 1234 1188 1313 hujus
1210 1234 1311 1294 nostri
1330 1233 1471 1293 mandati
1496 1233 1635 1312 sigillum

391 1341 480 1395 tuum
504 1337 619 1398 litteris
640 1358 792 1417 apponas.
844 1340 965 1399 Datum
991 1344 1027 1398 ut
1049 1359 1153 1418 supra.

179 1579 276 1646 ιω,
294 1575 356 1638 1³1?
390 1566 462 1626 Dec.
488 1566 634 1626 28-le
662 1567 782 1646 Bisbop
802 1575 940 1646 presente
970 1575 999 1627 ιο
1029 1568 1078 1626 the
1110 1567 1238 1636 Patron,
1267 1567 1368 1644 Roper
1394 1567 1431 1626 de
1459 1566 1630 1632 Mortimer,

237 1911 285 1952 Fol.
299 1913 331 1953 25.

515 1647 597 1707 John
625 1648 661 1708 de
700 1648 873 1726 Otebocper,
910 1648 1005 1708 Prior
1033 1649 1068 1726 os
1107 1648 1297 1724 Wormeeley,
1337 1655 1367 1706 ιο
1406 1648 1440 1706 be
1478 1645 1631 1706 admitted

514 1728 611 1802 Abbot
633 1729 668 1807 os
693 1729 866 1806 Wr'pmore;
889 1729 1009 1808 Philip,
1034 1729 1083 1788 the
1106 1729 1166 1788 lete
1187 1729 1294 1799 Abbot,
1274 1727 1431 1806 tbceinp
1446 1727 1595 1804 resipned

473 1882 616 1946 Canacrc
639 1883 782 1942 Aesaris
814 1902 857 1943 nu
890 1884 1113 1944 Wresuuoan.
1157 1884 1304 1942 Lirrnsa
1336 1901 1477 1942 niancra
1509 1900 1636 1942 nonina

391 2007 435 2048 nn
459 1989 907 2068 Memnonias-Magnifice
938 1996 971 2050 et
1004 1989 1129 2069 potenti
1167 1989 1244 2058 viro,
1276 1989 1404 2049 domino
1433 1989 1557 2067 Rogero
1596 1989 1636 2048 de

391 2095 608 2163 Mortuomari,
634 2093 762 2154 domino
790 2094 829 2154 de
855 2095 1044 2174 Wygemore
1072 2099 1105 2154 et
1130 2095 1169 2154 de
1190 2095 1295 2172 Trym,
1322 2094 1432 2164 Adam,
1454 2100 1525 2162 etc,
1548 2095 1633 2173 quie-

391 2200 467 2279 quid
505 2205 611 2279 potest
652 2199 793 2259 amicicie
836 2205 867 2259 et
906 2200 1044 2270 honoris,
1084 2220 1155 2259 cum
1199 2200 1421 2260 benediccione
1459 2207 1492 2259 et
1531 2200 1637 2278 gracia

394 2305 574 2367 Salvatoris.
624 2305 765 2366 Vacante
790 2325 891 2384 nuper
916 2307 1108 2367 monasterio
1133 2307 1217 2367 beati
1238 2305 1349 2366 Jacobi
1374 2306 1413 2366 de
1433 2307 1633 2384 Wygemore,

391 2411 488 2472 vestri
521 2416 717 2491 patronatus,
748 2431 804 2491 per
832 2411 1008 2471 cessionem
1037 2431 1093 2471 seu
1123 2411 1371 2490 resignacionem
1410 2410 1547 2489 religiosi
1576 2410 1635 2470 viri

392 2516 531 2595 Philippi
556 2522 633 2576 tunc
662 2515 793 2576 Abbatis
814 2517 956 2595 ejusdem
986 2516 1169 2576 monasterii
1191 2516 1225 2574 in
1250 2535 1364 2576 manus
1388 2521 1523 2586 nostras,
1545 2534 1634 2594 pure,

392 2629 513 2703 sponte,
546 2629 578 2684 et
610 2623 753 2685 absolute
781 2623 907 2693 factam,
933 2629 966 2684 et
994 2643 1051 2702 per
1079 2644 1137 2684 nos
1165 2624 1337 2684 admissam
1365 2627 1398 2683 et
1417 2611 1635 2701 acceptatam,

391 2731 482 2790 Prior
501 2735 533 2791 et
553 2729 736 2790 Conventus
750 2729 893 2809 ejusdem
912 2728 973 2790 loci
994 2729 1126 2790 Abbatis
1145 2729 1297 2808 regimine
1316 2729 1471 2799 destituti,
1492 2729 1637 2788 volentes

391 2836 468 2896 dicti
503 2836 687 2896 monasterii
732 2835 954 2915 indempnitati
997 2835 1185 2914 prospicere,
1221 2841 1254 2894 et
1295 2833 1417 2894 diutine
1456 2833 1635 2893 vacacionis

391 2942 530 3021 dampna
564 2947 596 3003 et
628 2942 766 3021 pericula
798 2941 922 3002 cautius
954 2942 1082 3010 evitare,
1114 2940 1307 3020 providendo
1332 2960 1370 3001 ea
1397 2941 1465 3001 vice
1507 2940 1566 3000 sibi
1602 2945 1635 3000 et

391 3049 475 3109 dicto
495 3047 687 3109 monasterio
708 3048 747 3108 de
769 3053 895 3126 pastore
916 3047 1050 3125 ydoneo,
1071 3045 1163 3107 nobis
1184 3045 1377 3106 unanimiter
1397 3045 1485 3104 nullo
1506 3045 1635 3124 penitus

391 3155 590 3215 discordante
616 3154 817 3215 contulerunt
837 3153 964 3232 plenam
989 3158 1021 3213 et
1045 3152 1176 3212 liberam
1204 3155 1405 3230 potestatem.
1449 3151 1518 3210 Nos
1539 3150 1636 3228 igitur

391 3264 583 3340 potestatem
604 3259 787 3338 hujusmodi
813 3258 903 3319 nobis
924 3276 1109 3318 concessam
1129 3261 1341 3335 acceptantes,
1363 3261 1396 3316 et
1421 3255 1635 3335 provisionem

392 3365 467 3426 dicti
497 3365 680 3426 monasterii
702 3365 846 3426 celeriter
870 3369 902 3424 et
930 3362 1098 3425 salubriter
1126 3363 1338 3433 intendentes,
1365 3362 1521 3441 premissa
1549 3361 1634 3422 suffi-

392 3473 488 3533 cienti
524 3471 750 3533 deliberacione
774 3471 807 3530 in
842 3471 1023 3550 religiosum
1060 3468 1172 3541 virum,
1212 3468 1340 3528 fratrem
1379 3468 1558 3528 Johannem
1595 3469 1636 3528 de

392 3577 575 3657 Glehangre.
599 3583 675 3637 tunc
703 3577 845 3636 Priorem
873 3575 1005 3636 ecclesie
1038 3575 1077 3634 de
1106 3573 1314 3651 Wormeleye,
1337 3572 1566 3651 presbyterum,
1602 3578 1637 3632 et

392 3683 534 3761 ejusdem
570 3681 688 3742 ordinis
716 3681 904 3741 canonicum
932 3680 1116 3758 regularem,
1145 3679 1248 3737 virum
1275 3677 1386 3756 utique
1414 3683 1575 3737 maturum
1603 3681 1638 3737 et

392 3789 558 3868 providum
587 3795 619 3849 et
640 3788 673 3846 in
695 3786 911 3867 spiritualibus
931 3805 968 3845 ac
990 3785 1216 3864 temporalibus
1237 3784 1502 3862 circumspectum
1522 3783 1635 3844 direxi-

394 3914 465 3954 mus
494 3895 610 3954 mentis
641 3899 750 3955 nostre
785 3900 903 3962 votum,
933 3897 966 3953 et
1003 3892 1109 3971 ipsum
1147 3891 1232 3952 dicto
1261 3890 1462 3961 monasterio,
1488 3889 1637 3950 invocata

395 4000 531 4079 Spiritus
560 4000 661 4060 sancti
685 3999 798 4078 gracia,
821 3998 973 4078 elegimus
1001 4004 1034 4059 et
1061 3997 1251 4077 prefecimus
1278 3995 1312 4054 in
1341 3994 1518 4065 Abbatem;
1540 4015 1636 4075 quem

393 4112 502 4166 tenore
543 4105 739 4184 presentium
774 4111 878 4165 vestre
917 4102 1154 4182 magnificencie
1195 4107 1425 4180 presentamus,
1462 4100 1637 4162 affectuose

394 4215 540 4290 rogantes
562 4211 711 4289 quatinus
731 4209 835 4288 ipsum
857 4209 990 4288 benigne
1012 4209 1116 4268 velitis
1137 4207 1313 4277 admittere,
1335 4211 1367 4266 et
1388 4206 1473 4285 quod
1494 4212 1635 4267 vestrum

394 4321 443 4376 est
471 4315 504 4374 in
525 4311 585 4375 hac'
605 4322 695 4395 parte
717 4315 819 4375 eidem
844 4314 977 4376 ulterius
1005 4313 1187 4392 impendere
1215 4333 1288 4372 cum
1315 4311 1420 4391 gracia
1450 4317 1483 4372 et
1519 4311 1635 4373 favore.

395 4423 514 4482 Datum
543 4421 576 4481 in
604 4421 726 4501 prelato
754 4421 946 4482 monasterio
974 4420 1086 4501 quinto
1118 4419 1189 4479 Kal.
1210 4417 1362 4488 Januarii,
1391 4436 1476 4477 anno
1505 4417 1636 4478 Domini

396 4527 630 4607 M⁰000⁰xviijae
660 4532 720 4588 etc.

394 4757 500 4817 Letter
527 4761 558 4835 os
587 4756 636 4816 the
670 4755 790 4835 Bisbop
817 4762 845 4815 ιο
868 4755 952 4815 John
978 4755 1015 4814 de
1038 4753 1212 4831 Olelweqer,
1241 4751 1427 4831 appetatinp
1449 4752 1516 4812 tim
1539 4752 1639 4814 eebor

517 4839 553 4917 of
574 4837 731 4915 Wipmore,
756 4837 820 4897 arrd
840 4836 952 4914 κιτρίοις
974 4835 1040 4895 tvm
1064 4841 1093 4894 ιο
1114 4835 1181 4894 rcle
1202 4833 1251 4893 the
1272 4833 1452 4910 Mmrastery
1476 4833 1554 4893 well

477 4995 623 5054 errnaa
658 5012 702 5054 ne
731 5011 919 5054 nuruanonr
954 4995 1138 5053 caaecronn
1173 5008 1314 5050 uiscera
1346 4990 1481 5050 Ansam.
1482 4991 1637 5064 —Adam,

395 5106 465 5172 etc,
491 5101 605 5162 dilecto
626 5101 659 5159 in
692 5099 818 5161 Christo
838 5099 911 5172 filio,
943 5098 1033 5158 fratri
1057 5097 1197 5159 Johanni
1227 5097 1267 5156 de
1300 5095 1485 5176 Olehangre,
1510 5116 1638 5159 monae·
