3850 5917
672 717 823 798 Episcopi
851 718 1094 799 Herejordeusis.
1246 719 1256 732 '
1442 721 1500 781 181

110 975 221 1014 101331·
266 968 532 1046 Feb.1.-Ropar
554 967 591 1027 de
615 967 773 1037 Breintoa,
801 967 914 1046 buoiap
938 969 1084 1029 rendered
1109 969 1158 1030 his
1180 976 1308 1030 account
1325 969 1379 1047 sor
1401 967 1502 1039 lithos,

388 1060 452 1120 etc,
481 1049 509 1109 16
532 1049 600 1128 free
620 1049 706 1128 from
726 1049 852 1128 further
880 1049 1028 1127 liubilitp.

348 1205 493 1263 11111661
515 1221 598 1263 nere
621 1221 744 1263 noumo
776 1204 813 1263 R.
836 1222 879 1262 nn
901 1204 1104 1265 Baniurorvu
1128 1224 1170 1264 nu
1194 1223 1503 1266 116661666111616

264 1329 329 1371 nori
351 1311 746 1373 annonaria—Universa
774 1317 882 1390 pateat
908 1332 966 1392 per
992 1318 1155 1393 presentes
1183 1314 1267 1393 quod
1299 1333 1367 1384 nos,
1391 1314 1501 1384 Adam,

264 1422 334 1488 616,
369 1416 544 1496 recepimus
572 1422 604 1477 et
632 1416 799 1477 habuimus
831 1438 850 1477 a
884 1417 999 1479 dilecto
1029 1419 1120 1480 nobis
1152 1421 1185 1478 in
1208 1420 1335 1481 Christo
1370 1420 1499 1480 domino

265 1523 387 1603 Rogare
409 1523 448 1583 de
468 1523 641 1602 Breynton,
664 1523 798 1584 Rectore
829 1523 960 1584 ecclesie
989 1525 1027 1585 de
1055 1525 1130 1598 Ake,
1158 1526 1353 1586 thesaurario
1382 1532 1500 1590 nostre.

264 1629 389 1690 fidelem
417 1634 449 1688 et
478 1628 605 1688 finalem
635 1634 816 1708 compotum
848 1629 886 1690 de
913 1630 1059 1691 omnibus
1089 1631 1224 1692 denariis
1246 1637 1278 1692 61
1313 1632 1382 1692 61116
1412 1631 1504 1692 bonis

265 1734 381 1794 nostris
402 1753 463 1812 que
485 1733 524 1792 ad
556 1753 669 1792 manus
690 1753 764 1793 suas
784 1735 1005 1812 quoquomodo
1026 1741 1135 1795 nostro
1159 1736 1287 1796 nomine
1309 1737 1503 1796 devenerunt

265 1839 303 1899 de
324 1844 393 1899 toto
415 1843 556 1917 tempore
577 1858 639 1916 quo
657 1837 820 1898 nobiscum
839 1839 927 1899 stetit
945 1840 977 1898 in
995 1839 1097 1900 officio
1118 1846 1151 1900 et
1172 1860 1280 1900 curam
1302 1841 1502 1920 negociorum

265 1950 445 2005 nostrorum
466 1944 564 2022 gessit
584 1963 684 2022 usque
705 1944 745 2003 ad
766 1943 849 2004 diem
878 1943 1086 2006 conieceionis
1108 1946 1315 2025 presencium,
1337 1966 1373 2006 66
1398 1946 1503 2026 ipsum

266 2049 305 2110 eb
330 2050 443 2110 iterato
465 2054 612 2128 compoto
640 2049 797 2109 reddendo
819 2049 1020 2122 absolvimuS,
1046 2055 1078 2110 61
1103 2051 1245 2130 quietum
1267 2051 1426 2112 reddimus
1447 2071 1504 2130 per

265 2160 438 2235 presentes.
495 2154 535 2213 In
563 2156 654 2233 cujus
683 2156 737 2225 rei,
759 2161 818 2215 etc.
872 2155 991 2216 Datum
1013 2156 1096 2236 apud
1120 2157 1379 2236 Sehsnyngielde,
1401 2157 1504 2236 prima

266 2261 316 2322 die
337 2261 456 2321 mensis
477 2260 648 2331 Februarii,
671 2281 754 2321 anno
779 2261 907 2320 Domini
934 2261 1073 2323 M⁰000⁰
1098 2262 1257 2323 vicesimo.

267 2518 338 2578 Feb.
365 2515 500 2576 3.-1111
524 2515 643 2594 Bistop
667 2516 702 2594 of
727 2516 886 2593 Hereford,
914 2516 1041 2595 writinp
1067 2524 1096 2577 1ο
1126 2518 1175 2577 tho
1199 2517 1318 2596 Bisbop
1343 2518 1378 2596 of
1403 2517 1502 2577 Solia-

391 2597 477 2673 burp,
502 2603 595 2656 states
621 2595 669 2656 the
689 2596 851 2675 provisioni
868 2599 1018 2675 proposed
1042 2605 1070 2657 to
1096 2599 1129 2658 be
1151 2599 1239 2658 mode
1254 2600 1308 2678 for
1334 2599 1383 2658 1116
1412 2598 1504 2659 Vicur

389 2678 425 2756 of
445 2676 605 2755 Shinfield,
627 2677 737 2748 1611161,
763 2677 789 2736 11
810 2677 838 2737 is
859 2677 1028 2749 esticroted,
1053 2679 1120 2738 will
1140 2687 1265 2740 61666111
1288 2679 1503 2740 1625166116

390 2779 411 2818 a
436 2778 518 2836 poor.

350 2914 496 2973 Lirenas
511 2931 605 2972 111661
617 2913 779 2992 Episcopo
795 2913 1047 2974 Suarssmuuusr
1062 2932 1123 2973 rao
1138 2932 1268 2974 11161611
1283 2933 1326 2973 nn
1343 2915 1503 2975 Senamo-

267 3017 606 3078 rennu.-Venerabili
638 3016 670 3076 in
699 3017 826 3078 Christo
853 3018 936 3096 petri
973 3025 1005 3079 et
1040 3019 1168 3079 domino
1193 3019 1420 3088 amantissimo,
1456 3019 1505 3091 R,

269 3125 328 3184 Dei
349 3124 454 3202 gracia
475 3122 700 3183 sarisburiensi
721 3123 889 3201 Episcopo,
912 3122 1021 3194 Adam,
1048 3123 1189 3202 ejusdem
1211 3123 1271 3184 Dei
1299 3123 1506 3202 permissione

267 3229 398 3291 ecclesie
429 3228 671 3289 Hsrefordensis
706 3227 858 3299 minister,
898 3228 1046 3308 quicquid
1082 3228 1219 3307 pertinet
1253 3228 1431 3288 reverencie
1469 3233 1502 3288 61

267 3335 405 3396 honoris.
446 3333 591 3394 Effusam
624 3333 706 3393 cirea
737 3354 796 3394 nos
816 3339 921 3394 vestre
941 3334 1070 3412 pietatis
1091 3334 1228 3413 graciam
1249 3333 1371 3394 devotis
1394 3353 1501 3413 prose-

266 3446 400 3520 quentes
427 3438 607 3499 accionibus
628 3439 802 3518 graciarum
825 3439 865 3498 ad
886 3439 1156 3499 sustentecionem
1183 3439 1292 3498 vicarii
1311 3439 1346 3497 in
1369 3438 1504 3499 ecclesia

266 3545 306 3606 de
337 3543 547 3624 Schenigield,
577 3564 673 3624 quam
695 3545 842 3604 Decanus
863 3549 895 3604 et
927 3544 1109 3624 Capitulum
1130 3550 1238 3605 nostre
1259 3543 1503 3604 Hereiordensis

267 3650 398 3712 ecclesie
428 3650 462 3708 in
482 3651 626 3730 proprios
654 3670 731 3711 usus
753 3650 907 3729 optinent,
930 3655 1023 3729 prout
1048 3651 1158 3721 nostis,
1188 3651 1374 3710 auctoritate
1398 3655 1504 3710 vestra

267 3756 462 3826 instituendi,
482 3756 551 3816 vice
571 3757 740 3816 eorundem
765 3756 885 3816 Decani
906 3762 938 3816 et
960 3757 1097 3836 Capituli
1120 3756 1317 3836 assignamus
1337 3756 1503 3836 porciones

267 3862 469 3941 subscriptas,
491 3861 636 3921 videlicet
660 3881 771 3922 omnes
793 3861 971 3922 oblaciones
1000 3862 1186 3922 mortuarias
1208 3867 1240 3922 et
1265 3860 1326 3921 alia
1347 3860 1505 3920 funeraria

267 3968 306 4027 ed
326 3967 491 4028 ecclesiam
516 3965 555 4026 de
577 3966 786 4046 Schenygfeld
807 3973 840 4027 61
861 3966 1012 4046 capellam
1035 3968 1073 4028 ds
1096 3966 1310 4028 Swalewefeld
1327 3965 1503 4044 dependen-

267 4080 331 4134 tem
360 4072 399 4133 ab
427 4093 465 4133 ea
492 4061 720 4152 proveniencia,
756 4093 879 4133 necnon
916 4074 1053 4133 decimas
1090 4073 1293 4152 agnellorum,
1321 4071 1402 4142 lane,
1430 4091 1501 4150 por-

266 4180 425 4249 cellorum,
447 4183 480 4239 et
511 4178 710 4250 aucellarum,
731 4179 832 4250 lactis,
861 4185 894 4240 61
915 4179 1007 4250 66661,
1030 4179 1216 4250 vitellorum,
1247 4177 1312 4249 lini,
1342 4177 1501 4257 pannagii,

267 4283 528 4352 molendinorum,
562 4283 786 4354 columbarum,
823 4285 1038 4364 piscariarum,
1067 4304 1241 4364 pomorum,
1276 4283 1386 4354 mellis,
1421 4283 1501 4362 pull·

266 4410 366 4461 orum,
388 4408 528 4459 ovorum,
551 4393 584 4449 et
605 4408 745 4448 annuum
764 4389 921 4449 redditum
943 4389 1084 4450 debitum
1107 4389 1147 4448 ad
1169 4407 1318 4467 magnum
1343 4387 1442 4448 altare
1464 4387 1503 4448 de

268 4493 486 4573 Schenygleld,
515 4513 661 4554 mansum
692 4495 776 4573 apud
805 4493 1023 4574 Schenygield
1047 4498 1079 4554 et
1110 4513 1255 4553 mansum
1284 4491 1366 4572 apud
1390 4491 1503 4552 861616-

268 4599 387 4670 wefald,
419 4618 492 4658 cum
526 4597 671 4658 domibus
696 4598 772 4658 inibi
801 4598 936 4670 situatis,
958 4598 991 4657 in
1015 4598 1128 4678 quibus
1151 4597 1269 4657 mansis
1297 4601 1329 4656 et
1357 4596 1502 4657 domibus

267 4703 420 4784 capellani
448 4702 642 4782 parochiales
671 4702 813 4763 habitere
841 4704 992 4764 solebant.
1036 4705 1104 4778 Qus
1124 4701 1288 4782 porciones
1309 4703 1398 4780 juxta
1419 4722 1503 4763 com·

268 4831 397 4873 munem
421 4809 657 4870 estimacionem
681 4829 741 4869 xxv
763 4829 886 4871 marcas
909 4815 941 4871 et
964 4810 1107 4890 emplius,
1134 4809 1207 4869 licet
1233 4807 1398 4887 inquisicio
1422 4808 1505 4867 tanti

266 4937 320 4980 666
342 4936 406 4976 non
427 4915 562 4987 estimet,
594 4914 814 4975 communibus
836 4916 928 4975 6111116
952 4915 1067 4985 valent,
1093 4919 1187 4993 prout
1215 4913 1348 4973 dilectus
1369 4913 1501 4974 clericus

268 5028 383 5093 noster,
412 5019 562 5098 magister
589 5019 626 5078 R.
656 5019 695 5079 de
727 5019 903 5091 Sidenhale,
936 5020 1018 5080 lator
1048 5019 1255 5100 presencium,
1287 5017 1377 5078 vobis
1411 5019 1501 5079 novit

269 5127 393 5208 plenius
421 5125 576 5186 intimare.
626 5125 670 5185 Et
697 5125 832 5186 vicarius
852 5125 1012 5204 predictus
1036 5145 1093 5205 par
1116 5123 1294 5204 capellanos
1318 5129 1351 5184 et
1373 5123 1503 5193 61611666
