3850 5917
400 667 460 726 104
777 667 956 745 Ropistrum
982 667 1048 729 Ado
1074 668 1112 728 do
1141 668 1264 728 Orlcton

229 897 287 936 Α-ὓ·
305 897 361 939 ¹³¹⁹·
407 893 482 953 dicti
517 891 623 954 fratris
656 893 785 964 Thcme,
828 897 864 951 ut
898 892 1100 972 premittitur,
1135 912 1192 971 per
1225 911 1375 954 censuras
1411 892 1641 954 ecclesiasticas

409 997 559 1059 canonice
599 998 803 1077 compellatis,
839 1018 879 1059 ne
916 1002 1031 1068 vestra,
1066 998 1150 1078 quod
1190 996 1282 1069 absit,
1323 997 1517 1078 negligencia
1550 996 1642 1059 nobis

408 1107 566 1167 ministret
587 1106 751 1166 materiam
772 1106 890 1167 nostris
911 1104 1123 1187 superioribus
1147 1105 1366 1186 conquerendi.
1409 1104 1529 1166 Datum
1557 1105 1639 1166 Iacn-

400 1211 512 1272 doniis.

411 1429 482 1490 Feb.
509 1429 643 1490 9.-l}a
667 1429 756 1488 Deoia
780 1429 815 1507 os
835 1427 948 1489 Arches
974 1428 1103 1507 informs
1129 1429 1177 1489 tho
1200 1427 1320 1508 Bishop
1345 1427 1412 1488 thot
1438 1428 1473 1488 hc
1499 1428 1554 1488 bos
1579 1428 1642 1489 dss-

531 1509 645 1570 rru'ssed
667 1509 715 1570 the
736 1509 846 1589 oppeol
860 1510 895 1588 of
912 1508 1061 1569 Nicholos
1075 1509 1112 1569 de
1132 1508 1201 1568 Ala
1222 1509 1345 1586 accinat
1368 1508 1417 1568 his
1438 1509 1642 1588 depricotr'oo.

489 1667 642 1726 Druiss1o
663 1684 765 1728 causa
781 1667 821 1726 N.
844 1685 887 1726 na
909 1666 980 1726 Ans
1000 1685 1019 1725 s
1038 1666 1141 1726 Cuma
1162 1664 1642 1727 consummissi—Reverendo

410 1773 442 1831 in
464 1771 592 1834 Christo
612 1772 703 1851 patri,
725 1772 854 1832 domino
874 1770 950 1841 Ade,
966 1776 1025 1831 etc.
1068 1771 1215 1832 Decanus
1228 1771 1358 1832 ecclesie
1373 1770 1463 1832 beate
1484 1772 1585 1833 Marie
1604 1774 1643 1834 de

410 1877 562 1948 Arcubus,
578 1877 759 1946 Londoniis,
774 1876 921 1936 dominus
947 1923 953 1936 .
977 1923 983 1936 .
1008 1922 1015 1937 .
1036 1875 1185 1946 officialis,
1201 1876 1294 1938 Curis
1308 1876 1544 1938 cantuariensis
1558 1898 1642 1938 com·

408 1982 569 2044 missorius
590 1981 753 2062 generalis,
775 1981 919 2053 salutem,
934 1987 994 2043 etc.
1036 1981 1117 2042 Cum
1131 2001 1190 2042 nos
1206 1982 1240 2040 in
1260 1982 1398 2044 tuicione
1418 1982 1643 2062 appellacionis

410 2089 540 2168 negocio
562 2088 645 2168 quod
665 2087 830 2149 occasione
847 2087 1011 2167 cujusdam
1032 2088 1189 2166 prebende
1207 2107 1264 2148 seu
1281 2089 1439 2168 porcionis
1458 2089 1491 2149 in
1511 2089 1644 2151 ecclesia

407 2196 446 2256 de
471 2194 645 2273 Ledebury,
674 2201 777 2256 vestre
805 2193 947 2264 diocesis,
977 2195 1010 2253 in
1031 2194 1115 2254 dicta
1135 2193 1221 2254 curia
1241 2193 1421 2255 vertebatur
1441 2196 1524 2256 inter
1543 2196 1642 2255 domi-

410 2319 486 2359 num
509 2300 549 2360 N.
572 2301 610 2360 de
631 2299 708 2370 Ake,
737 2305 869 2379 partem,
898 2305 934 2359 ut
957 2299 1128 2371 dicebatur,
1156 2300 1367 2380 appellantem
1394 2307 1542 2381 exparte
1569 2323 1642 2374 una,

409 2410 441 2465 et
462 2423 518 2465 vos
549 2409 671 2483 partem
703 2403 893 2484 appellatam
925 2423 962 2464 ex
990 2403 1097 2475 altera,
1122 2405 1211 2483 juxta
1240 2405 1319 2484 juris
1350 2405 1540 2485 exigenciam
1572 2427 1642 2486 pro·

409 2510 565 2580 cedentes,
594 2529 650 2570 vos
671 2515 793 2589 partem
821 2510 855 2568 in
883 2509 943 2570 hac
970 2515 1060 2589 parte
1088 2509 1276 2589 appellatam
1307 2531 1365 2590 pro
1393 2531 1431 2572 eo
1458 2512 1542 2592 quod
1569 2532 1643 2591 pars

408 2615 570 2694 appellans
584 2614 725 2694 predicta
739 2634 829 2676 suam
844 2614 1100 2693 appellacionem‚
1111 2621 1205 2694 prout
1219 2615 1335 2687 debuit,
1345 2617 1475 2677 minime
1488 2617 1642 2697 probavit,

407 2720 446 2782 ab
474 2720 617 2782 examine
647 2719 730 2781 dicte
759 2719 851 2780 Ourie
879 2720 1023 2800 exigente
1052 2720 1180 2800 justicia
1206 2723 1385 2783 duxerimus
1412 2723 1642 2794 dimittendam,

406 2826 590 2906 paternitati
617 2832 721 2888 vestra
742 2827 910 2888 reverende
935 2827 1019 2887 dicte
1042 2827 1135 2889 Curis
1162 2829 1349 2889 auctoritate
1375 2834 1484 2890 tenore
1515 2849 1642 2908 presen-

409 2933 491 2993 cium
514 2933 698 2993 intimamus
719 2932 812 3012 quod,
833 2952 898 2992 non
926 2930 1073 2993 obstante
1093 2952 1279 3013 quacunque
1299 2933 1489 2995 inhibicione
1510 2935 1549 2995 de
1570 2935 1645 2995 data

405 3039 550 3100 videlicet
585 3039 669 3118 apud
710 3037 966 3116 Northamptone
1000 3037 1044 3117 vj⁰
1086 3037 1134 3097 Id.
1167 3037 1358 3109 Decembris,
1394 3059 1477 3100 anno
1512 3039 1642 3100 Domini

269 3185 300 3214 ο,
339 3201 346 3214 ,
408 3144 641 3223 M00000xviij0,
663 3164 719 3223 per
740 3144 856 3204 dictam
879 3143 1007 3204 Curiam
1028 3143 1181 3204 hactenus
1195 3144 1283 3204 vobis
1304 3144 1338 3203 in
1358 3143 1418 3204 hac
1438 3150 1527 3223 parte
1548 3144 1642 3214 lacta,

406 3251 502 3313 libere
529 3251 674 3330 poteritis
700 3249 812 3346 ¹ersequi
834 3250 917 3330 quod
938 3256 988 3311 est
1008 3257 1157 3312 vestrum.
1200 3251 1320 3310 Datum
1344 3251 1525 3320 londoniis,
1540 3260 1572 3310 v⁰
1593 3251 1641 3311 Id.

405 3355 576 3428 Februarii,
597 3376 680 3417 anno
706 3355 834 3417 Domini
864 3355 1053 3434 supradicte.

410 3591 483 3651 Feb.
511 3594 549 3649 11
555 3587 751 3649 .—Nioholos
780 3588 816 3648 dc
847 3587 917 3646 Alco
946 3586 1059 3664 hooirrp
1085 3585 1224 3664 rationed
1253 3586 1302 3646 thc
1325 3585 1493 3666 prebendol
1516 3587 1644 3667 portion

529 3671 565 3750 os
581 3670 735 3748 Lodbury,
759 3669 807 3729 the
831 3667 950 3747 Bishop
972 3667 1115 3748 appoints
1139 3667 1258 3728 Gilbert
1279 3667 1316 3728 de
1339 3667 1514 3728 Middlctoo
1535 3673 1571 3728 in
1593 3668 1642 3730 his

520 3751 618 3832 ploce.

490 3894 652 3957 Goanacro
687 3910 856 3955 penmonis
891 3909 953 3952 snu
988 3909 1163 3951 cassanen
1195 3909 1261 3960 oua
1292 3909 1369 3951 surr
1400 3909 1518 3952 nounn
1545 3892 1575 3953 J.
1598 3910 1642 3952 ns

408 4002 636 4064 Swunnsnunu
672 4017 706 4060 [Ν
742 3998 1219 4060 Lnnnaunu.-Memorandum
1252 3997 1336 4078 quod
1362 3999 1406 4058 xi⁰
1435 4000 1486 4060 die
1521 4002 1642 4062 mensis

409 4106 579 4178 Februarii,
617 4125 700 4166 anno
736 4103 865 4165 Domini
901 4103 1136 4182 M⁰occ⁰xviij0,
1172 4105 1255 4183 apud
1283 4105 1472 4176 londonias,
1507 4107 1643 4168 contulit

408 4214 554 4275 dominus
583 4213 733 4291 magistro
762 4210 904 4271 Gilberto
940 4210 981 4271 de
1008 4209 1211 4280 Middeltone,
1239 4210 1431 4290 presbytero,
1459 4211 1641 4290 porcionem

409 4341 465 4382 seu
486 4319 674 4400 prebendam
704 4337 799 4398 quam
821 4316 969 4377 dominus
989 4316 1152 4378 Johannes
1173 4316 1212 4378 de
1237 4316 1453 4396 Swyueieude‚
1482 4319 1641 4398 quondam

412 4431 577 4507 precentor
611 4422 862 4494 Herelordensis‚
891 4423 1010 4482 dudum
1039 4423 1142 4483 tenuit
1176 4422 1208 4482 in
1237 4422 1369 4484 ecclesia
1395 4423 1434 4484 de
1465 4424 1640 4505 Ledebury,

409 4530 650 4592 Herefordensis
685 4527 827 4598 diocesis,
859 4531 1034 4597 vacantem,
1070 4527 1173 4588 dando
1207 4527 1309 4592 eidem
1343 4547 1438 4607 super
1471 4527 1643 4591 collacione

412 4638 593 4718 hujusmodi
621 4655 695 4696 suas
723 4635 844 4694 litteras
871 4637 1017 4712 patentes
1052 4632 1084 4691 in
1121 4633 1221 4694 forma
1248 4633 1401 4708 sequenti.
1453 4632 1642 4714 Episcopus,

410 4751 479 4816 etc..
515 4744 628 4804 dilecto
664 4742 696 4800 in
731 4740 857 4802 Christo
892 4739 966 4810 filio,
998 4738 1148 4818 magistro
1186 4738 1327 4800 Gilberto
1362 4738 1401 4800 de
1436 4738 1640 4812 Middeltone,

410 4849 602 4932 presbyteru,
641 4847 785 4917 salutem,
825 4851 884 4908 eto.
940 4844 1136 4906 Probandam
1164 4845 1293 4905 ecclesie
1328 4844 1367 4906 de
1402 4844 1567 4924 Ledebury
1601 4845 1643 4907 ab

408 4957 539 5036 antiquo
573 4975 629 5034 pro
661 4974 726 5015 non
760 4959 869 5014 curata
903 4950 1044 5012 habitam
1075 4955 1249 5021 vacantem,
1277 4970 1372 5030 quam
1407 4950 1581 5012 Nicholaus
1602 4952 1643 5014 de

409 5065 485 5136 Ake,
521 5063 574 5142 qui
606 5081 639 5123 se
661 5061 758 5140 gessit
778 5080 836 5139 pro
866 5057 1070 5139 prebendario
1094 5057 1177 5117 dicte
1204 5055 1342 5128 ecclesie,
1364 5057 1403 5118 de
1433 5057 1518 5118 iacto
1538 5077 1641 5138 nuper
