3850 5917
414 699 473 759 356
787 698 966 777 Rapiatram
992 698 1057 760 Ado
1083 698 1120 759 dc
1149 697 1273 759 Orlctarr

244 926 300 967 Α-θ·
317 928 372 968 ¹⁸²⁵·
414 941 548 1001 congrue
563 928 595 984 et
616 944 688 984 oum
706 923 862 985 instancia
880 923 986 985 debita
1003 922 1153 1003 requisiti,
1173 922 1301 983 indicti
1321 922 1408 983 Petri
1427 922 1646 1002 prejudicium,

414 1028 586 1108 dampnum
620 1049 684 1089 non
712 1028 879 1100 modicum,
908 1032 941 1090 et
971 1046 1149 1108 gravamen.
1194 1028 1288 1090 Unde
1309 1047 1347 1089 ex
1373 1033 1463 1107 parte
1490 1026 1642 1106 ejusdem,

414 1132 583 1194 sancientis
618 1153 652 1195 se
686 1154 723 1195 ex
764 1134 824 1195 hoo
858 1153 914 1213 per
953 1153 1010 1194 vos
1045 1132 1183 1194 indebite
1220 1132 1407 1212 pregravari,
1442 1133 1482 1193 ad
1516 1133 1644 1194 0006ιο

416 1237 673 1299 Oentuarieneem
712 1239 825 1310 extitit,
853 1244 889 1299 ut
920 1238 1079 1309 asseritur,
1120 1238 1258 1313 legitime
1292 1238 1493 1318 appellatum.
1542 1239 1647 1313 Quare

415 1344 504 1405 vobis
529 1365 600 1405 cum
621 1365 658 1406 ea
679 1365 740 1425 qua
761 1345 850 1405 decet
871 1344 1048 1405 reverencia
1082 1342 1270 1414 inhibemus,
1292 1348 1324 1403 et
1344 1363 1401 1423 per
1421 1363 1476 1404 vos
1497 1343 1644 1404 omnibus

414 1457 447 1512 et
477 1451 608 1531 singulis
635 1452 748 1533 quibus
768 1451 820 1531 jus
853 1450 957 1530 exigit,
989 1449 1123 1510 inhiberi
1143 1448 1288 1510 volumus
1316 1453 1348 1509 et
1379 1449 1565 1509 mandamus
1593 1470 1645 1519 ne,

413 1558 569 1636 pendente
609 1556 642 1616 in
677 1555 770 1618 (laria
810 1554 1028 1617 (lantuariensi
1066 1553 1247 1634 hujusmodi
1278 1553 1501 1633 appellacionis
1539 1574 1644 1625 causa,

414 1663 581 1743 quicquam
612 1663 671 1723 hac
702 1662 865 1724 occasione
904 1662 936 1720 in
975 1661 1058 1722 dicte
1089 1660 1188 1740 partis
1216 1660 1404 1740 appellantis
1437 1660 1644 1739 prejudicium

413 1768 609 1848 attemptatis
623 1768 679 1841 ,vel
701 1772 900 1847 attemptent,
932 1767 1055 1828 faciatis
1079 1771 1134 1827 aut
1162 1766 1279 1826 faciant
1306 1766 1482 1846 aliqualiter
1508 1771 1642 1845 attemp

414 1874 483 1945 tari,
515 1860 682 1954 quominus
715 1873 843 1935 liberam
884 1872 998 1934 habeat
1032 1872 1253 1953 appellacionis
1288 1893 1345 1934 sue
1379 1873 1644 1952 prosecucionem,

412 1984 506 2060 prout
526 1980 645 2060 justum
674 1978 776 2051 fuerit,
802 1978 968 2041 antedicto.
1031 1978 1143 2040 (litatis
1174 1978 1273 2039 eciam
1305 1998 1362 2039 eeu
1396 1978 1484 2039 citari
1519 1979 1643 2039 faciatis

412 2084 620 2164 peremptorie
648 2083 805 2163 prefatum
832 2084 984 2145 Thomam
1014 2084 1052 2144 de
1077 2083 1325 2145 Oheddeworthe
1352 2084 1435 2164 quod
1463 2092 1643 2163 compareat

413 2210 518 2251 coram
546 2189 636 2250 nobie
663 2188 712 2251 vel
741 2194 850 2251 nostro
879 2189 1103 2251 Commissario
1130 2190 1163 2249 in
1192 2188 1324 2251 ecclesia
1352 2189 1443 2251 beata
1474 2190 1574 2251 Maria
1604 2190 1644 2251 de

414 2295 740 2366 Aldermarieehirche‚
771 2295 952 2368 Londoniis,
981 2296 1078 2357 tercio
1105 2295 1156 2356 die
1184 2295 1317 2374 juridico
1343 2300 1416 2375 post
1444 2296 1643 2357 Dominicam

413 2421 475 2481 qua
509 2405 654 2461 cantatur
686 2400 903 2462 Misericordia
937 2402 1075 2474 Domini,
1110 2403 1142 2461 in
1178 2402 1262 2464 dicta
1292 2402 1514 2482 appellacionis
1548 2423 1642 2464 causa

413 2526 625 2587 processurus,
657 2513 715 2569 eto.
779 2508 828 2569 De
859 2508 909 2569 die
943 2528 1017 2570 vero
1050 2508 1252 2588 reocpcionis,
1287 2513 1346 2569 etc.
1408 2508 1527 2568 Datum
1560 2509 1643 2587 apud

413 2614 587 2692 Yeveneye,
616 2613 651 2692 ij0
675 2614 756 2673 Non.
783 2613 903 2685 Marcii,
929 2633 1012 2674 anno
1037 2612 1165 2674 Domini
1190 2612 1356 2673 millesimo
1381 2611 1471 2673 000ο
1492 2613 1641 2673 vicesimo

413 2720 533 2799 quinto.

411 2974 492 3034 Mar.
516 2974 650 3034 3.-Το0
664 2973 782 3053 Bishop
804 2972 839 3051 of
863 2972 1027 3033 Worcaater
1048 2971 1254 3033 commissione
1278 2972 1327 3033 aa
1349 2972 1466 3053 Brabop
1488 2974 1524 3052 os
1542 2974 1637 3034 Hara-

527 3054 602 3134 ford
624 3061 652 3115 ta
673 3060 722 3113 act
740 3054 795 3132 sor
817 3052 882 3114 him
901 3054 936 3113 ia
957 3053 1006 3114 the
1025 3060 1136 3113 narrar
1156 3052 1191 3132 os
1211 3072 1254 3113 aa
1273 3053 1422 3132 cariunpo
1442 3054 1478 3133 os
1498 3053 1640 3132 banfices

534 3136 660 3195 balwaea
686 3134 796 3213 Philip
824 3134 860 3194 dc
890 3134 1067 3212 Gosinatoa,
1100 3133 1191 3194 Vicar
1218 3134 1253 3213 of
1280 3134 1638 3214 Framptoraoa-chcm,

426 3216 439 3253 ⁸
532 3216 595 3276 aad
624 3215 738 3275 Walter
761 3216 798 3275 da
822 3214 1000 3293 Fiaipham,
1030 3214 1121 3276 Vicar
1145 3215 1180 3293 os
1201 3214 1384 3275 Stottardorr.

493 3398 672 3458 Gouursslo
697 3396 851 3457 Errecorr
872 3394 1130 3456 Wreoau1nus1s
1154 3412 1215 3454 reo
1246 3412 1498 3455 rnnuuraoroun
1520 3414 1644 3456 vicena

411 3520 455 3561 00
487 3502 697 3573 1000060000,
733 3519 795 3561 sun
829 3518 985 3572 00000606,
1014 3518 1083 3562 aun
1114 3517 1243 3560 vicaruo
1277 3518 1321 3560 nu
1357 3501 1642 3563 0000006000ορ

411 3606 588 3694 Vcnerebili
623 3607 656 3665 in
698 3606 823 3667 Christo
863 3606 953 3686 petri,
996 3606 1123 3668 domino
1164 3606 1239 3678 Ade,
1278 3612 1348 3679 etc,
1386 3606 1532 3680 Thomas,
1571 3614 1642 3681 etc..

411 3714 554 3785 salutem,
583 3718 642 3774 etc.
699 3712 778 3773 Cum
803 3712 935 3773 dilectus
962 3712 1055 3784 filius,
1084 3712 1229 3773 dominus
1257 3712 1423 3793 Philippus
1450 3714 1489 3775 de
1517 3714 1642 3794 Goeyn-

410 3824 493 3891 tone,
528 3824 698 3899 perpetuus
729 3817 862 3879 vicarius
894 3816 1023 3878 ecclesie
1054 3817 1093 3877 de
1123 3816 1325 3897 Fromptone,
1357 3823 1464 3879 nostre
1495 3819 1639 3890 diocesis,

410 3930 443 3986 et
474 3925 619 3986 dominus
655 3924 813 3986 Walterus
848 3924 886 3984 de
918 3923 1103 4003 Fynigham,
1137 3929 1308 4004 perpetuus
1342 3925 1477 3987 vicarius
1510 3925 1643 3987 ecclesie

411 4031 448 4091 de
463 4046 470 4063 ⁸
485 4031 695 4101 Stottesdone,
726 4035 830 4090 vestre
864 4028 1005 4101 diocesis,
1041 4030 1166 4091 eaedem
1202 4050 1275 4091 suas
1306 4031 1437 4092 vicariae
1471 4032 1565 4093 certie
1601 4052 1641 4093 ex

410 4138 512 4198 causis
547 4142 579 4197 60
613 4136 769 4215 legitimis,
805 4136 991 4197 auctoritate
1022 4140 1054 4196 et
1088 4156 1244 4197 consensu
1281 4156 1389 4197 eorum
1424 4158 1558 4218 quorum
1592 4138 1639 4198 in-

410 4247 515 4313 tereat,
565 4242 633 4304 eine
680 4242 834 4322 pravitate
881 4261 1067 4321 quacunque
1111 4247 1297 4322 proponant,
1349 4243 1431 4304 sicut
1483 4251 1638 4316 asserunt,

409 4349 558 4410 canonice
592 4353 778 4427 permutare,
815 4347 854 4407 ad
891 4347 1090 4420 audiendum,
1125 4348 1355 4427 inquirendum,
1390 4355 1422 4409 et
1456 4351 1636 4411 examinan-

410 4456 484 4516 dum
520 4474 630 4516 causas
670 4453 914 4534 permutacionis
954 4454 1134 4533 hujusmodi
1169 4454 1319 4527 faciende,
1358 4475 1395 4516 ac
1436 4455 1475 4515 ad
1516 4461 1639 4536 accept·

409 4561 525 4621 andum
561 4564 592 4621 et
623 4559 835 4639 recipiendum
870 4559 945 4619 dicti
980 4560 1119 4639 Philippi
1152 4560 1399 4639 resignacionem
1432 4561 1547 4622 vicarie
1581 4582 1639 4623 sue

408 4665 447 4727 de
475 4665 675 4745 Fromptone,
704 4664 884 4743 hujusmodi
911 4665 1155 4744 permutacionis
1183 4670 1316 4744 optentu
1343 4666 1459 4727 iactam
1487 4668 1638 4729 canonice

407 4791 463 4834 seu
497 4770 596 4832 eciam
631 4768 814 4842 faciendam,
856 4770 1020 4850 eidemque
1049 4771 1278 4851 permutacioni
1312 4771 1531 4833 auctoritatem
1567 4793 1636 4853 pre

407 4878 562 4949 standum,
592 4880 624 4937 et
651 4875 791 4948 eandem,
819 4880 913 4956 prout
937 4875 977 4937 de
1004 4877 1072 4955 jure
1101 4875 1203 4948 fuerit,
1233 4875 1474 4955 approbandam,
1510 4897 1635 4940 necnon

409 4983 571 5044 dominum
613 4980 787 5042 Walterum
825 4981 863 5041 de
904 4980 1081 5061 Fynigham
1118 4982 1158 5042 ad
1197 4981 1369 5061 predictam
1412 4982 1559 5043 vicariam
1597 4985 1638 5045 de

409 5092 600 5171 Fromptone
634 5088 772 5169 predicte
802 5088 1046 5169 permutacionis
1076 5089 1202 5150 racione
1231 5088 1370 5168 legitime
1397 5088 1639 5164 admittendum,
