<?xml version="1.0" encoding="UTF-8"?>
<!DOCTYPE html PUBLIC "-//W3C//DTD XHTML 1.0 Transitional//EN"
    "http://www.w3.org/TR/xhtml1/DTD/xhtml1-transitional.dtd">
<html xmlns="http://www.w3.org/1999/xhtml" xml:lang="en" lang="en">
 <head>
  <title>
</title>
<meta http-equiv="Content-Type" content="text/html;charset=utf-8" />
  <meta name='ocr-system' content='tesseract 3.04.00' />
  <meta name='ocr-capabilities' content='ocr_page ocr_carea ocr_par ocr_line ocrx_word'/>
</head>
<body>
  <div class='ocr_page' id='page_1' title='image "./registrumadedeo00banngoog_0104.png"; bbox 0 0 3850 5917; ppageno 0'>
   <div class='ocr_carea' id='block_1_1' title="bbox 692 684 1519 766">
    <p class='ocr_par' dir='ltr' id='par_1_1' title="bbox 692 684 1519 766">
     <span class='ocr_line' id='line_1_1' title="bbox 692 684 1519 766; baseline 0.01 -22"><span class='ocrx_word' id='word_1_1' title='bbox 692 684 842 765; x_wconf 80' lang='lat' dir='ltr'>Episcopi</span> <span class='ocrx_word' id='word_1_2' title='bbox 868 685 1111 766; x_wconf 77' lang='lat' dir='ltr'>Herescrdemir.</span> <span class='ocrx_word' id='word_1_3' title='bbox 1478 689 1519 752; x_wconf 82' lang='lat'>39</span> 
     </span>
    </p>
   </div>
   <div class='ocr_carea' id='block_1_2' title="bbox 133 907 1521 1925">
    <p class='ocr_par' dir='ltr' id='par_1_2' title="bbox 133 907 1521 1925">
     <span class='ocr_line' id='line_1_2' title="bbox 133 907 1518 992; baseline 0.005 -26"><span class='ocrx_word' id='word_1_4' title='bbox 133 910 183 952; x_wconf 76' lang='grc' dir='ltr'>Α-ὓ·</span> <span class='ocrx_word' id='word_1_5' title='bbox 196 913 243 956; x_wconf 84' lang='lat'><strong>¹³¹⁷·</strong></span> <span class='ocrx_word' id='word_1_6' title='bbox 281 913 317 967; x_wconf 89' lang='lat' dir='ltr'>ut</span> <span class='ocrx_word' id='word_1_7' title='bbox 337 907 433 968; x_wconf 90' lang='lat' dir='ltr'>modo</span> <span class='ocrx_word' id='word_1_8' title='bbox 462 907 559 969; x_wconf 82' lang='lat' dir='ltr'>simili</span> <span class='ocrx_word' id='word_1_9' title='bbox 590 908 704 970; x_wconf 84' lang='lat' dir='ltr'>futuris</span> <span class='ocrx_word' id='word_1_10' title='bbox 734 909 901 990; x_wconf 88' lang='lat' dir='ltr'>Episcopis</span> <span class='ocrx_word' id='word_1_11' title='bbox 922 909 1103 982; x_wconf 78' lang='lat' dir='ltr'>liberentur,</span> <span class='ocrx_word' id='word_1_12' title='bbox 1132 916 1166 972; x_wconf 89' lang='lat' dir='ltr'>et</span> <span class='ocrx_word' id='word_1_13' title='bbox 1193 917 1230 972; x_wconf 91' lang='lat' dir='ltr'>ut</span> <span class='ocrx_word' id='word_1_14' title='bbox 1254 910 1300 972; x_wconf 92' lang='lat' dir='ltr'>sic</span> <span class='ocrx_word' id='word_1_15' title='bbox 1329 912 1518 992; x_wconf 85' lang='lat' dir='ltr'>expedicius,</span> 
     </span>
     <span class='ocr_line' id='line_1_3' title="bbox 281 1013 1519 1082; baseline 0.004 -8"><span class='ocrx_word' id='word_1_16' title='bbox 281 1013 388 1082; x_wconf 85' lang='lat' dir='ltr'>cicius,</span> <span class='ocrx_word' id='word_1_17' title='bbox 410 1019 444 1075; x_wconf 91' lang='lat' dir='ltr'>et</span> <span class='ocrx_word' id='word_1_18' title='bbox 472 1014 584 1076; x_wconf 91' lang='lat' dir='ltr'>melius</span> <span class='ocrx_word' id='word_1_19' title='bbox 605 1014 768 1076; x_wconf 90' lang='lat' dir='ltr'>Altissimo</span> <span class='ocrx_word' id='word_1_20' title='bbox 793 1015 919 1078; x_wconf 80' lang='lat' dir='ltr'>velesnt</span> <span class='ocrx_word' id='word_1_21' title='bbox 942 1017 975 1076; x_wconf 93' lang='lat' dir='ltr'>in</span> <span class='ocrx_word' id='word_1_22' title='bbox 1007 1017 1073 1077; x_wconf 90' lang='lat' dir='ltr'>suis</span> <span class='ocrx_word' id='word_1_23' title='bbox 1104 1017 1215 1078; x_wconf 87' lang='lat' dir='ltr'>officiis</span> <span class='ocrx_word' id='word_1_24' title='bbox 1246 1018 1411 1079; x_wconf 85' lang='lat' dir='ltr'>deservire.</span> <span class='ocrx_word' id='word_1_25' title='bbox 1443 1018 1519 1080; x_wconf 84' lang='lat' dir='ltr'>Ere·</span> 
     </span>
     <span class='ocr_line' id='line_1_4' title="bbox 280 1120 1521 1204; baseline 0.004 -24"><span class='ocrx_word' id='word_1_26' title='bbox 280 1127 415 1200; x_wconf 87' lang='lat' dir='ltr'>quenter</span> <span class='ocrx_word' id='word_1_27' title='bbox 455 1120 540 1181; x_wconf 89' lang='lat' dir='ltr'>enim</span> <span class='ocrx_word' id='word_1_28' title='bbox 581 1120 627 1181; x_wconf 86' lang='lat' dir='ltr'>iul</span> <span class='ocrx_word' id='word_1_29' title='bbox 668 1121 854 1182; x_wconf 75' lang='lat' dir='ltr'><strong>molestatus</strong></span> <span class='ocrx_word' id='word_1_30' title='bbox 892 1127 1062 1202; x_wconf 71' lang='lat' dir='ltr'>antequem</span> <span class='ocrx_word' id='word_1_31' title='bbox 1103 1123 1193 1202; x_wconf 87' lang='lat' dir='ltr'>potui</span> <span class='ocrx_word' id='word_1_32' title='bbox 1233 1123 1375 1204; x_wconf 79' lang='lat' dir='ltr'>predicte</span> <span class='ocrx_word' id='word_1_33' title='bbox 1411 1124 1521 1185; x_wconf 84' lang='lat' dir='ltr'>omnic</span> 
     </span>
     <span class='ocr_line' id='line_1_5' title="bbox 280 1224 1519 1308; baseline 0.002 -22"><span class='ocrx_word' id='word_1_34' title='bbox 280 1224 494 1304; x_wconf 75' lang='lat' dir='ltr'>comparando</span> <span class='ocrx_word' id='word_1_35' title='bbox 524 1224 677 1304; x_wconf 80' lang='lat' dir='ltr'>colligere.</span> <span class='ocrx_word' id='word_1_36' title='bbox 720 1224 791 1286; x_wconf 90' lang='lat' dir='ltr'>Hec</span> <span class='ocrx_word' id='word_1_37' title='bbox 812 1225 896 1287; x_wconf 91' lang='lat' dir='ltr'>enim</span> <span class='ocrx_word' id='word_1_38' title='bbox 927 1225 1081 1288; x_wconf 91' lang='lat' dir='ltr'>libencius</span> <span class='ocrx_word' id='word_1_39' title='bbox 1110 1226 1191 1288; x_wconf 82' lang='lat' dir='ltr'>iccio</span> <span class='ocrx_word' id='word_1_40' title='bbox 1212 1227 1286 1307; x_wconf 85' lang='lat' dir='ltr'>quie</span> <span class='ocrx_word' id='word_1_41' title='bbox 1315 1247 1407 1308; x_wconf 90' lang='lat' dir='ltr'>spero</span> <span class='ocrx_word' id='word_1_42' title='bbox 1433 1229 1519 1308; x_wconf 89' lang='lat' dir='ltr'>quod</span> 
     </span>
     <span class='ocr_line' id='line_1_6' title="bbox 280 1329 1518 1395; baseline 0.003 -5"><span class='ocrx_word' id='word_1_43' title='bbox 280 1330 358 1390; x_wconf 92' lang='lat' dir='ltr'>mibi</span> <span class='ocrx_word' id='word_1_44' title='bbox 389 1329 538 1391; x_wconf 87' lang='lat' dir='ltr'>defuncto</span> <span class='ocrx_word' id='word_1_45' title='bbox 572 1329 622 1391; x_wconf 81' lang='lat' dir='ltr'>vel</span> <span class='ocrx_word' id='word_1_46' title='bbox 657 1331 876 1392; x_wconf 83' lang='lat' dir='ltr'>executoribus</span> <span class='ocrx_word' id='word_1_47' title='bbox 910 1331 960 1393; x_wconf 86' lang='lat' dir='ltr'>vel</span> <span class='ocrx_word' id='word_1_48' title='bbox 991 1333 1071 1394; x_wconf 90' lang='lat' dir='ltr'>meis</span> <span class='ocrx_word' id='word_1_49' title='bbox 1100 1333 1333 1395; x_wconf 89' lang='lat' dir='ltr'>successoribus</span> <span class='ocrx_word' id='word_1_50' title='bbox 1362 1353 1426 1394; x_wconf 92' lang='lat' dir='ltr'>non</span> <span class='ocrx_word' id='word_1_51' title='bbox 1457 1334 1518 1394; x_wconf 91' lang='lat' dir='ltr'>erit</span> 
     </span>
     <span class='ocr_line' id='line_1_7' title="bbox 280 1436 1518 1520; baseline 0.004 -24"><span class='ocrx_word' id='word_1_52' title='bbox 280 1436 434 1498; x_wconf 91' lang='lat' dir='ltr'>molestus</span> <span class='ocrx_word' id='word_1_53' title='bbox 455 1455 545 1498; x_wconf 88' lang='lat' dir='ltr'>meus</span> <span class='ocrx_word' id='word_1_54' title='bbox 575 1456 745 1509; x_wconf 88' lang='lat' dir='ltr'>successor,</span> <span class='ocrx_word' id='word_1_55' title='bbox 776 1457 848 1499; x_wconf 92' lang='lat' dir='ltr'>cum</span> <span class='ocrx_word' id='word_1_56' title='bbox 877 1437 970 1518; x_wconf 87' lang='lat' dir='ltr'>plene</span> <span class='ocrx_word' id='word_1_57' title='bbox 989 1438 1191 1518; x_wconf 87' lang='lat' dir='ltr'>perpenderit</span> <span class='ocrx_word' id='word_1_58' title='bbox 1211 1439 1296 1520; x_wconf 91' lang='lat' dir='ltr'>quod</span> <span class='ocrx_word' id='word_1_59' title='bbox 1313 1457 1371 1518; x_wconf 84' lang='lat' dir='ltr'>ego</span> <span class='ocrx_word' id='word_1_60' title='bbox 1399 1439 1433 1500; x_wconf 92' lang='lat' dir='ltr'>in</span> <span class='ocrx_word' id='word_1_61' title='bbox 1454 1439 1518 1502; x_wconf 89' lang='lat' dir='ltr'>hiis</span> 
     </span>
     <span class='ocr_line' id='line_1_8' title="bbox 278 1545 1518 1626; baseline -0.002 -18"><span class='ocrx_word' id='word_1_62' title='bbox 278 1551 311 1608; x_wconf 88' lang='lat' dir='ltr'>et</span> <span class='ocrx_word' id='word_1_63' title='bbox 331 1545 443 1606; x_wconf 90' lang='lat' dir='ltr'>multis</span> <span class='ocrx_word' id='word_1_64' title='bbox 464 1545 604 1617; x_wconf 87' lang='lat' dir='ltr'>edificiis,</span> <span class='ocrx_word' id='word_1_65' title='bbox 626 1551 662 1606; x_wconf 89' lang='lat' dir='ltr'>ut</span> <span class='ocrx_word' id='word_1_66' title='bbox 686 1546 719 1605; x_wconf 91' lang='lat' dir='ltr'>in</span> <span class='ocrx_word' id='word_1_67' title='bbox 740 1546 888 1607; x_wconf 77' lang='lat' dir='ltr'>maneriis</span> <span class='ocrx_word' id='word_1_68' title='bbox 909 1545 1121 1626; x_wconf 72' lang='lat' dir='ltr'>Episcopatus</span> <span class='ocrx_word' id='word_1_69' title='bbox 1153 1550 1292 1626; x_wconf 73' lang='lat' dir='ltr'>apparet,</span> <span class='ocrx_word' id='word_1_70' title='bbox 1325 1549 1358 1606; x_wconf 91' lang='lat' dir='ltr'>et</span> <span class='ocrx_word' id='word_1_71' title='bbox 1388 1549 1455 1605; x_wconf 84' lang='lat' dir='ltr'>tem</span> <span class='ocrx_word' id='word_1_72' title='bbox 1482 1545 1518 1606; x_wconf 89' lang='lat' dir='ltr'>in</span> 
     </span>
     <span class='ocr_line' id='line_1_9' title="bbox 279 1649 1515 1732; baseline 0 -20"><span class='ocrx_word' id='word_1_73' title='bbox 279 1657 384 1712; x_wconf 81' lang='lat' dir='ltr'>metm</span> <span class='ocrx_word' id='word_1_74' title='bbox 404 1671 501 1731; x_wconf 78' lang='lat' dir='ltr'>quem</span> <span class='ocrx_word' id='word_1_75' title='bbox 521 1650 605 1722; x_wconf 85' lang='lat' dir='ltr'>elibi,</span> <span class='ocrx_word' id='word_1_76' title='bbox 627 1671 687 1732; x_wconf 93' lang='lat' dir='ltr'>que</span> <span class='ocrx_word' id='word_1_77' title='bbox 708 1651 747 1712; x_wconf 82' lang='lat' dir='ltr'>sd</span> <span class='ocrx_word' id='word_1_78' title='bbox 768 1651 818 1712; x_wconf 89' lang='lat' dir='ltr'>sui</span> <span class='ocrx_word' id='word_1_79' title='bbox 849 1651 1050 1712; x_wconf 90' lang='lat' dir='ltr'>commodum</span> <span class='ocrx_word' id='word_1_80' title='bbox 1071 1655 1103 1711; x_wconf 91' lang='lat' dir='ltr'>et</span> <span class='ocrx_word' id='word_1_81' title='bbox 1128 1650 1280 1712; x_wconf 90' lang='lat' dir='ltr'>honorem</span> <span class='ocrx_word' id='word_1_82' title='bbox 1300 1649 1461 1730; x_wconf 86' lang='lat' dir='ltr'>pertinent</span> <span class='ocrx_word' id='word_1_83' title='bbox 1481 1655 1515 1712; x_wconf 88' lang='lat' dir='ltr'>st</span> 
     </span>
     <span class='ocr_line' id='line_1_10' title="bbox 277 1754 1513 1836; baseline -0.001 -18"><span class='ocrx_word' id='word_1_84' title='bbox 277 1757 452 1818; x_wconf 88' lang='lat' dir='ltr'>eorundem</span> <span class='ocrx_word' id='word_1_85' title='bbox 479 1755 618 1835; x_wconf 89' lang='lat' dir='ltr'>quietem</span> <span class='ocrx_word' id='word_1_86' title='bbox 639 1755 870 1836; x_wconf 71' lang='lat' dir='ltr'>procuraverim</span> <span class='ocrx_word' id='word_1_87' title='bbox 889 1755 957 1817; x_wconf 91' lang='lat' dir='ltr'>fieri</span> <span class='ocrx_word' id='word_1_88' title='bbox 978 1756 1101 1835; x_wconf 80' lang='lat' dir='ltr'>mugnis</span> <span class='ocrx_word' id='word_1_89' title='bbox 1121 1754 1280 1818; x_wconf 77' lang='lat' dir='ltr'>laboribus</span> <span class='ocrx_word' id='word_1_90' title='bbox 1304 1761 1337 1817; x_wconf 92' lang='lat' dir='ltr'>et</span> <span class='ocrx_word' id='word_1_91' title='bbox 1357 1755 1513 1836; x_wconf 83' lang='lat' dir='ltr'>expensis,</span> 
     </span>
     <span class='ocr_line' id='line_1_11' title="bbox 281 1867 340 1925; baseline -0.051 0"><span class='ocrx_word' id='word_1_92' title='bbox 281 1867 340 1925; x_wconf 84' lang='lat' dir='ltr'>etc.</span> 
     </span>
    </p>
   </div>
   <div class='ocr_carea' id='block_1_3' title="bbox 276 1991 1516 2496">
    <p class='ocr_par' dir='ltr' id='par_1_3' title="bbox 276 1991 1516 2496">
     <span class='ocr_line' id='line_1_12' title="bbox 358 1991 1516 2073; baseline 0.002 -21"><span class='ocrx_word' id='word_1_93' title='bbox 358 1993 454 2064; x_wconf 92' lang='lat' dir='ltr'>Item,</span> <span class='ocrx_word' id='word_1_94' title='bbox 477 1993 510 2052; x_wconf 90' lang='lat' dir='ltr'>iu</span> <span class='ocrx_word' id='word_1_95' title='bbox 530 1992 641 2072; x_wconf 89' lang='lat' dir='ltr'>primis</span> <span class='ocrx_word' id='word_1_96' title='bbox 661 1999 772 2054; x_wconf 90' lang='lat' dir='ltr'>teneor</span> <span class='ocrx_word' id='word_1_97' title='bbox 799 1991 906 2054; x_wconf 87' lang='lat' dir='ltr'>luturo</span> <span class='ocrx_word' id='word_1_98' title='bbox 927 1991 1087 2072; x_wconf 79' lang='lat' dir='ltr'>Episcopo</span> <span class='ocrx_word' id='word_1_99' title='bbox 1118 1991 1344 2055; x_wconf 85' lang='lat' dir='ltr'>Hereicrdensi</span> <span class='ocrx_word' id='word_1_100' title='bbox 1369 1993 1403 2053; x_wconf 91' lang='lat' dir='ltr'>in</span> <span class='ocrx_word' id='word_1_101' title='bbox 1423 1993 1516 2073; x_wconf 88' lang='lat' dir='ltr'>quin-</span> 
     </span>
     <span class='ocr_line' id='line_1_13' title="bbox 279 2097 1514 2180; baseline -0.001 -18"><span class='ocrx_word' id='word_1_102' title='bbox 279 2099 383 2178; x_wconf 79' lang='lat' dir='ltr'>gentis</span> <span class='ocrx_word' id='word_1_103' title='bbox 419 2097 533 2160; x_wconf 79' lang='lat' dir='ltr'>mercis</span> <span class='ocrx_word' id='word_1_104' title='bbox 566 2119 624 2178; x_wconf 91' lang='lat' dir='ltr'>pro</span> <span class='ocrx_word' id='word_1_105' title='bbox 658 2099 757 2160; x_wconf 89' lang='lat' dir='ltr'>veteri</span> <span class='ocrx_word' id='word_1_106' title='bbox 792 2099 944 2160; x_wconf 75' lang='lat' dir='ltr'>instsuro¹</span> <span class='ocrx_word' id='word_1_107' title='bbox 978 2099 1063 2178; x_wconf 89' lang='lat' dir='ltr'>quod</span> <span class='ocrx_word' id='word_1_108' title='bbox 1094 2097 1228 2178; x_wconf 74' lang='lat' dir='ltr'>quilibet</span> <span class='ocrx_word' id='word_1_109' title='bbox 1261 2098 1440 2180; x_wconf 83' lang='lat' dir='ltr'>Episcopus</span> <span class='ocrx_word' id='word_1_110' title='bbox 1472 2099 1514 2162; x_wconf 77' lang='lat' dir='ltr'>ab</span> 
     </span>
     <span class='ocr_line' id='line_1_14' title="bbox 276 2204 1514 2285; baseline 0.001 -19"><span class='ocrx_word' id='word_1_111' title='bbox 276 2205 409 2285; x_wconf 72' lang='lat' dir='ltr'>antiquo</span> <span class='ocrx_word' id='word_1_112' title='bbox 423 2204 586 2266; x_wconf 85' lang='lat' dir='ltr'>consuevit</span> <span class='ocrx_word' id='word_1_113' title='bbox 606 2225 664 2266; x_wconf 90' lang='lat' dir='ltr'>suo</span> <span class='ocrx_word' id='word_1_114' title='bbox 685 2205 827 2284; x_wconf 85' lang='lat' dir='ltr'>proximo</span> <span class='ocrx_word' id='word_1_115' title='bbox 847 2204 1023 2284; x_wconf 85' lang='lat' dir='ltr'>relinquere</span> <span class='ocrx_word' id='word_1_116' title='bbox 1042 2204 1230 2275; x_wconf 86' lang='lat' dir='ltr'>successori;</span> <span class='ocrx_word' id='word_1_117' title='bbox 1252 2210 1285 2266; x_wconf 92' lang='lat' dir='ltr'>et</span> <span class='ocrx_word' id='word_1_118' title='bbox 1305 2205 1365 2266; x_wconf 90' lang='lat' dir='ltr'>bec</span> <span class='ocrx_word' id='word_1_119' title='bbox 1378 2207 1514 2285; x_wconf 77' lang='lat' dir='ltr'>pecunie</span> 
     </span>
     <span class='ocr_line' id='line_1_15' title="bbox 277 2309 1514 2390; baseline 0.002 -19"><span class='ocrx_word' id='word_1_120' title='bbox 277 2310 371 2371; x_wconf 90' lang='lat' dir='ltr'>debet</span> <span class='ocrx_word' id='word_1_121' title='bbox 405 2309 520 2390; x_wconf 86' lang='lat' dir='ltr'>deponi</span> <span class='ocrx_word' id='word_1_122' title='bbox 555 2309 588 2370; x_wconf 89' lang='lat' dir='ltr'>in</span> <span class='ocrx_word' id='word_1_123' title='bbox 624 2309 768 2371; x_wconf 86' lang='lat' dir='ltr'>custodis</span> <span class='ocrx_word' id='word_1_124' title='bbox 800 2309 937 2389; x_wconf 80' lang='lat' dir='ltr'>Gepituli</span> <span class='ocrx_word' id='word_1_125' title='bbox 972 2309 1215 2371; x_wconf 83' lang='lat' dir='ltr'>Hereiordensis</span> <span class='ocrx_word' id='word_1_126' title='bbox 1246 2310 1347 2371; x_wconf 92' lang='lat' dir='ltr'>donec</span> <span class='ocrx_word' id='word_1_127' title='bbox 1380 2310 1514 2374; x_wconf 86' lang='lat' dir='ltr'>ecclesie</span> 
     </span>
     <span class='ocr_line' id='line_1_16' title="bbox 277 2415 1089 2496; baseline 0.002 -20"><span class='ocrx_word' id='word_1_128' title='bbox 277 2415 418 2496; x_wconf 75' lang='lat' dir='ltr'>legitime</span> <span class='ocrx_word' id='word_1_129' title='bbox 437 2417 598 2496; x_wconf 88' lang='lat' dir='ltr'>provisum</span> <span class='ocrx_word' id='word_1_130' title='bbox 620 2416 714 2478; x_wconf 83' lang='lat' dir='ltr'>fuerit</span> <span class='ocrx_word' id='word_1_131' title='bbox 735 2416 774 2478; x_wconf 90' lang='lat' dir='ltr'>de</span> <span class='ocrx_word' id='word_1_132' title='bbox 794 2416 907 2478; x_wconf 92' lang='lat' dir='ltr'>idoneo</span> <span class='ocrx_word' id='word_1_133' title='bbox 929 2415 1089 2496; x_wconf 84' lang='lat' dir='ltr'>pontifice.</span> 
     </span>
    </p>
   </div>
   <div class='ocr_carea' id='block_1_4' title="bbox 280 2672 1513 2914">
    <p class='ocr_par' dir='ltr' id='par_1_4' title="bbox 280 2672 1513 2914">
     <span class='ocr_line' id='line_1_17' title="bbox 280 2672 1513 2753; baseline 0 -17"><span class='ocrx_word' id='word_1_134' title='bbox 280 2674 343 2736; x_wconf 82' lang='lat' dir='ltr'>Oct.</span> <span class='ocrx_word' id='word_1_135' title='bbox 363 2673 574 2734; x_wconf 59' lang='lat' dir='ltr'>ild-Leiterr</span> <span class='ocrx_word' id='word_1_136' title='bbox 597 2672 797 2734; x_wconf 80' lang='lat' dir='ltr'>Testimocicl</span> <span class='ocrx_word' id='word_1_137' title='bbox 818 2679 846 2733; x_wconf 89' lang='lat' dir='ltr'>to</span> <span class='ocrx_word' id='word_1_138' title='bbox 869 2672 1003 2752; x_wconf 78' lang='lat' dir='ltr'>Stephon</span> <span class='ocrx_word' id='word_1_139' title='bbox 1021 2672 1059 2733; x_wconf 78' lang='lat' dir='ltr'>de</span> <span class='ocrx_word' id='word_1_140' title='bbox 1080 2672 1112 2733; x_wconf 84' lang='lat' dir='ltr'>lc</span> <span class='ocrx_word' id='word_1_141' title='bbox 1132 2672 1229 2752; x_wconf 83' lang='lat' dir='ltr'>Hope,</span> <span class='ocrx_word' id='word_1_142' title='bbox 1243 2674 1279 2753; x_wconf 79' lang='lat' dir='ltr'>of</span> <span class='ocrx_word' id='word_1_143' title='bbox 1296 2673 1513 2753; x_wconf 75' lang='lat' dir='ltr'>chwcrdinc,</span> 
     </span>
     <span class='ocr_line' id='line_1_18' title="bbox 398 2753 1513 2834; baseline 0.003 -20"><span class='ocrx_word' id='word_1_144' title='bbox 398 2774 466 2814; x_wconf 83' lang='lat' dir='ltr'>now</span> <span class='ocrx_word' id='word_1_145' title='bbox 492 2754 583 2814; x_wconf 76' lang='lat' dir='ltr'>Viccr</span> <span class='ocrx_word' id='word_1_146' title='bbox 602 2755 637 2834; x_wconf 85' lang='lat' dir='ltr'>cs</span> <span class='ocrx_word' id='word_1_147' title='bbox 657 2755 801 2825; x_wconf 78' lang='lat' dir='ltr'>Strctton,</span> <span class='ocrx_word' id='word_1_148' title='bbox 824 2753 891 2814; x_wconf 81' lang='lat' dir='ltr'>thel</span> <span class='ocrx_word' id='word_1_149' title='bbox 913 2753 948 2814; x_wconf 78' lang='lat' dir='ltr'>he</span> <span class='ocrx_word' id='word_1_150' title='bbox 969 2773 1033 2826; x_wconf 73' lang='lat' dir='ltr'>soce</span> <span class='ocrx_word' id='word_1_151' title='bbox 1054 2753 1203 2815; x_wconf 77' lang='lat' dir='ltr'>ordcined</span> <span class='ocrx_word' id='word_1_152' title='bbox 1225 2761 1256 2815; x_wconf 81' lang='lat' dir='ltr'>to</span> <span class='ocrx_word' id='word_1_153' title='bbox 1277 2754 1426 2816; x_wconf 72' lang='lat' dir='ltr'>Deccon&#39;e</span> <span class='ocrx_word' id='word_1_154' title='bbox 1448 2755 1513 2817; x_wconf 77' lang='lat' dir='ltr'>and</span> 
     </span>
     <span class='ocr_line' id='line_1_19' title="bbox 400 2834 1052 2914; baseline 0 -20"><span class='ocrx_word' id='word_1_155' title='bbox 400 2835 529 2896; x_wconf 62' lang='lat' dir='ltr'>Prtcsi’s</span> <span class='ocrx_word' id='word_1_156' title='bbox 553 2835 663 2896; x_wconf 71' lang='lat' dir='ltr'>Ordcrs</span> <span class='ocrx_word' id='word_1_157' title='bbox 683 2835 722 2914; x_wconf 75' lang='lat' dir='ltr'>hy</span> <span class='ocrx_word' id='word_1_158' title='bbox 743 2835 862 2914; x_wconf 83' lang='lat' dir='ltr'>Bisbop</span> <span class='ocrx_word' id='word_1_159' title='bbox 884 2834 1052 2910; x_wconf 75' lang='lat' dir='ltr'>Swiefield.</span> 
     </span>
    </p>
   </div>
   <div class='ocr_carea' id='block_1_5' title="bbox 271 2991 1515 5174">
    <p class='ocr_par' dir='ltr' id='par_1_5' title="bbox 271 2991 1515 5075">
     <span class='ocr_line' id='line_1_20' title="bbox 358 2991 1514 3065; baseline 0.001 -13"><span class='ocrx_word' id='word_1_160' title='bbox 358 2993 507 3052; x_wconf 82' lang='lat' dir='ltr'>errsss</span> <span class='ocrx_word' id='word_1_161' title='bbox 529 3010 613 3052; x_wconf 80' lang='lat' dir='ltr'>nsrn</span> <span class='ocrx_word' id='word_1_162' title='bbox 636 3009 766 3052; x_wconf 74' lang='lat' dir='ltr'>vicimo</span> <span class='ocrx_word' id='word_1_163' title='bbox 787 3009 831 3051; x_wconf 84' lang='lat' dir='ltr'>nu</span> <span class='ocrx_word' id='word_1_164' title='bbox 854 2991 1276 3063; x_wconf 66' lang='lat' dir='ltr'>erumnose-universis,</span> <span class='ocrx_word' id='word_1_165' title='bbox 1298 2998 1368 3065; x_wconf 78' lang='lat' dir='ltr'>etc,</span> <span class='ocrx_word' id='word_1_166' title='bbox 1401 2991 1514 3065; x_wconf 76' lang='lat' dir='ltr'>Adam,</span> 
     </span>
     <span class='ocr_line' id='line_1_21' title="bbox 277 3096 1515 3177; baseline 0 -16"><span class='ocrx_word' id='word_1_167' title='bbox 277 3107 335 3161; x_wconf 88' lang='lat' dir='ltr'>etc.</span> <span class='ocrx_word' id='word_1_168' title='bbox 380 3098 463 3174; x_wconf 85' lang='lat' dir='ltr'>Quis</span> <span class='ocrx_word' id='word_1_169' title='bbox 475 3097 564 3176; x_wconf 92' lang='lat' dir='ltr'>pium</span> <span class='ocrx_word' id='word_1_170' title='bbox 584 3117 654 3159; x_wconf 89' lang='lat' dir='ltr'>esse</span> <span class='ocrx_word' id='word_1_171' title='bbox 673 3102 705 3158; x_wconf 87' lang='lat' dir='ltr'>ct</span> <span class='ocrx_word' id='word_1_172' title='bbox 724 3097 808 3176; x_wconf 78' lang='lat' dir='ltr'>apud</span> <span class='ocrx_word' id='word_1_173' title='bbox 829 3098 932 3158; x_wconf 92' lang='lat' dir='ltr'>Deum</span> <span class='ocrx_word' id='word_1_174' title='bbox 949 3096 1146 3158; x_wconf 87' lang='lat' dir='ltr'>meritorium</span> <span class='ocrx_word' id='word_1_175' title='bbox 1166 3102 1350 3177; x_wconf 79' lang='lat' dir='ltr'>reputamus</span> <span class='ocrx_word' id='word_1_176' title='bbox 1370 3099 1515 3161; x_wconf 77' lang='lat' dir='ltr'>veritatis</span> 
     </span>
     <span class='ocr_line' id='line_1_22' title="bbox 277 3201 1513 3284; baseline -0.001 -17"><span class='ocrx_word' id='word_1_177' title='bbox 277 3203 497 3267; x_wconf 87' lang='lat' dir='ltr'>testimonium</span> <span class='ocrx_word' id='word_1_178' title='bbox 530 3202 703 3282; x_wconf 88' lang='lat' dir='ltr'>perhibere,</span> <span class='ocrx_word' id='word_1_179' title='bbox 733 3201 932 3263; x_wconf 83' lang='lat' dir='ltr'>universiteti</span> <span class='ocrx_word' id='word_1_180' title='bbox 963 3207 1069 3263; x_wconf 85' lang='lat' dir='ltr'>vestre</span> <span class='ocrx_word' id='word_1_181' title='bbox 1096 3202 1325 3264; x_wconf 74' lang='lat' dir='ltr'>innotescimus</span> <span class='ocrx_word' id='word_1_182' title='bbox 1355 3223 1413 3284; x_wconf 86' lang='lat' dir='ltr'>per</span> <span class='ocrx_word' id='word_1_183' title='bbox 1442 3224 1513 3284; x_wconf 91' lang='lat' dir='ltr'>pre·</span> 
     </span>
     <span class='ocr_line' id='line_1_23' title="bbox 277 3306 1514 3390; baseline -0.001 -18"><span class='ocrx_word' id='word_1_184' title='bbox 277 3317 384 3372; x_wconf 89' lang='lat' dir='ltr'>sentes</span> <span class='ocrx_word' id='word_1_185' title='bbox 419 3309 504 3390; x_wconf 91' lang='lat' dir='ltr'>quod</span> <span class='ocrx_word' id='word_1_186' title='bbox 524 3307 658 3369; x_wconf 90' lang='lat' dir='ltr'>dilectus</span> <span class='ocrx_word' id='word_1_187' title='bbox 678 3307 712 3367; x_wconf 92' lang='lat' dir='ltr'>in</span> <span class='ocrx_word' id='word_1_188' title='bbox 735 3306 863 3368; x_wconf 81' lang='lat' dir='ltr'>Christo</span> <span class='ocrx_word' id='word_1_189' title='bbox 896 3306 981 3368; x_wconf 90' lang='lat' dir='ltr'>filius</span> <span class='ocrx_word' id='word_1_190' title='bbox 1012 3307 1163 3386; x_wconf 72' lang='lat' dir='ltr'>magister</span> <span class='ocrx_word' id='word_1_191' title='bbox 1198 3307 1379 3388; x_wconf 64' lang='lat' dir='ltr'>Stephanus</span> <span class='ocrx_word' id='word_1_192' title='bbox 1408 3309 1447 3371; x_wconf 87' lang='lat' dir='ltr'>de</span> <span class='ocrx_word' id='word_1_193' title='bbox 1481 3311 1514 3371; x_wconf 84' lang='lat' dir='ltr'>lc</span> 
     </span>
     <span class='ocr_line' id='line_1_24' title="bbox 277 3410 1515 3497; baseline 0.002 -19"><span class='ocrx_word' id='word_1_194' title='bbox 277 3417 371 3497; x_wconf 88' lang='lat' dir='ltr'>Hcpe</span> <span class='ocrx_word' id='word_1_195' title='bbox 401 3415 441 3477; x_wconf 89' lang='lat' dir='ltr'>de</span> <span class='ocrx_word' id='word_1_196' title='bbox 470 3410 678 3494; x_wconf 84' lang='lat' dir='ltr'>Lugwsrdyn‚</span> <span class='ocrx_word' id='word_1_197' title='bbox 700 3433 785 3473; x_wconf 91' lang='lat' dir='ltr'>nunc</span> <span class='ocrx_word' id='word_1_198' title='bbox 814 3413 948 3474; x_wconf 77' lang='lat' dir='ltr'>vicarius</span> <span class='ocrx_word' id='word_1_199' title='bbox 971 3413 1103 3475; x_wconf 88' lang='lat' dir='ltr'>ecclesie</span> <span class='ocrx_word' id='word_1_200' title='bbox 1133 3414 1173 3476; x_wconf 92' lang='lat' dir='ltr'>de</span> <span class='ocrx_word' id='word_1_201' title='bbox 1202 3414 1373 3488; x_wconf 79' lang='lat' dir='ltr'>Strettcne,</span> <span class='ocrx_word' id='word_1_202' title='bbox 1402 3422 1515 3480; x_wconf 68' lang='lat' dir='ltr'>nosue</span> 
     </span>
     <span class='ocr_line' id='line_1_25' title="bbox 276 3517 1513 3600; baseline 0.001 -17"><span class='ocrx_word' id='word_1_203' title='bbox 276 3520 421 3591; x_wconf 89' lang='lat' dir='ltr'>diocesis,</span> <span class='ocrx_word' id='word_1_204' title='bbox 451 3539 470 3580; x_wconf 82' lang='lat' dir='ltr'>s</span> <span class='ocrx_word' id='word_1_205' title='bbox 499 3518 579 3581; x_wconf 92' lang='lat' dir='ltr'>bone</span> <span class='ocrx_word' id='word_1_206' title='bbox 608 3518 758 3579; x_wconf 90' lang='lat' dir='ltr'>memorie</span> <span class='ocrx_word' id='word_1_207' title='bbox 778 3518 907 3579; x_wconf 88' lang='lat' dir='ltr'>domino</span> <span class='ocrx_word' id='word_1_208' title='bbox 935 3517 1072 3579; x_wconf 73' lang='lat' dir='ltr'>Ricardo</span> <span class='ocrx_word' id='word_1_209' title='bbox 1093 3539 1196 3598; x_wconf 89' lang='lat' dir='ltr'>nuper</span> <span class='ocrx_word' id='word_1_210' title='bbox 1224 3519 1383 3600; x_wconf 86' lang='lat' dir='ltr'>Episcopo</span> <span class='ocrx_word' id='word_1_211' title='bbox 1411 3521 1513 3584; x_wconf 85' lang='lat' dir='ltr'>Here·</span> 
     </span>
     <span class='ocr_line' id='line_1_26' title="bbox 276 3620 1511 3703; baseline 0.002 -19"><span class='ocrx_word' id='word_1_212' title='bbox 276 3623 425 3694; x_wconf 86' lang='lat' dir='ltr'>iordensi,</span> <span class='ocrx_word' id='word_1_213' title='bbox 446 3627 555 3683; x_wconf 87' lang='lat' dir='ltr'>nostro</span> <span class='ocrx_word' id='word_1_214' title='bbox 582 3621 724 3702; x_wconf 90' lang='lat' dir='ltr'>proximo</span> <span class='ocrx_word' id='word_1_215' title='bbox 754 3620 983 3701; x_wconf 86' lang='lat' dir='ltr'>predecessore,</span> <span class='ocrx_word' id='word_1_216' title='bbox 1016 3621 1049 3680; x_wconf 90' lang='lat' dir='ltr'>in</span> <span class='ocrx_word' id='word_1_217' title='bbox 1070 3621 1202 3682; x_wconf 83' lang='lat' dir='ltr'>ecclesis</span> <span class='ocrx_word' id='word_1_218' title='bbox 1221 3622 1261 3683; x_wconf 90' lang='lat' dir='ltr'>de</span> <span class='ocrx_word' id='word_1_219' title='bbox 1282 3622 1511 3703; x_wconf 82' lang='lat' dir='ltr'>Kensingtone,</span> 
     </span>
     <span class='ocr_line' id='line_1_27' title="bbox 276 3727 1513 3808; baseline 0.002 -16"><span class='ocrx_word' id='word_1_220' title='bbox 276 3729 508 3792; x_wconf 83' lang='lat' dir='ltr'>londoniensis</span> <span class='ocrx_word' id='word_1_221' title='bbox 544 3727 687 3798; x_wconf 89' lang='lat' dir='ltr'>diocesis,</span> <span class='ocrx_word' id='word_1_222' title='bbox 730 3727 781 3788; x_wconf 88' lang='lat' dir='ltr'>die</span> <span class='ocrx_word' id='word_1_223' title='bbox 824 3727 952 3789; x_wconf 84' lang='lat' dir='ltr'>Subbcti</span> <span class='ocrx_word' id='word_1_224' title='bbox 994 3733 1130 3808; x_wconf 76' lang='lat' dir='ltr'>quatuor</span> <span class='ocrx_word' id='word_1_225' title='bbox 1170 3732 1349 3808; x_wconf 88' lang='lat' dir='ltr'>temporum</span> <span class='ocrx_word' id='word_1_226' title='bbox 1392 3731 1513 3794; x_wconf 90' lang='lat' dir='ltr'>mensis</span> 
     </span>
     <span class='ocr_line' id='line_1_28' title="bbox 277 3832 1513 3916; baseline 0.001 -18"><span class='ocrx_word' id='word_1_227' title='bbox 277 3833 481 3916; x_wconf 82' lang='lat' dir='ltr'>Septembris,</span> <span class='ocrx_word' id='word_1_228' title='bbox 512 3853 596 3894; x_wconf 81' lang='lat' dir='ltr'>enno</span> <span class='ocrx_word' id='word_1_229' title='bbox 630 3833 759 3894; x_wconf 92' lang='lat' dir='ltr'>Domini</span> <span class='ocrx_word' id='word_1_230' title='bbox 788 3832 956 3894; x_wconf 92' lang='lat' dir='ltr'>millesimo</span> <span class='ocrx_word' id='word_1_231' title='bbox 991 3833 1082 3895; x_wconf 80' lang='grc' dir='ltr'>000ο</span> <span class='ocrx_word' id='word_1_232' title='bbox 1101 3834 1278 3906; x_wconf 88' lang='lat' dir='ltr'>undecimo,</span> <span class='ocrx_word' id='word_1_233' title='bbox 1307 3836 1346 3896; x_wconf 91' lang='lat' dir='ltr'>de</span> <span class='ocrx_word' id='word_1_234' title='bbox 1379 3835 1513 3899; x_wconf 79' lang='lat' dir='ltr'>licensis</span> 
     </span>
     <span class='ocr_line' id='line_1_29' title="bbox 275 3938 1511 4019; baseline 0 -16"><span class='ocrx_word' id='word_1_235' title='bbox 275 3939 463 4004; x_wconf 73' lang='lat' dir='ltr'>venerabilis</span> <span class='ocrx_word' id='word_1_236' title='bbox 483 3938 543 4000; x_wconf 84' lang='lat' dir='ltr'>riri</span> <span class='ocrx_word' id='word_1_237' title='bbox 573 3938 715 4018; x_wconf 72' lang='lat' dir='ltr'>magistri</span> <span class='ocrx_word' id='word_1_238' title='bbox 744 3938 894 3999; x_wconf 89' lang='lat' dir='ltr'>Willelmi</span> <span class='ocrx_word' id='word_1_239' title='bbox 924 3939 963 4001; x_wconf 93' lang='lat' dir='ltr'>de</span> <span class='ocrx_word' id='word_1_240' title='bbox 985 3939 1081 4019; x_wconf 84' lang='lat' dir='ltr'>Brcy,</span> <span class='ocrx_word' id='word_1_241' title='bbox 1110 3939 1192 4000; x_wconf 89' lang='lat' dir='ltr'>bone</span> <span class='ocrx_word' id='word_1_242' title='bbox 1218 3940 1369 4002; x_wconf 91' lang='lat' dir='ltr'>memorie</span> <span class='ocrx_word' id='word_1_243' title='bbox 1391 3941 1511 4003; x_wconf 91' lang='lat' dir='ltr'>domini</span> 
     </span>
     <span class='ocr_line' id='line_1_30' title="bbox 274 4045 1514 4128; baseline 0.001 -19"><span class='ocrx_word' id='word_1_244' title='bbox 274 4047 443 4128; x_wconf 82' lang='lat' dir='ltr'>Bedulphi,</span> <span class='ocrx_word' id='word_1_245' title='bbox 475 4045 634 4126; x_wconf 80' lang='lat' dir='ltr'>quondum</span> <span class='ocrx_word' id='word_1_246' title='bbox 673 4045 903 4107; x_wconf 89' lang='lat' dir='ltr'>Londoniensis</span> <span class='ocrx_word' id='word_1_247' title='bbox 935 4046 1096 4127; x_wconf 85' lang='lat' dir='ltr'>Episcopi,</span> <span class='ocrx_word' id='word_1_248' title='bbox 1136 4047 1169 4107; x_wconf 92' lang='lat' dir='ltr'>in</span> <span class='ocrx_word' id='word_1_249' title='bbox 1216 4047 1347 4108; x_wconf 90' lang='lat' dir='ltr'>remotis</span> <span class='ocrx_word' id='word_1_250' title='bbox 1388 4049 1514 4128; x_wconf 79' lang='lat' dir='ltr'>egentis</span> 
     </span>
     <span class='ocr_line' id='line_1_31' title="bbox 273 4151 1511 4232; baseline 0.002 -18"><span class='ocrx_word' id='word_1_251' title='bbox 273 4153 380 4216; x_wconf 80' lang='lat' dir='ltr'>ricerii</span> <span class='ocrx_word' id='word_1_252' title='bbox 401 4151 564 4232; x_wconf 70' lang='lat' dir='ltr'>generalis,</span> <span class='ocrx_word' id='word_1_253' title='bbox 584 4151 709 4214; x_wconf 89' lang='lat' dir='ltr'>ordines</span> <span class='ocrx_word' id='word_1_254' title='bbox 730 4151 907 4213; x_wconf 75' lang='lat' dir='ltr'>celebrante</span> <span class='ocrx_word' id='word_1_255' title='bbox 928 4152 960 4212; x_wconf 93' lang='lat' dir='ltr'>in</span> <span class='ocrx_word' id='word_1_256' title='bbox 976 4153 1143 4214; x_wconf 77' lang='lat' dir='ltr'>diaconum</span> <span class='ocrx_word' id='word_1_257' title='bbox 1164 4151 1269 4214; x_wconf 83' lang='lat' dir='ltr'>extitit</span> <span class='ocrx_word' id='word_1_258' title='bbox 1289 4153 1463 4226; x_wconf 74' lang='lat' dir='ltr'>ordinatus,</span> <span class='ocrx_word' id='word_1_259' title='bbox 1477 4160 1511 4217; x_wconf 89' lang='lat' dir='ltr'>et</span> 
     </span>
     <span class='ocr_line' id='line_1_32' title="bbox 272 4258 1510 4345; baseline 0.001 -24"><span class='ocrx_word' id='word_1_260' title='bbox 272 4260 490 4344; x_wconf 88' lang='lat' dir='ltr'>postmodum·</span> <span class='ocrx_word' id='word_1_261' title='bbox 510 4259 621 4345; x_wconf 75' lang='lat' dir='ltr'>epdem</span> <span class='ocrx_word' id='word_1_262' title='bbox 655 4258 706 4320; x_wconf 90' lang='lat' dir='ltr'>die</span> <span class='ocrx_word' id='word_1_263' title='bbox 734 4258 768 4318; x_wconf 92' lang='lat' dir='ltr'>in</span> <span class='ocrx_word' id='word_1_264' title='bbox 802 4258 918 4320; x_wconf 77' lang='lat' dir='ltr'>viceris</span> <span class='ocrx_word' id='word_1_265' title='bbox 949 4278 1008 4319; x_wconf 85' lang='lat' dir='ltr'>sus</span> <span class='ocrx_word' id='word_1_266' title='bbox 1030 4258 1173 4338; x_wconf 75' lang='lat' dir='ltr'>predicte</span> <span class='ocrx_word' id='word_1_267' title='bbox 1207 4279 1226 4319; x_wconf 82' lang='lat' dir='ltr'>c</span> <span class='ocrx_word' id='word_1_268' title='bbox 1258 4259 1401 4339; x_wconf 86' lang='lat' dir='ltr'>predicto</span> <span class='ocrx_word' id='word_1_269' title='bbox 1439 4280 1510 4341; x_wconf 73' lang='lat' dir='ltr'>pre</span> 
     </span>
     <span class='ocr_line' id='line_1_33' title="bbox 272 4361 1512 4443; baseline -0.002 -16"><span class='ocrx_word' id='word_1_270' title='bbox 272 4365 437 4427; x_wconf 85' lang='lat' dir='ltr'>decessore</span> <span class='ocrx_word' id='word_1_271' title='bbox 483 4367 593 4423; x_wconf 90' lang='lat' dir='ltr'>nostro</span> <span class='ocrx_word' id='word_1_272' title='bbox 640 4361 790 4423; x_wconf 75' lang='lat' dir='ltr'>canonice</span> <span class='ocrx_word' id='word_1_273' title='bbox 837 4361 1013 4423; x_wconf 89' lang='lat' dir='ltr'>institutus.</span> <span class='ocrx_word' id='word_1_274' title='bbox 1075 4361 1167 4423; x_wconf 84' lang='lat' dir='ltr'>idem</span> <span class='ocrx_word' id='word_1_275' title='bbox 1210 4362 1310 4423; x_wconf 83' lang='lat' dir='ltr'>eciem</span> <span class='ocrx_word' id='word_1_276' title='bbox 1360 4364 1512 4443; x_wconf 74' lang='lat' dir='ltr'>magister</span> 
     </span>
     <span class='ocr_line' id='line_1_34' title="bbox 275 4466 1510 4549; baseline 0 -17"><span class='ocrx_word' id='word_1_277' title='bbox 275 4469 466 4549; x_wconf 68' lang='lat' dir='ltr'>Stephanus,</span> <span class='ocrx_word' id='word_1_278' title='bbox 507 4466 557 4528; x_wconf 87' lang='lat' dir='ltr'>die</span> <span class='ocrx_word' id='word_1_279' title='bbox 600 4466 728 4529; x_wconf 80' lang='lat' dir='ltr'>Subbeti</span> <span class='ocrx_word' id='word_1_280' title='bbox 770 4473 905 4546; x_wconf 74' lang='lat' dir='ltr'>quatuor</span> <span class='ocrx_word' id='word_1_281' title='bbox 943 4472 1123 4546; x_wconf 89' lang='lat' dir='ltr'>temporum</span> <span class='ocrx_word' id='word_1_282' title='bbox 1164 4467 1283 4528; x_wconf 87' lang='lat' dir='ltr'>mensis</span> <span class='ocrx_word' id='word_1_283' title='bbox 1325 4467 1510 4532; x_wconf 88' lang='lat' dir='ltr'>Decembris</span> 
     </span>
     <span class='ocr_line' id='line_1_35' title="bbox 272 4571 1511 4654; baseline 0.001 -19"><span class='ocrx_word' id='word_1_284' title='bbox 272 4575 415 4654; x_wconf 85' lang='lat' dir='ltr'>proximo</span> <span class='ocrx_word' id='word_1_285' title='bbox 450 4572 670 4652; x_wconf 83' lang='lat' dir='ltr'>subsequente,</span> <span class='ocrx_word' id='word_1_286' title='bbox 706 4571 745 4632; x_wconf 85' lang='lat' dir='ltr'>cb</span> <span class='ocrx_word' id='word_1_287' title='bbox 787 4573 897 4632; x_wconf 89' lang='lat' dir='ltr'>ecdem</span> <span class='ocrx_word' id='word_1_288' title='bbox 931 4573 1152 4652; x_wconf 86' lang='lat' dir='ltr'>predecessore</span> <span class='ocrx_word' id='word_1_289' title='bbox 1192 4577 1302 4634; x_wconf 84' lang='lat' dir='ltr'>nostro</span> <span class='ocrx_word' id='word_1_290' title='bbox 1333 4573 1367 4633; x_wconf 94' lang='lat' dir='ltr'>in</span> <span class='ocrx_word' id='word_1_291' title='bbox 1399 4580 1511 4636; x_wconf 80' lang='lat' dir='ltr'>nostre</span> 
     </span>
     <span class='ocr_line' id='line_1_36' title="bbox 272 4677 1509 4760; baseline -0.001 -19"><span class='ocrx_word' id='word_1_292' title='bbox 272 4680 384 4760; x_wconf 74' lang='lat' dir='ltr'>majori</span> <span class='ocrx_word' id='word_1_293' title='bbox 406 4677 538 4740; x_wconf 81' lang='lat' dir='ltr'>ecclesis</span> <span class='ocrx_word' id='word_1_294' title='bbox 558 4677 783 4739; x_wconf 88' lang='lat' dir='ltr'>Hereiordensi</span> <span class='ocrx_word' id='word_1_295' title='bbox 804 4677 929 4740; x_wconf 88' lang='lat' dir='ltr'>ordines</span> <span class='ocrx_word' id='word_1_296' title='bbox 952 4677 1130 4740; x_wconf 73' lang='lat' dir='ltr'>celebrante</span> <span class='ocrx_word' id='word_1_297' title='bbox 1150 4679 1190 4739; x_wconf 86' lang='lat' dir='ltr'>sd</span> <span class='ocrx_word' id='word_1_298' title='bbox 1218 4679 1361 4741; x_wconf 89' lang='lat' dir='ltr'>ordinem</span> <span class='ocrx_word' id='word_1_299' title='bbox 1381 4680 1509 4760; x_wconf 83' lang='lat' dir='ltr'>presby-</span> 
     </span>
     <span class='ocr_line' id='line_1_37' title="bbox 272 4781 1508 4866; baseline -0.001 -18"><span class='ocrx_word' id='word_1_300' title='bbox 272 4791 394 4848; x_wconf 71' lang='lat' dir='ltr'>teratus</span> <span class='ocrx_word' id='word_1_301' title='bbox 415 4788 578 4864; x_wconf 90' lang='lat' dir='ltr'>promotus</span> <span class='ocrx_word' id='word_1_302' title='bbox 599 4781 713 4854; x_wconf 83' lang='lat' dir='ltr'>extitit,</span> <span class='ocrx_word' id='word_1_303' title='bbox 734 4789 828 4863; x_wconf 90' lang='lat' dir='ltr'>prout</span> <span class='ocrx_word' id='word_1_304' title='bbox 859 4803 896 4844; x_wconf 79' lang='lat' dir='ltr'>er</span> <span class='ocrx_word' id='word_1_305' title='bbox 927 4784 1111 4845; x_wconf 89' lang='lat' dir='ltr'>testimonio</span> <span class='ocrx_word' id='word_1_306' title='bbox 1142 4785 1321 4864; x_wconf 74' lang='lat' dir='ltr'>accepimus</span> <span class='ocrx_word' id='word_1_307' title='bbox 1342 4785 1508 4866; x_wconf 81' lang='lat' dir='ltr'>fidedigno.</span> 
     </span>
     <span class='ocr_line' id='line_1_38' title="bbox 271 4889 1508 4971; baseline 0.002 -17"><span class='ocrx_word' id='word_1_308' title='bbox 271 4893 312 4954; x_wconf 92' lang='lat' dir='ltr'>In</span> <span class='ocrx_word' id='word_1_309' title='bbox 333 4891 425 4971; x_wconf 86' lang='lat' dir='ltr'>cujus</span> <span class='ocrx_word' id='word_1_310' title='bbox 445 4890 502 4960; x_wconf 94' lang='lat' dir='ltr'>rei,</span> <span class='ocrx_word' id='word_1_311' title='bbox 517 4895 576 4950; x_wconf 88' lang='lat' dir='ltr'>eto.</span> <span class='ocrx_word' id='word_1_312' title='bbox 618 4889 738 4950; x_wconf 81' lang='lat' dir='ltr'>Dstum</span> <span class='ocrx_word' id='word_1_313' title='bbox 759 4890 842 4970; x_wconf 84' lang='lat' dir='ltr'>spud</span> <span class='ocrx_word' id='word_1_314' title='bbox 865 4889 1005 4971; x_wconf 80' lang='lat' dir='ltr'>Sugwes,</span> <span class='ocrx_word' id='word_1_315' title='bbox 1020 4891 1120 4971; x_wconf 83' lang='lat' dir='ltr'>xxiiij⁰</span> <span class='ocrx_word' id='word_1_316' title='bbox 1140 4891 1191 4953; x_wconf 89' lang='lat' dir='ltr'>die</span> <span class='ocrx_word' id='word_1_317' title='bbox 1212 4892 1331 4954; x_wconf 85' lang='lat' dir='ltr'>mensis</span> <span class='ocrx_word' id='word_1_318' title='bbox 1352 4891 1508 4967; x_wconf 88' lang='lat' dir='ltr'>Octobris,</span> 
     </span>
     <span class='ocr_line' id='line_1_39' title="bbox 272 4993 837 5075; baseline -0.005 -16"><span class='ocrx_word' id='word_1_319' title='bbox 272 5017 356 5060; x_wconf 81' lang='lat' dir='ltr'>enno</span> <span class='ocrx_word' id='word_1_320' title='bbox 377 4994 510 5058; x_wconf 90' lang='lat' dir='ltr'>Domini</span> <span class='ocrx_word' id='word_1_321' title='bbox 531 4993 755 5075; x_wconf 51' lang='lat' dir='ltr'>Muccurum</span> <span class='ocrx_word' id='word_1_322' title='bbox 778 5000 837 5057; x_wconf 90' lang='lat' dir='ltr'>etc.</span> 
     </span>
    </p>

    <p class='ocr_par' dir='ltr' id='par_1_6' title="bbox 791 5130 988 5174">
     <span class='ocr_line' id='line_1_40' title="bbox 791 5130 988 5174; baseline 0.02 -4"><span class='ocrx_word' id='word_1_323' title='bbox 791 5130 988 5174; x_wconf 67' lang='lat' dir='ltr'>e-Farmutoclc</span> 
     </span>
    </p>
   </div>
   <div class='ocr_carea' id='block_1_6' title="bbox 0 0 1930 5917">
    <p class='ocr_par' dir='ltr' id='par_1_7' title="bbox 0 0 1930 5917">
     <span class='ocr_line' id='line_1_41' title="bbox 0 0 1930 5917; baseline 0 3"><span class='ocrx_word' id='word_1_324' title='bbox 0 0 1930 5917; x_wconf 95' lang='lat' dir='ltr'> </span> 
     </span>
    </p>
   </div>
  </div>
 </body>
</html>
