3850 5917
680 700 831 782 Episcopi
857 702 1101 782 Hcrcfordcasis.
1449 705 1508 766 135

121 929 168 968 M>-
181 929 233 969 Μ
273 924 412 985 sonalem
441 925 657 997 residenciam,
688 925 777 1006 juxta
808 932 950 990 tenorem
979 929 1218 991 constituciouis
1250 928 1331 991 bone
1360 931 1510 991 memorie

273 1030 391 1092 domini
423 1031 585 1104 Ottoboni,
621 1036 698 1093 tunc
731 1032 765 1092 in
799 1033 862 1094 illis
889 1033 1031 1113 partibus
1067 1035 1246 1114 Apostolice
1275 1035 1365 1096 Sedis
1402 1034 1506 1114 legati,

272 1155 366 1216 super
379 1135 554 1198 residencia
571 1137 758 1198 vicariorum
778 1138 903 1217 publice
922 1139 1005 1200 edite
1028 1145 1060 1200 et
1078 1140 1284 1220 promulgate.
1327 1139 1417 1202 Idem
1433 1159 1508 1201 vero

271 1240 431 1302 Walterus
452 1246 488 1301 ut
514 1247 644 1321 peccata
671 1262 729 1304 sua
752 1243 963 1317 confiteretur,
985 1265 1046 1325 quc
1067 1246 1135 1307 sine
1161 1246 1299 1307 remedio
1328 1247 1508 1326 Apostolice

272 1345 363 1408 Sedis
383 1346 500 1408 aboleri
527 1366 591 1408 non
615 1352 771 1427 poterant,
797 1369 834 1410 ac
861 1369 957 1410 causa
978 1349 1157 1412 devocionis
1185 1355 1217 1412 et
1244 1349 1509 1431 peregrinacionis

271 1451 339 1512 sine
357 1451 490 1512 licencia
502 1457 607 1513 vestra
628 1453 668 1512 ed
688 1454 822 1515 eandem
843 1455 957 1516 Sedem
977 1456 1119 1527 accessit,
1133 1460 1262 1536 propter
1281 1455 1367 1536 quod
1385 1460 1509 1516 reatum

271 1557 400 1637 perjurii
428 1557 521 1619 timot
548 1558 727 1621 incurrisse.
791 1560 892 1640 Super
918 1581 981 1641 quo
1009 1561 1198 1641 supplicavit
1225 1561 1316 1624 nobis
1347 1561 1511 1624 humiliter

270 1662 331 1724 sibi
351 1682 408 1742 per
430 1663 533 1743 ipsam
554 1664 667 1726 Sedem
686 1665 726 1726 de
746 1671 903 1745 oportuno
921 1667 1060 1727 remedio
1080 1666 1323 1728 misericorditer
1341 1666 1507 1746 provideri.

270 1769 339 1830 Nos
363 1769 459 1849 igitur
483 1770 670 1832 auctoritate
693 1771 812 1833 domini
834 1772 929 1851 Papo,
953 1773 1044 1851 cujus
1067 1773 1106 1832 ad
1130 1792 1260 1851 presens
1281 1771 1508 1852 penitenciarie

269 1895 379 1937 curam
403 1875 550 1955 gerimus,
573 1875 677 1955 ipsum
700 1876 740 1937 ab
761 1877 943 1956 hujusmodi
966 1882 1056 1938 reatu
1074 1877 1204 1956 perjurii
1232 1877 1272 1938 ad
1295 1897 1352 1938 vos
1374 1876 1508 1938 remitti-

269 2002 342 2042 mus
363 1981 551 2042 absolutnm.
594 1982 799 2043 Providencie
818 1987 923 2043 vestre
943 1983 1132 2044 auctoritaie
1150 1982 1260 2043 eadem
1279 1982 1509 2044 committimus

268 2089 420 2169 quatinus
457 2087 655 2150 considerata
689 2087 789 2167 ipsius
826 2088 920 2167 culpa
960 2087 1134 2167 injungatis
1175 2087 1277 2149 eidem
1320 2087 1508 2148 auctoritate

267 2195 412 2276 predicta
448 2193 658 2273 penitenciam
691 2194 870 2265 salutarem,
913 2193 1039 2272 proviso
1073 2193 1157 2273 quod
1194 2193 1234 2254 ad
1271 2191 1508 2254 observanciam

267 2299 402 2380 predicti
428 2299 599 2377 juramenti
627 2300 743 2371 redeat,
775 2304 811 2360 ut
842 2305 977 2361 tenetur.
1034 2300 1154 2360 Datum
1175 2298 1329 2362 Avinione
1353 2299 1389 2379 ij⁰
1423 2300 1507 2362 Non.

267 2406 367 2468 Junii.

268 2661 346 2739 Jcly
375 2659 570 2721 30.—Lcttcr
597 2661 632 2739 os
663 2659 713 2720 tho
739 2659 931 2739 Archbislrop
958 2660 995 2740 os
1027 2660 1217 2738 cociacum
1247 2667 1276 2721 to
1305 2661 1354 2722 ihc
1384 2661 1506 2740 Official

390 2742 426 2820 of
445 2741 636 2819 caccoory
656 2741 720 2801 and
741 2741 791 2801 tho
810 2741 900 2801 Decor
919 2741 955 2819 of
972 2741 1095 2812 Arctos,
1111 2741 1295 2820 sorbiddo'nq
1316 2742 1366 2802 tte
1386 2761 1503 2821 ecquos·

393 2821 509 2882 trction
532 2821 567 2902 os
589 2821 638 2882 tho
661 2821 801 2901 bcrcficcs
825 2822 861 2901 of
881 2822 996 2883 auctora
1021 2821 1057 2883 ic
1081 2822 1130 2883 the
1156 2822 1259 2884 court.

351 2991 547 3050 Paoms1c1o
582 2990 1117 3064 sacuasrascrounu.—Walterus,
1162 2992 1369 3073 permissione
1400 2993 1507 3056 divina

267 3096 506 3158 cantuariensis
548 3096 820 3177 Archiepiscopus,
859 3098 957 3158 totius
997 3098 1108 3179 Anglie
1144 3099 1270 3178 primas,
1308 3098 1430 3161 dilectis
1471 3100 1506 3160 in

267 3204 397 3266 christo
418 3202 499 3275 filiis,
521 3202 653 3264 Officiali
674 3208 781 3264 nostre
802 3202 895 3265 curie
917 3203 1163 3276 cantuariensis,
1178 3223 1215 3265 ac
1234 3203 1353 3265 decano
1375 3205 1506 3268 ecclesie

266 3312 360 3373 beate
388 3309 489 3370 Mario
536 3309 575 3370 de
618 3309 769 3382 Arcubus,
812 3309 1057 3382 Londoniarum,
1101 3311 1245 3382 salutem,
1290 3316 1349 3372 etc.
1416 3312 1507 3373 Licet

265 3417 454 3497 jamdudum
487 3415 615 3477 curiam
656 3421 798 3476 nostram
841 3415 1101 3477 cantuariensem
1150 3415 1315 3477 visitantes
1353 3417 1506 3478 nonnulla

265 3521 464 3584 correccione
485 3521 580 3600 digna
599 3519 812 3582 invenerimus
836 3520 869 3579 in
897 3519 1016 3592 eadem,
1049 3540 1068 3580 a
1095 3524 1237 3600 tempore
1264 3526 1371 3581 temen
1399 3521 1505 3583 visita-

265 3628 367 3689 cionis
401 3627 544 3707 ejusdem
576 3625 681 3686 arduis
717 3631 749 3686 et
777 3625 1009 3686 inevitabilibus
1037 3625 1167 3687 ecclesie
1202 3646 1238 3687 ac
1270 3626 1357 3706 regni
1393 3626 1505 3706 Anglie

265 3734 406 3816 negociis
442 3732 591 3793 continue
625 3732 788 3811 prepediti,
827 3731 1015 3793 correocioni
1044 3732 1215 3793 eorundem
1239 3731 1401 3793 intendere
1439 3753 1505 3794 non

265 3840 424 3902 valuimus
445 3859 504 3899 nec
532 3837 682 3910 valemus,
703 3843 740 3898 ut
760 3843 907 3917 optamus
930 3839 963 3896 in
992 3837 1140 3917 presenti,
1163 3838 1372 3917 occupacione
1392 3839 1503 3900 eadem

265 3952 301 4008 ut
322 3951 418 4007 antea
445 3944 492 4006 sic
514 3944 643 4005 detenti.
685 3944 803 4004 Verum
828 3943 1044 4023 frequentibus
1070 3948 1143 4023 post
1164 3943 1337 4023 predictam
1362 3949 1505 4005 nostram

264 4051 484 4113 visitacionem
508 4049 771 4130 conquerencium
800 4049 989 4110 clamoribus
1021 4050 1156 4120 excitati,
1188 4049 1348 4110 fructuum
1377 4071 1504 4131 seques·

264 4157 432 4227 traciones,
464 4174 525 4234 que
553 4153 587 4212 in
609 4153 768 4216 beneficiis
793 4154 1023 4225 ecclesiasticis,
1054 4155 1093 4216 de
1115 4154 1228 4235 quibus
1258 4155 1290 4214 in
1315 4155 1385 4235 ipsa
1409 4155 1504 4218 Curia

264 4263 370 4342 agitur
396 4260 480 4321 inter
506 4263 612 4339 partes
639 4259 673 4318 in
701 4260 813 4332 causis,
836 4259 949 4340 quibus
971 4265 1082 4320 contra
1109 4261 1226 4339 jurium
1254 4260 1503 4340 prohibicionem

265 4373 297 4428 et
316 4368 389 4448 jura
409 4365 604 4445 litigancium
633 4370 751 4426 temere
775 4369 1015 4445 attemptentur,
1044 4366 1121 4427 dum
1151 4365 1271 4427 fructus
1299 4366 1442 4428 beneficii
1463 4369 1503 4430 de

264 4493 327 4553 quo
363 4471 564 4532 contenditur
594 4471 677 4531 inter
707 4475 821 4550 partes,
851 4471 983 4532 articulo
1014 4491 1109 4551 super
1136 4471 1309 4533 defectibus
1337 4471 1370 4531 in
1398 4473 1503 4554 aliqua

264 4581 355 4656 parte
379 4575 478 4655 ipsius
501 4575 645 4637 beneficii
669 4577 810 4656 repertis,
834 4598 891 4639 seu
912 4577 1139 4658 dilapidacione
1165 4579 1333 4653 fructuum,
1358 4587 1503 4660 porrecto

264 4686 298 4743 et
329 4680 507 4761 aliqualiter
539 4681 680 4760 probato,
715 4681 836 4744 tructus
870 4688 902 4743 et
936 4691 1109 4763 proventus
1143 4685 1242 4764 ipsius
1277 4684 1420 4747 beneficii
1455 4707 1502 4748 se-

265 4791 478 4867 questrantur,
500 4784 593 4848 curie
605 4787 745 4866 predicte
765 4788 997 4867 presidentibus
1022 4790 1161 4850 totaliter
1185 4791 1370 4871 applicandi,
1393 4796 1425 4853 et
1445 4812 1503 4873 per

265 4893 431 4954 officialem
452 4892 545 4953 cnrie
561 4893 708 4954 custodes
728 4894 834 4955 taliter
850 4896 1042 4974 deputantur
1058 4896 1210 4975 ejusdem,
1233 4898 1316 4977 quod
1338 4917 1502 4977 possessor

266 4997 410 5060 beneficii
431 5018 505 5059 reus
525 4998 653 5079 quidem
677 5005 900 5080 contraquam
919 4999 1023 5080 agitur
1041 5020 1155 5062 manus
1177 5001 1217 5061 ed
1238 5001 1323 5081 ipsos
1343 5021 1500 5081 apponere

266 5123 333 5165 non
367 5103 503 5166 audebit.
572 5103 622 5163 Ex
659 5124 721 5184 quo
759 5124 986 5186 nonnunquam
1024 5105 1188 5186 contingit,
1224 5111 1258 5167 et
1297 5107 1499 5185 contingebat
