3850 5917
240 922 299 963 Μ).
313 923 369 963 1³²1.

325 2144 364 2262 >7

258 2375 310 2418 rol.
321 2374 370 2417 stt).

411 692 471 754 198
783 691 964 772 Regietrrme
989 691 1056 753 Ado
1081 691 1119 752 de
1148 691 1271 753 Orlctcre

411 917 573 979 voluntate
594 922 703 979 nostru
726 938 890 999 quousque
912 917 1003 980 nobis
1024 918 1064 979 de
1084 921 1152 978 tota
1172 915 1305 997 pecunia
1326 936 1387 997 que
1407 936 1426 976 a
1445 920 1530 976 retro
1551 913 1644 977 luerit

412 1025 552 1104 plenarie
573 1025 667 1087 luerit
687 1025 895 1086 satisfactum.
937 1024 978 1084 In
1003 1025 1094 1102 cujus
1122 1023 1168 1085 rei
1189 1022 1406 1084 testimonium
1434 1021 1508 1081 huic
1528 1020 1644 1100 scripto

410 1129 451 1191 ad
491 1130 621 1191 modum
661 1131 804 1212 cirogrufi
849 1129 1002 1201 coniecto,
1042 1129 1125 1210 parti
1167 1127 1342 1190 remanenti
1379 1147 1477 1208 penes
1524 1126 1643 1186 dictum

412 1235 616 1309 Willelmum,
645 1237 781 1318 sigillum
806 1242 951 1298 nostrum
975 1242 1025 1298 est
1048 1256 1233 1317 appensum.
1275 1235 1319 1296 Et
1343 1234 1446 1296 dietus
1466 1231 1644 1293 Willelmus

413 1342 496 1421 parti
524 1342 700 1404 remanenti
723 1363 821 1423 penes
852 1364 911 1404 nos
939 1342 1076 1424 sigillum
1102 1362 1195 1404 suum
1223 1340 1377 1422 apposuit.
1420 1341 1539 1400 Datum
1561 1337 1644 1418 apud

410 1447 649 1528 Whytebournc
686 1448 737 1510 die
775 1448 889 1510 Martis
925 1448 960 1508 in
998 1447 1079 1510 festo
1117 1446 1347 1508 Translaoionis
1383 1445 1490 1508 Sancti
1525 1443 1643 1506 Thomu

412 1553 559 1626 martiris,
585 1575 668 1616 anuo
696 1555 784 1635 regni
804 1554 886 1634 regis
913 1555 962 1627 E,
985 1553 1041 1614 filii
1068 1553 1150 1634 regie
1171 1551 1328 1625 Edwardi,
1352 1561 1404 1614 xv⁰
1424 1551 1602 1632 incipiente.

413 1789 490 1868 Jaly
511 1789 668 1863 29‚—Tlre
687 1788 807 1868 Birhop
820 1789 856 1868 of
871 1787 1007 1849 Liocolo
1020 1787 1227 1850 ammissione
1243 1786 1291 1846 tlte
1309 1785 1428 1866 Bishcp
1441 1786 1477 1865 of
1493 1784 1644 1864 Hereford

536 1877 565 1930 to
579 1878 629 1931 oct
644 1871 699 1950 sor
720 1869 785 1929 him
805 1868 841 1928 io
856 1868 904 1929 the
917 1875 1029 1929 orotter
1041 1869 1077 1946 os
1093 1888 1136 1928 ou
1149 1868 1298 1945 ecchouge
1312 1868 1347 1947 of
1364 1866 1502 1945 bereefieec
1518 1865 1645 1926 between

536 1949 667 2011 Thomas
695 1949 732 2010 de
768 1950 891 2020 Wertoo,
920 1948 1093 2010 Portioue'st
1116 1949 1152 2029 of
1175 1947 1321 2027 Borsord,
1349 1947 1412 2008 ond
1439 1946 1581 2007 Richord
1608 1946 1645 2006 de

534 2032 722 2101 Aldouertre
743 2030 855 2091 Rector
872 2031 908 2108 os
924 2029 1051 2090 Adwett.
1092 2030 1118 2089 A
1141 2028 1265 2089 similer
1286 2027 1487 2088 Commiseion
1507 2027 1535 2088 is
1556 2027 1646 2104 piceo

529 2113 584 2192 sor
604 2132 646 2172 ao
666 2111 816 2190 euchaope
837 2110 965 2172 between
986 2111 1035 2172 the
1055 2109 1181 2171 Rectors
1201 2111 1237 2190 of
1260 2109 1381 2170 Moccee
1403 2108 1466 2169 aod
1494 2109 1643 2169 Bourtou-

533 2169 766 2294 ey-Bfampoa.

494 2348 676 2411 Oouurssro
699 2367 801 2409 roera
830 2366 957 2409 uouruo
988 2347 1250 2408 Haaaroauurrsr
1280 2364 1344 2406 aaa
1374 2346 1644 2409 Lrucouumusau

411 2472 475 2516 rao
495 2471 748 2515 ruamurrcroua
770 2471 929 2514 accursra
950 2471 994 2512 na
1017 2451 1192 2524 Auawanu,
1222 2453 1486 2523 errconurrrrrsrs,
1508 2469 1550 2510 ar
1571 2469 1644 2512 rou·

411 2577 518 2622 oroma
539 2560 656 2620 Teroua
677 2577 722 2619 na
743 2559 911 2620 Waerorra
939 2577 973 2618 m
995 2576 1152 2618 accirem
1173 2576 1216 2617 ua
1238 2558 1424 2629 Boearoau,
1447 2558 1643 2618 Heauroan·

412 2686 505 2729 euers
526 2666 903 2728 moenere—Venerabili
923 2666 957 2726 in
979 2666 1106 2728 Christo
1124 2665 1215 2746 patri,
1238 2665 1364 2726 domiuo
1386 2665 1461 2736 Ado,
1477 2665 1643 2736 Henricue,

414 2772 645 2835 [incolniensis
669 2773 856 2852 Episcopus,
880 2771 1025 2844 salutem,
1050 2777 1109 2833 etc.
1165 2771 1245 2833 Cum
1266 2771 1403 2832 Thomas
1424 2770 1463 2831 de
1483 2771 1643 2842 Westcne,

411 2882 530 2942 Rectcr
542 2878 700 2960 porcionis
717 2878 848 2939 ecclesie
862 2878 902 2939 de
915 2878 1096 2948 Borelorde,
1111 2881 1215 2938 vestre
1236 2876 1378 2946 diocesis,
1393 2881 1425 2937 et
1439 2875 1593 2937 Rioerdus
1606 2877 1646 2937 de

412 2987 608 3057 Aldonestre,
632 2985 749 3046 Rectcr
769 2983 900 3046 ecclesie
918 2983 958 3044 de
979 2982 1154 3056 Aldewelle,
1176 2988 1283 3045 nostre
1304 2982 1446 3053 diocesis,
1467 2986 1645 3062 proponent

412 3092 498 3154 dicta
522 3111 580 3153 sua
601 3088 752 3152 beneficia
772 3089 856 3150 inter
875 3109 910 3150 se
932 3108 970 3149 ex
992 3088 1094 3150 causis
1115 3087 1263 3168 legitimis
1284 3091 1403 3158 mutuo,
1424 3091 1461 3148 ut
1485 3086 1643 3159 asseritur,

411 3202 600 3280 permutem,
638 3196 714 3257 dum
756 3201 863 3256 tumen
904 3212 1053 3256 assensus
1089 3199 1121 3255 et
1158 3193 1328 3254 auctoritas
1366 3212 1474 3254 eorum
1512 3212 1644 3273 quorum

412 3305 545 3366 interest
577 3301 803 3363 intervenerint
847 3301 881 3360 iu
918 3300 979 3361 hao
1012 3305 1110 3380 parte,
1154 3319 1221 3372 nos,
1257 3299 1452 3380 quorundam
1490 3297 1645 3360 instancia

411 3409 564 3491 requisiti,
600 3407 783 3488 paternitati
816 3411 921 3468 vestre
957 3405 1135 3477 reverende,
1175 3404 1213 3466 de
1249 3425 1311 3486 qua
1343 3404 1470 3484 plenam
1507 3403 1645 3484 gerimus

411 3516 569 3586 fiduciam,
602 3514 642 3574 ed
672 3512 893 3593 inquirendum
921 3512 960 3574 de
992 3511 1096 3572 causis
1123 3509 1367 3590 permutacionis
1395 3508 1584 3588 hujusmodi,
1608 3513 1645 3570 ut

411 3620 592 3700 predicitur,
610 3618 761 3689 faciende,
779 3617 1032 3688 examinandum,
1050 3621 1082 3678 et
1101 3616 1251 3678 canonice
1266 3614 1493 3695 acceptandum
1508 3615 1643 3688 easdem,

412 3745 450 3786 ac
469 3723 737 3804 permutacionem
761 3722 943 3801 hujusmodi
967 3723 1152 3794 laciendum,
1174 3726 1329 3802 quatenus
1353 3721 1392 3780 ed
1416 3740 1474 3781 nos
1498 3720 1643 3799 pertinet,

412 3831 502 3911 juxta
529 3827 712 3890 sancciones
739 3828 906 3890 canonicus
933 3828 1178 3908 approbandam,
1206 3831 1238 3888 et
1262 3827 1296 3886 iu
1321 3846 1359 3887 eo
1382 3831 1497 3887 eventu
1525 3826 1552 3886 si
1575 3847 1643 3906 per-

413 3935 602 3997 mutacionis
616 3954 728 3996 ouusas
740 3934 898 4014 predictas
912 3935 1064 3996 duxeritis
1080 3933 1306 4014 approbandas,
1321 3932 1477 4012 prelatum
1491 3932 1644 3994 Thomam

412 4041 452 4103 de
472 4042 625 4102 Westcne
656 4040 697 4100 ad
728 4040 845 4101 dictam
876 4040 1041 4101 ecclesiam
1073 4041 1112 4101 de
1133 4038 1279 4111 Adewell,
1301 4042 1408 4100 nostre
1434 4038 1577 4110 diocesis,
1604 4039 1644 4099 ad

413 4147 685 4227 presentacionem
705 4147 831 4227 patroni
852 4147 961 4226 ipsius,
982 4151 1109 4226 recepta
1128 4146 1216 4226 prius
1236 4165 1294 4225 pro
1320 4145 1411 4206 nobie
1431 4145 1645 4225 resignacioue

412 4254 557 4315 Rectoris
578 4253 719 4333 ejusdem
743 4252 902 4324 canonica,
927 4252 955 4314 si
979 4252 1068 4314 vobis
1092 4251 1197 4312 oblata
1221 4250 1323 4323 luerit,
1349 4249 1588 4323 admittendum,
1612 4255 1645 4312 et

412 4360 580 4420 Rectorem
598 4359 748 4420 canonice
765 4358 994 4419 instituendum
1012 4358 1045 4417 iu
1062 4378 1108 4429 ea,
1123 4356 1289 4418 reservatis
1306 4354 1396 4416 uobis
1413 4354 1511 4435 ipsius
1525 4355 1645 4417 Thomu

413 4465 454 4526 de
467 4465 620 4526 Westcne
633 4463 815 4525 obediencia
828 4464 987 4536 canonica,
1003 4470 1035 4526 et
1049 4463 1234 4524 induooione
1250 4461 1391 4541 ejusdem
1406 4460 1438 4520 in
1453 4460 1645 4540 corporalem

412 4571 647 4651 possessionem
672 4570 756 4630 dicte
790 4569 920 4630 ecclesie
948 4570 987 4630 de
1022 4568 1180 4640 Aldwelle,
1208 4571 1302 4648 prout
1329 4566 1368 4628 de
1398 4565 1466 4645 jure
1494 4565 1644 4636 lecieuda,

413 4677 499 4738 moes
526 4682 651 4738 nostras
686 4675 914 4737 committimus
947 4694 1005 4754 per
1035 4677 1197 4756 presentes
1209 4692 1216 4745 ;
1255 4677 1401 4752 rogantes
1425 4675 1580 4750 quetenus
1607 4671 1646 4733 de

414 4803 564 4863 processu
584 4788 689 4844 vestro
711 4782 744 4842 in
772 4781 832 4841 hac
856 4785 946 4861 parte
970 4780 1114 4842 habendo
1135 4799 1193 4840 nos
1213 4797 1270 4858 per
1290 4777 1409 4837 dictum
1434 4775 1586 4836 Thomam
1608 4776 1647 4838 de

415 4889 568 4951 Westcne
597 4888 701 4950 velitis
728 4907 785 4968 per
821 4887 944 4948 litteras
980 4891 1103 4948 vestras
1129 4889 1275 4966 patentes
1303 4882 1415 4942 harum
1446 4885 1478 4942 et
1505 4881 1646 4961 ejusdem

416 5015 583 5074 processus
603 4995 699 5056 vestri
727 4993 840 5054 seriem
861 4991 1061 5054 continentes
1081 4991 1209 5053 reddere
1230 4987 1387 5050 certiores.
1429 4985 1469 5045 In
1492 4987 1645 5066 prosperi·

416 5105 483 5164 tate
504 5102 626 5162 diutina
646 5105 679 5162 et
698 5100 805 5162 votiva
828 5099 931 5179 vigeat
953 5098 1042 5160 vobis
1066 5097 1160 5160 sulus.
1202 5095 1321 5156 Datum
1346 5092 1430 5172 apud
1452 5091 1647 5155 Newentone
