3850 5917
681 687 832 770 Episcopi
858 687 1102 769 Heresordensr'c.
1449 687 1509 748 199

115 922 233 964 ›av-¹³2¹·
272 913 363 994 juxta
387 913 577 986 Londonias,
598 912 657 992 iiijr
688 911 735 971 Id.
757 910 900 991 Augusti,
932 931 1016 972 anno
1041 909 1170 971 Domini
1201 909 1341 972 M⁰OCG⁰
1359 909 1511 972 vicesimo

272 1019 385 1101 primo.

355 1151 441 1212 Item
477 1148 596 1211 similes
627 1148 750 1209 litteras
785 1146 904 1229 recepit
940 1167 998 1227 pro
1032 1146 1269 1227 permutacione
1306 1146 1437 1208 ecclesie
1471 1146 1511 1208 de

274 1255 399 1318 Molitus
423 1275 496 1316 cum
522 1252 639 1315 vicaria
659 1253 698 1314 de
718 1253 863 1313 Bourton
889 1252 979 1333 juxta
1003 1251 1191 1331 Bamptone.

274 1502 357 1582 Sept.
383 1500 518 1562 3.—The
541 1498 660 1579 Bishop
683 1497 786 1558 writes
808 1505 838 1559 to
860 1497 908 1558 the
929 1497 1012 1558 Euri
1031 1498 1067 1577 os
1086 1495 1251 1558 Pembrohe
1273 1496 1341 1556 thal
1361 1497 1511 1558 Mattheus

394 1581 432 1642 de
454 1581 568 1651 Tiltorc,
593 1579 686 1641 Vicar
699 1580 734 1658 of
753 1578 917 1651 Goodrich,
934 1578 990 1669 lace
1000 1577 1119 1657 perpeti
1141 1576 1267 1718 mviii
1277 1577 1313 1657 os
1331 1577 1511 1656 theoberga

396 1661 525 1740 brought
545 1660 669 1739 acciret
691 1659 757 1720 him
769 1659 805 1739 of
823 1655 1011 1736 harboarsnp
1025 1677 1046 1718 c
1058 1657 1173 1727 robber,
1192 1677 1213 1718 c
1277 1657 1349 1720 oste
1371 1658 1439 1720 litat
1460 1659 1511 1720 the

395 1743 486 1821 poods
510 1743 546 1821 os
570 1741 620 1802 the
644 1740 770 1820 benefice
793 1759 864 1818 may
889 1739 923 1800 be
947 1739 1080 1800 restored
1106 1746 1135 1800 to
1161 1738 1234 1800 him.

356 1896 503 1956 Limusa
523 1912 642 1955 nomm
663 1911 804 1954 umacus
818 1893 938 1956 Goumr
952 1894 1172 1954 Pnuenoosrn
1190 1911 1252 1955 rao
1270 1911 1510 1957 susumuororur
1574 1919 1586 1950 ο

274 2020 432 2064 rouoauu
452 2019 575 2061 vrcsnu
599 2018 643 2060 nn
673 2000 799 2062 Gaesao
831 1999 973 2062 Gonnrc1
999 2019 1105 2060 nrnnu
1136 2018 1266 2062 vrcamo
1297 2017 1512 2064 asomum.—

275 2107 445 2188 Magnifioo
476 2111 508 2168 et
535 2106 658 2186 potenti
687 2106 764 2177 viro,
795 2105 923 2166 domino
954 2105 1112 2168 Adomaro
1146 2106 1185 2166 de
1216 2105 1362 2178 Valence,
1395 2107 1511 2168 comiti

275 2212 490 2286 Pembrochie,
520 2212 630 2285 Adam,
665 2217 735 2283 etc,
770 2211 919 2291 quicquid
953 2217 1059 2291 potest
1094 2211 1271 2273 reverencie
1305 2217 1338 2274 et
1372 2213 1510 2275 honoris.

275 2319 357 2393 Quia
385 2317 534 2378 Mothous
562 2317 601 2379 de
625 2317 740 2388 Tilton,
773 2315 907 2378 vicarius
934 2316 1065 2378 ecclesie
1094 2317 1134 2377 de
1162 2317 1274 2378 Castro
1306 2317 1442 2391 Godrici,
1471 2320 1512 2381 de

274 2425 492 2505 receptatione
526 2422 640 2503 Rogeri
673 2423 713 2484 de
747 2422 838 2495 Glen,
870 2422 909 2483 de
942 2422 1107 2484 latrocinio
1142 2423 1287 2496 convicti,
1318 2423 1511 2497 diffamatus,

275 2538 308 2594 et
329 2532 370 2594 ob
398 2531 459 2592 hoc
487 2531 520 2590 in
541 2535 644 2591 castro
673 2529 815 2610 predicto
846 2528 1054 2591 carceralibus
1081 2529 1215 2590 vinculis
1244 2530 1451 2611 mancipatus,
1473 2552 1512 2593 ao

276 2637 404 2700 demum
424 2656 482 2716 per
500 2635 638 2715 judicem
659 2634 832 2696 secularem
853 2634 893 2694 ad
913 2639 1055 2695 nostram
1076 2635 1276 2714 peticionem,
1300 2635 1390 2714 juxta
1413 2637 1511 2699 eccle·

276 2743 438 2806 siasticsm
478 2741 655 2803 libertatem
696 2745 729 2801 et
770 2740 858 2820 regni
901 2738 1012 2820 Anglie
1054 2741 1324 2813 consuetudinem,
1360 2763 1380 2803 a
1419 2743 1512 2805 nobie

275 2848 472 2930 judicandus,
497 2851 606 2908 nostro
631 2845 854 2908 commissario
885 2847 927 2906 ad
953 2845 1014 2906 hoc
1042 2845 1219 2925 specialiter
1247 2847 1407 2927 deputato,
1432 2848 1512 2926 juris

276 2954 386 3016 ordine
413 2952 467 3032 qui
499 2952 531 3012 in
562 2952 622 3012 hac
658 2956 747 3031 parte
774 2950 991 3030 requirebatur
1017 2949 1051 3010 in
1083 2950 1230 3012 omnibus
1261 2951 1435 3024 observato,
1472 2953 1512 3014 de

275 3059 407 3121 crimine
434 3057 575 3138 predicto
595 3056 734 3136 legitime
761 3075 796 3118 se
822 3055 977 3136 purgavit,
1002 3055 1200 3118 nobilitatem
1220 3061 1358 3118 vestram
1382 3058 1511 3139 requiri·

276 3185 348 3227 mus
375 3169 409 3226 et
436 3181 582 3243 rogamus
613 3165 769 3243 quatenus
800 3160 882 3221 bona
912 3161 990 3221 dicti
1020 3161 1138 3234 vicarii,
1170 3161 1230 3222 hac
1260 3162 1424 3225 occasione
1454 3183 1513 3244 per

277 3275 400 3332 vestros
428 3268 590 3329 ministros
621 3268 698 3328 dicti
725 3267 829 3328 (taetri
860 3266 893 3327 in
920 3286 1018 3328 manu
1047 3273 1153 3328 vestra
1173 3273 1275 3348 capta,
1297 3268 1356 3330 sibi
1377 3269 1512 3342 restitui,

275 3379 370 3456 prout
393 3375 514 3456 justum
538 3378 597 3445 est,
622 3372 816 3452 integraliter
839 3371 972 3434 faciatis.
1015 3373 1134 3433 Datum
1162 3374 1246 3453 apud
1267 3373 1440 3456 Bosebury,
1465 3376 1514 3457 iij⁰

276 3482 326 3543 die
348 3480 466 3542 mensis
488 3478 691 3560 Septembris,
712 3498 796 3539 anno
819 3477 949 3539 Domini
974 3479 1178 3560 Mrooouxjr

278 3713 361 3794 Sept.
382 3715 474 3772 26.-
499 3710 562 3771 The
587 3709 706 3788 Bishcp
729 3709 938 3770 commissione
964 3709 1013 3770 the
1033 3709 1230 3771 Archdeccort
1250 3711 1285 3791 os
1305 3710 1458 3792 Heresord
1481 3721 1512 3775 to

399 3791 459 3854 cite
484 3791 534 3851 the
557 3789 651 3851 Prior
678 3790 741 3850 and
769 3789 880 3851 Morths
905 3789 941 3869 of
966 3791 1012 3851 Sl.
1043 3789 1204 3852 Guthlce's
1234 3798 1263 3852 to
1290 3811 1312 3852 c
1343 3792 1513 3856 Visilctr'orc

399 3874 435 3952 of
456 3872 504 3933 the
529 3871 651 3950 Priory,
675 3870 778 3931 which
803 3870 837 3931 he
862 3870 985 3932 iaterrde
1011 3880 1040 3932 to
1064 3871 1152 3932 mehe
1175 3891 1215 3932 ort
1242 3873 1366 3934 October
1389 3880 1418 3935 5.

224 4105 230 4115 .
359 4031 541 4093 Coumssro
562 4045 663 4088 secus
683 4026 931 4087 Ascnrnrecouo
957 4027 1220 4088 Hnsnsosnnuffl
1241 4045 1283 4088 su
1304 4046 1513 4091 rannemun-

278 4158 349 4202 ouu
390 4156 433 4198 nr
474 4153 643 4198 crrsunuu
684 4134 836 4195 Pnroasu
877 4152 920 4194 nu
958 4133 1141 4195 Mousouos
1181 4133 1300 4196 Senem
1339 4136 1513 4198 Guunnscr

279 4247 558 4307 Hnnuronnsusrs
578 4256 684 4300 secur
706 4255 802 4298 mssa
823 4238 1089 4308 runnu-Adam,
1104 4246 1174 4309 etc,
1195 4238 1310 4300 dilecto
1330 4239 1364 4298 in
1385 4240 1513 4306 christo

278 4351 352 4423 filio,
392 4345 618 4408 Archidiaeono
663 4343 896 4415 Heraiordensi,
935 4347 995 4404 etc.
1051 4343 1100 4403 Ad
1140 4343 1336 4404 audienciam
1370 4351 1513 4407 nostram

278 4459 425 4538 frequens
447 4454 532 4515 fama
551 4449 698 4531 produxit
718 4449 801 4530 quod
820 4449 978 4529 prioratus
1002 4448 1109 4510 Sancti
1132 4448 1281 4510 Guthlaci
1301 4450 1390 4529 juxta
1412 4451 1513 4514 Here·

279 4562 421 4633 fordiam,
456 4561 564 4618 nostra
597 4554 739 4626 diocesis,
774 4553 815 4615 ob
849 4553 974 4632 culpam
1009 4558 1041 4615 et
1076 4553 1279 4614 insolenciam
1311 4553 1416 4616 fratris
1451 4557 1512 4630 W,

279 4667 392 4749 prioris
429 4663 581 4743 ejusdem,
622 4661 686 4740 qui,
728 4659 905 4720 monachali
943 4659 1070 4739 penitus
1108 4659 1274 4720 honestate
1311 4659 1442 4737 abjecta,
1481 4667 1515 4723 et

279 4772 430 4856 regularis
457 4765 658 4831 observancie
682 4766 799 4826 virtute
826 4765 954 4836 calcata,
984 4765 1081 4826 vitam
1111 4765 1197 4826 ducit
1222 4764 1401 4845 {requenter
1424 4772 1514 4829 extra

280 4881 453 4961 prioratum
490 4895 563 4936 cum
593 4872 736 4954 personis
777 4871 970 4933 secularibus
998 4871 1193 4944 dissolutam,
1231 4875 1264 4932 et
1291 4871 1324 4931 in
1361 4871 1513 4952 regimine

280 4985 422 5065 ejusdem
456 4979 614 5061 prioratus
651 4977 812 5058 negligens
847 4982 880 5038 et
914 4977 1065 5038 remissus
1102 4976 1185 5037 bona
1220 4975 1319 5056 ipsius
1360 4977 1513 5057 dilapidat

281 5089 425 5172 nequiter
451 5091 483 5148 et
507 5083 674 5155 consumit,
696 5082 774 5144 adeo
804 5087 853 5144 est
884 5081 1041 5162 collapsus
1069 5081 1102 5140 in
1130 5079 1344 5160 spiritualibus
1372 5086 1404 5142 et
1432 5088 1511 5144 tem·
