3850 5917
412 707 469 766 182
783 703 962 783 Regianum
989 704 1055 764 Ado
1082 703 1118 764 de
1149 703 1271 764 Orletoc

239 941 296 981 M>-
312 941 367 979 ¹³²¹·
409 933 603 994 necessarios
631 932 758 993 nomine
783 931 897 992 vicarie
922 951 978 992 sue
1005 931 1098 992 dictis
1120 931 1249 992 ecclesie
1274 937 1306 991 et
1328 931 1445 1011 capelle
1467 930 1645 1010 sumptibus

408 1039 475 1099 suis
512 1038 606 1098 faciet
644 1036 801 1106 deserviri,
840 1041 873 1096 et
908 1036 1135 1097 Archidiacono
1173 1057 1245 1096 cum
1284 1036 1458 1098 visitaverit
1493 1036 1643 1097 canonice

409 1144 579 1223 procurari,
615 1144 821 1222 denariosque
853 1143 1011 1204 sinodales
1046 1142 1155 1212 solvet,
1191 1163 1227 1202 ac
1262 1162 1369 1203 cereos
1403 1141 1542 1204 inveniet
1576 1161 1645 1220 pro·

411 1249 600 1311 cessionales
624 1268 760 1308 unacum
786 1267 867 1327 pane
892 1253 924 1307 et
948 1247 1022 1307 vino
1042 1267 1099 1326 pro
1118 1246 1294 1326 indigencia
1315 1247 1444 1307 ecclesie
1468 1251 1501 1306 et
1529 1245 1646 1325 capelle

409 1355 631 1434 predictarum,
656 1358 760 1414 cetera
784 1359 890 1413 autem
915 1373 1012 1412 onera
1033 1353 1072 1412 ad
1097 1353 1197 1413 dictos
1223 1353 1387 1414 Decanum
1408 1357 1440 1414 et
1465 1353 1646 1432 Capitulum

410 1459 622 1539 pertinebunt.
699 1457 886 1519 Paternitati
929 1457 1025 1537 igitur
1072 1464 1175 1519 vestre
1223 1458 1385 1519 humiliter
1432 1459 1646 1538 supplicamus

411 1565 561 1645 quatinus
608 1564 692 1625 dicto
740 1568 922 1644 presentato
970 1583 1008 1624 ea
1055 1584 1116 1643 que
1157 1569 1262 1624 vestro
1310 1564 1497 1624 incumbunt
1545 1564 1646 1624 officio

411 1670 535 1731 faciatis
563 1690 634 1730 cum
662 1669 766 1748 gracia
800 1674 833 1729 et
863 1667 978 1730 lavore.
1035 1670 1078 1728 Et
1107 1669 1133 1730 si
1161 1690 1224 1750 qua
1256 1669 1395 1730 insident
1422 1670 1504 1731 votis
1533 1670 1645 1731 vestris

412 1797 473 1857 que
507 1796 564 1856 per
594 1796 652 1836 nos
683 1780 832 1855 poterunt
860 1775 1007 1853 expediri,
1036 1795 1073 1834 ea
1103 1774 1203 1844 nobie,
1225 1775 1279 1846 qui
1300 1780 1439 1835 vestrum
1464 1780 1496 1834 et
1517 1775 1646 1835 ecclesie

412 1888 517 1944 vestre
544 1881 743 1942 commodum
769 1885 801 1940 et
824 1880 976 1940 honorem
1002 1880 1132 1940 sinceris
1156 1885 1303 1959 optamus
1331 1879 1496 1941 affectibus
1524 1900 1646 1959 promo·

278 2026 308 2055 0.
413 1989 487 2059 veri,
510 1987 696 2047 fiducialiter
714 1986 919 2046 demandetis.
962 1985 1125 2046 Bonorum
1146 1986 1265 2046 dierum
1288 1984 1515 2065 longitudinem
1530 1985 1647 2046 tribuat

414 2094 503 2155 vobis
525 2092 715 2163 Altissimus,
744 2097 803 2152 etc.
860 2091 980 2151 Datum
1002 2091 1086 2171 apud
1108 2090 1366 2170 Schenynglelde,
1395 2091 1427 2169 iij
1450 2091 1501 2150 die
1528 2091 1646 2151 mensis

412 2199 583 2260 Februarii.

416 2406 490 2465 Jac.
512 2403 670 2464 27.-The
691 2402 808 2480 Bishop
830 2401 959 2480 insomne
986 2400 1034 2460 the
1057 2400 1140 2476 Kinp
1163 2400 1230 2459 that
1252 2400 1302 2476 icy
1324 2398 1455 2459 violence
1477 2399 1532 2458 hus
1554 2399 1647 2458 inler-

531 2484 620 2565 fcred
644 2483 720 2543 with
747 2483 850 2542 Rana
877 2482 914 2542 dc
942 2481 1111 2541 Soadwich
1136 2481 1170 2539 in
1195 2481 1243 2540 the
1265 2481 1393 2540 exercise
1417 2481 1452 2569 os
1478 2480 1526 2540 bis
1548 2480 1647 2558 rights

536 2586 572 2625 as
604 2563 696 2624 Vicar
723 2565 758 2642 ο]
789 2563 972 2633 Slotlesdon‚
1000 2562 1064 2621 aaut
1091 2561 1163 2621 asts
1192 2561 1259 2620 that
1287 2568 1487 2621 crzslrcctrons
1516 2581 1587 2639 may
1615 2561 1648 2621 be

536 2646 626 2725 picen
654 2653 683 2705 tc
712 2644 761 2704 the
789 2643 909 2721 Sberr'ff
932 2644 968 2722 cs
992 2642 1177 2722 Shropsbr'rc
1205 2641 1240 2700 in
1268 2641 1316 2702 the
1343 2649 1462 2701 orotlcr.

496 2801 642 2859 errnas
664 2816 725 2858 rao
742 2815 775 2856 v1
796 2815 890 2856 alica
905 2795 1437 2856 auuovarna.-Excellentissimo
1451 2796 1590 2875 Principi
1612 2817 1648 2856 ac

412 2904 540 2967 domino
565 2922 623 2964 suo
646 2902 825 2972 reverendo,
856 2900 984 2961 domino
1016 2900 1182 2972 Edwardo,
1208 2901 1268 2961 Dei
1295 2901 1399 2980 gracia
1426 2901 1504 2980 Regi
1527 2901 1646 2981 hughe,

412 3011 541 3072 domino
556 3008 717 3079 Hibernis,
732 3012 764 3068 et
779 3007 861 3066 Duci
876 3005 1043 3086 Aquitanis
1058 3006 1278 3077 illustrissimo,
1295 3005 1403 3077 Adam,
1422 3005 1531 3067 eadem
1545 3007 1649 3086 gracia

416 3117 592 3196 Episcopus
627 3113 879 3181 Herelordensis,
911 3111 1060 3191 quicquid
1092 3117 1197 3191 potest
1233 3113 1408 3172 reverencie
1443 3119 1475 3173 et
1510 3113 1646 3172 honoria.

413 3223 600 3287 Gelsitudini
626 3227 729 3282 vestre
751 3220 835 3298 regie
860 3225 972 3280 notum
998 3219 1131 3279 facimus
1155 3239 1211 3298 per
1235 3224 1396 3299 presentes
1418 3219 1647 3298 quodquidam

414 3350 471 3392 ane
491 3328 602 3390 salutis
624 3326 824 3387 immemores
841 3325 1073 3404 possessionem
1092 3325 1211 3384 domini
1237 3325 1393 3384 Hemonis
1414 3324 1453 3385 de
1475 3325 1647 3396 sandarico,

413 3435 520 3496 vicarii
541 3432 672 3494 ecclesie
697 3432 736 3491 de
763 3430 975 3500 Stottesdone,
998 3437 1104 3490 nostre
1125 3429 1267 3498 diocesis,
1290 3430 1458 3490 comitatus
1481 3429 1646 3508 Salopsire,

413 3544 448 3602 in
475 3541 590 3602 vicaria
617 3539 759 3616 ejusdem
787 3537 917 3597 ecclesie
941 3537 1091 3596 canonice
1119 3536 1178 3596 sibi
1206 3537 1328 3606 collata,
1357 3536 1389 3594 in
1416 3536 1516 3596 nostri
1545 3535 1646 3606 officii,

414 3645 568 3708 libertatis
589 3643 809 3712 ecclesiastice,
840 3646 873 3701 et
907 3641 986 3719 juris
1017 3641 1158 3718 ejusdem
1181 3641 1298 3701 domini
1328 3641 1484 3701 Hamouis
1512 3641 1646 3720 prejudi-

413 3754 507 3821 cium,
550 3748 726 3828 impediunt
767 3752 799 3806 et
837 3746 1032 3826 perturbant,
1067 3767 1176 3824 pacem
1213 3747 1456 3806 ecclesiasticam
1491 3747 1648 3807 hostiliter

414 3855 621 3936 infringendo,
639 3860 671 3913 et
693 3873 726 3912 se
748 3852 780 3910 in
803 3852 887 3911 dicta
907 3852 1039 3911 ccclesia
1060 3852 1212 3912 violenter
1232 3852 1377 3920 tenendo,
1399 3851 1568 3930 quominus
1590 3873 1648 3912 nos

414 3963 551 4025 officium
573 3965 717 4020 nostrum
742 3957 904 4038 spirituale
925 3977 1068 4018 exercere
1094 3957 1171 4016 inibi
1193 3958 1360 4018 valeamus.
1424 3957 1577 4031 Quocirca
1597 3977 1646 4017 ex-

414 4067 562 4129 cellencie
583 4071 687 4125 vestre
708 4063 869 4123 humiliter
889 4062 1103 4142 supplicamus
1124 4062 1273 4142 quatinus
1304 4063 1343 4121 ad
1374 4061 1438 4122 vim
1466 4063 1647 4139 hujusmodi

414 4181 448 4236 et
467 4178 658 4254 potestatem
679 4171 892 4231 omnimodam
923 4169 957 4227 in
979 4169 1096 4228 vicaria
1116 4169 1255 4248 predicta
1283 4173 1315 4228 et
1343 4167 1487 4228 domibus
1514 4188 1550 4228 ac
1571 4168 1648 4229 locis

415 4280 485 4340 aliis
520 4278 559 4338 ad
584 4277 686 4355 ipsam
711 4273 941 4354 pertinentibus
970 4274 1174 4334 amovendam
1211 4274 1373 4334 brachium
1400 4278 1504 4335 vestre
1534 4273 1647 4353 regalis

414 4385 559 4466 potencie
588 4382 680 4444 solita
714 4381 818 4460 gracia
853 4381 1030 4460 apponatis,
1058 4381 1151 4441 breve
1178 4386 1317 4440 vestrum
1347 4400 1441 4458 super
1471 4379 1530 4440 hoc
1558 4381 1646 4440 Vice-

415 4491 522 4552 comiti
554 4495 659 4550 vestro
689 4486 846 4566 Salopsire
874 4486 1044 4564 dirigendo,
1074 4491 1108 4546 ut
1140 4485 1337 4546 inimicorum
1374 4485 1491 4546 Christi
1525 4486 1648 4546 seviens

415 4595 543 4656 rebellio
566 4594 611 4655 sic
633 4613 690 4672 per
708 4599 848 4653 vestrum
872 4592 1062 4670 reprimatur
1086 4592 1270 4662 subsidium,
1291 4591 1374 4671 quod
1398 4590 1526 4651 libertas
1551 4589 1645 4650 ecele-

416 4703 544 4762 siastica
583 4699 642 4760 sub
670 4686 774 4758 vestre
803 4697 995 4758 defensionis
1026 4698 1126 4776 clipeo
1154 4704 1224 4758 tuta
1252 4702 1378 4758 maneat
1405 4703 1437 4757 et
1465 4697 1581 4777 quieta,
1616 4703 1648 4757 et

415 4827 472 4868 vos
500 4805 611 4867 exinde
638 4803 879 4864 retribucionem
907 4803 1095 4882 condignam
1124 4804 1272 4883 consequi
1298 4823 1316 4863 a
1344 4802 1482 4863 Domino
1508 4803 1648 4864 valeatis.

417 4913 479 4987 Qui
506 4932 563 4972 vos
584 4912 624 4971 ad
655 4908 793 4989 regimen
822 4909 909 4988 regni
942 4909 1038 4968 vestri
1077 4915 1240 4970 conservet
1268 4908 1400 4969 feliciter
1422 4929 1478 4988 per
1507 4913 1649 4988 tempora

416 5020 574 5080 diuturna.
631 5017 750 5076 Datum
782 5016 866 5094 apud
895 5015 1095 5094 Prestebury,
1131 5017 1226 5095 xxvij⁰
1259 5015 1310 5076 die
1348 5015 1465 5076 mensis
1496 5015 1648 5088 Januarii,

415 5143 500 5184 anno
523 5121 651 5182 Domini
672 5119 811 5180 M⁰OOC⁰
831 5119 989 5179 vicesimo.
