3850 5917
692 673 842 753 Episcopi
869 673 1112 753 Horcsordcasir.
1457 676 1517 735 359

98 905 165 945 Α-θ-
182 904 240 947 ¹⁸⁸⁸·
284 899 430 961 volumus
457 899 615 961 inculcari.
672 900 792 959 Datum
815 899 898 979 apud
930 899 1178 979 Scheningielde,
1210 900 1285 980 xvij⁰
1312 901 1363 962 die
1394 901 1513 962 mensis

286 1002 407 1077 Marcii,
429 1023 513 1065 anno
535 1003 663 1064 Domini
688 1002 906 1077 M⁰OOG⁰xxv⁰,
927 1008 987 1065 etc.

285 1268 357 1330 Feb.
383 1269 515 1331 7.—Tbe
536 1269 655 1350 Bishop
676 1270 712 1349 of
733 1269 896 1349 Solisbury
918 1270 1022 1331 olbws
1046 1271 1095 1332 ihc
1117 1270 1235 1350 Bishop
1256 1271 1292 1350 os
1311 1272 1463 1351 Horesord
1484 1281 1514 1333 to

406 1356 575 1510 mmo
602 1356 659 1411 two
693 1351 798 1411 Altera
826 1350 862 1411 ia
877 1350 938 1442 'ria
964 1371 1029 1412 acro
1065 1352 1181 1431 Ohepel
1207 1352 1243 1430 os
1274 1351 1323 1413 ihc
1350 1352 1452 1431 Abbcy
1479 1354 1516 1432 os

369 1585 549 1647 Oouurssro
570 1605 613 1647 ar>
638 1604 897 1647 consacraneus
927 1587 1292 1649 carrara-Venerabili
1323 1588 1356 1647 in
1388 1588 1515 1650 Ghristo

285 1689 377 1770 patri,
398 1691 525 1752 domino
554 1691 629 1764 Ade,
659 1697 728 1764 etc..
757 1691 907 1772 Rogerus,
929 1696 998 1764 etc,
1030 1692 1173 1764 salutem,
1203 1697 1262 1754 etc.
1318 1693 1514 1755 Dilectorum

286 1794 430 1866 filiorum,
452 1793 582 1856 Abbatie
603 1800 635 1856 et
661 1794 842 1857 Conventus
863 1796 1024 1875 Radingie,
1045 1797 1190 1877 precibus
1210 1798 1361 1869 inclinati,
1393 1804 1429 1860 ut
1450 1799 1513 1860 duo

287 1898 398 1959 altaria
418 1900 450 1959 in
467 1919 549 1961 nova
570 1900 688 1980 capella
709 1901 893 1963 Monasterii
914 1902 1067 1981 Radingie
1086 1902 1219 1983 predicti
1240 1903 1278 1964 de
1300 1924 1380 1965 novo
1401 1909 1514 1977 erecta,

287 2025 348 2086 qne
368 2006 494 2087 quidem
516 2006 626 2067 altaria
646 2008 775 2069 minime
805 2014 1036 2081 consecrantur,
1065 2008 1150 2069 licite
1171 2028 1352 2070 consecrare
1372 2009 1512 2089 possitis,

287 2109 376 2171 vobis
396 2110 524 2171 liberam
546 2110 579 2170 in
601 2111 737 2172 Domino
758 2117 866 2174 tenore
884 2112 1082 2192 presencium
1103 2114 1303 2175 concedimus
1321 2114 1513 2187 facultatem,

287 2236 325 2278 eo
359 2237 423 2277 non
452 2218 597 2279 obstante
628 2217 712 2297 quod
752 2217 870 2278 dictum
912 2218 1142 2279 Monasterium
1182 2218 1216 2278 in
1249 2224 1358 2281 nostra
1399 2220 1515 2281 diocesi

288 2322 432 2385 situatur.
485 2322 532 2383 Ad
562 2322 692 2384 ecclesie
727 2342 783 2385 sue
821 2328 929 2384 sancte
962 2323 1103 2403 regimen
1142 2330 1305 2385 conservet
1334 2325 1516 2387 Altissimue

286 2428 385 2489 vitam
411 2432 556 2489 vestram.
600 2428 719 2488 Datum
756 2428 840 2508 apud
874 2428 1019 2502 Poterne,
1057 2428 1113 2508 vij⁰
1143 2428 1191 2489 Id.
1223 2430 1393 2503 Februarii,
1433 2451 1517 2493 anno

287 2534 416 2597 Domini
436 2532 654 2599 M⁰OOO⁰xxv⁰.

286 2792 363 2871 Mop
392 2792 525 2853 c-Tha
552 2791 670 2872 Bishop
697 2792 733 2871 os
762 2790 901 2863 Londoa,
930 2792 968 2869 bp
996 2791 1146 2852 directron
1172 2791 1208 2870 of
1239 2791 1287 2852 tha
1314 2792 1515 2873 Arcbbc'sbop,

409 2872 556 2933 protracte
582 2872 630 2933 the
654 2872 772 2952 Bishop
796 2871 831 2950 of
856 2871 1006 2951 Horaford
1029 2872 1168 2951 publr'cly
1197 2879 1226 2932 to
1253 2872 1332 2951 dercy
1360 2873 1410 2934 tho
1430 2874 1515 2953 falsa

408 2952 571 3014 asceticos
594 2953 662 3013 thot
684 2953 732 3014 ihc
758 2953 857 3027 Quen
880 2952 943 3013 ond
969 2952 1021 3012 bor
1044 2972 1100 3012 soa
1124 2951 1186 3012 liud
1210 2952 1281 3013 beon
1305 2952 1453 3015 beaishod
1476 2955 1514 3033 by

409 3033 458 3094 tho
478 3034 562 3111 Kiap
573 3054 584 3104 ;
613 3034 676 3093 aad
698 3033 765 3093 char
787 3034 835 3093 tto
855 3032 962 3112 Popo'a
982 3052 1161 3111 persovere
1185 3032 1259 3093 darc
1282 3041 1336 3095 aot
1359 3036 1516 3114 approach

410 3114 459 3175 tha
479 3114 562 3193 Κάφις
583 3120 612 3175 to
633 3114 747 3175 delivcr
762 3114 861 3194 popel
883 3114 982 3175 letters
1003 3114 1102 3192 owinp
1124 3120 1152 3174 to
1175 3114 1289 3175 thracis
1310 3116 1345 3195 of
1361 3116 1502 3179 ciolcrroe.

367 3282 545 3345 Venerabili
570 3284 602 3342 in
635 3282 761 3343 Christo
793 3283 884 3362 patri,
917 3282 1044 3343 domino
1076 3282 1136 3343 Dei
1165 3283 1269 3362 gracia
1293 3284 1516 3347 Herefordensi

286 3388 455 3470 Episcopo,
478 3388 666 3469 Stephanus,
688 3389 829 3468 ejusdem
847 3388 1053 3469 permissione
1073 3388 1302 3450 Londoniensis
1326 3390 1513 3470 Episcopus,

286 3494 430 3565 salutem,
461 3500 519 3556 etc.
572 3494 709 3555 Litteras
739 3494 900 3555 reverendi
942 3496 974 3554 in
1007 3494 1133 3555 Christo
1164 3494 1272 3575 patris,
1305 3496 1424 3556 domini
1455 3498 1516 3568 W,

286 3600 347 3661 Dei
377 3600 481 3680 gracia
509 3599 745 3662 cantuariensis
774 3600 1016 3681 Archiepiscopi,
1047 3605 1117 3673 etc,
1155 3602 1338 3681 recepimus,
1374 3610 1516 3666 tenorem

285 3706 340 3787 qui
367 3706 508 3788 sequitur
542 3706 739 3767 continentes
752 3706 969 3777 :-Walterus,
1012 3712 1081 3777 etc,
1123 3707 1292 3767 venerabili
1326 3708 1359 3767 in
1391 3708 1518 3771 Christo

285 3811 384 3883 fratri,
404 3812 531 3873 domino
554 3811 594 3883 8.,
618 3817 687 3882 etc,
709 3811 852 3883 salutem,
874 3817 932 3872 eto.
986 3811 1113 3872 Dolenti
1145 3811 1299 3873 relacione
1326 3813 1514 3893 proferimus

285 3916 369 3996 quod
390 3916 517 3996 quidam
538 3915 593 3975 filii
614 3915 724 3987 Belial,
743 3916 882 3995 paternis
902 3916 1073 3977 mendaciis
1093 3915 1233 3988 debriati,
1248 3918 1375 3979 domino
1396 3925 1514 3991 nostro,

286 4020 364 4100 Regi
387 4019 497 4099 Anglie
521 4025 552 4081 at
575 4020 644 4099 ejus
667 4019 806 4091 consilio,
829 4025 922 4099 prout
942 4020 981 4079 ab
1005 4019 1173 4080 autenticis
1194 4021 1344 4081 asseritur
1364 4024 1516 4101 personis,

284 4126 317 4185 in
350 4125 476 4206 publico
511 4125 720 4197 detraxerunt,
756 4129 788 4185 et
822 4124 1016 4185 mendaciter
1052 4124 1251 4204 divulgarunt
1293 4126 1377 4207 quod
1412 4128 1515 4190 dictus

284 4232 430 4293 dominus
451 4235 558 4291 noster
572 4230 638 4291 Rex
652 4230 888 4292 dilectissimam
909 4230 968 4291 sibi
983 4230 1143 4290 dominam
1165 4230 1342 4306 Isebellom,
1362 4234 1516 4313 Reginam

286 4337 405 4417 Anglie,
425 4341 602 4397 consortem
623 4356 712 4397 suam
734 4342 766 4398 et
788 4336 925 4415 corporis
947 4336 996 4397 sui
1022 4335 1160 4397 nobilem
1180 4337 1369 4416 porcionem,
1392 4360 1516 4403 necnon

286 4443 448 4515 dominum
469 4442 669 4515 Edwardum‚
690 4441 790 4501 filium
812 4461 904 4502 sunm
925 4441 1178 4522 primogenitum,
1205 4442 1307 4503 edicto
1332 4463 1388 4505 sen
1412 4445 1517 4508 banno

285 4546 450 4609 execrabili
471 4546 587 4607 fecerat
614 4546 780 4626 deportari,
809 4547 954 4627 quodque
985 4547 1012 4607 si
1039 4546 1231 4607 venerabiles
1256 4548 1375 4622 Patres,
1408 4550 1517 4612 Archi-

286 4652 452 4734 episcopus
490 4651 679 4713 Viennensis
714 4656 747 4712 et
781 4652 958 4731 Episcopus
1000 4650 1206 4723 Aurasieneis,
1253 4654 1360 4713 nuncii
1401 4655 1519 4716 domini

285 4759 394 4831 nostri,
422 4757 544 4819 Summi
565 4757 737 4831 Pontificis,
767 4757 800 4817 in
830 4758 941 4838 Anglia
970 4757 1129 4829 destinati,
1153 4758 1360 4837 applicuerint
1387 4760 1518 4823 ubilibet

284 4864 480 4945 inpartibus
508 4862 696 4943 Anglicanis,
726 4869 780 4925 aut
809 4864 842 4923 in
871 4864 940 4944 ipso
968 4882 1064 4943 regno
1095 4863 1261 4925 voluerint¹
1287 4866 1431 4943 progredi
1458 4887 1516 4947 pro

283 4970 397 5032 litteris
424 4968 589 5050 papalibus
621 4969 749 5031 domino
777 4974 886 5032 nostro
914 4970 992 5050 Regi
1019 4970 1069 5031 vel
1109 4968 1200 5029 alteri
1227 4971 1454 5049 presentandis,
1483 4979 1517 5034 et

760 5106 823 5147 l-ln
837 5106 888 5149 MS.
901 5104 1045 5147 volmar.
