3850 5917
708 706 859 786 Episcopi
887 705 1130 786 Heresordensis.
1478 708 1539 767 225

109 968 176 1006 M)-
197 968 249 1005 ’Μ
298 960 393 1039 April
423 960 579 1020 :io-Thi
610 958 733 1038 Bishop
764 958 973 1019 cmnmissions
1006 958 1055 1019 tte
1086 958 1290 1029 Archdeooon,
1324 958 1373 1018 tho
1410 958 1537 1036 Officiol,

421 1040 485 1100 and
511 1040 560 1101 the
587 1039 797 1117 Gmnmissonj
824 1039 964 1108 Gernrol,
990 1046 1020 1099 ιο
1044 1046 1093 1099 οοι
1115 1039 1170 1118 for
1198 1038 1263 1098 irim
1291 1037 1326 1097 in
1354 1038 1402 1099 ιιιο
1429 1046 1541 1099 οηοιιον

421 1121 457 1200 os
479 1121 582 1181 Jonas
606 1120 643 1180 de
671 1120 854 1197 Bapslioni’s
879 1119 973 1179 eloim
999 1127 1028 1179 ιο
1054 1119 1102 1179 the
1128 1118 1311 1199 etnichos
1331 1120 1483 1197 Mnnsley.

382 1290 563 1351 Goumssro
584 1306 685 1349 soors
698 1306 741 1348 sn
763 1305 960 1348 mersitonam
981 1287 1155 1347 Jsoos1ns
1177 1287 1335 1346 Bsrsnsu
1356 1304 1398 1346 sn
1420 1304 1538 1346 scons-

299 1413 378 1455 ουκ
422 1413 465 1454 nn
507 1392 892 1463 Monssuase—Adam,
934 1397 1004 1463 etc,
1047 1393 1170 1454 dilectis
1211 1392 1244 1451 in
1287 1392 1413 1453 Christo
1455 1392 1538 1463 filiis,

298 1502 527 1563 Archidiacono
552 1507 584 1562 et
605 1498 738 1561 Officiali
767 1498 883 1560 nostris
913 1498 1205 1568 Herefordensibus,
1231 1518 1267 1559 ac
1296 1498 1346 1557 W.
1375 1503 1484 1559 nostro
1505 1499 1537 1557 in

297 1610 374 1670 dicti
395 1609 545 1670 Officialis
559 1608 708 1669 absencia
727 1607 943 1668 commissario
964 1605 1110 1687 generali,
1132 1605 1276 1677 salutem,
1298 1613 1357 1666 etc.
1387 1606 1538 1667 Incensa

298 1713 331 1767 et
351 1708 482 1787 negocio
502 1706 717 1767 institucionis
736 1712 768 1765 et
788 1704 1008 1764 destitucionis
1033 1724 1093 1783 que
1113 1723 1170 1763 seu
1189 1704 1272 1783 quod
1295 1704 1374 1764 verti
1394 1710 1539 1783 speratur

298 1832 404 1873 coram
428 1812 520 1873 nobis
542 1812 625 1873 inter
641 1810 795 1871 iacobum
818 1811 857 1870 de
879 1810 1051 1889 Baysham,
1074 1809 1291 1889 presbiterum,
1312 1810 1351 1870 ad
1373 1811 1537 1871 ecclesiam

298 1918 338 1977 de
361 1917 544 1997 Monesleye
566 1921 792 1997 presentatum,
818 1936 853 1977 er
885 1921 975 1995 parte
1002 1936 1074 1985 una,
1101 1921 1132 1975 et
1161 1915 1261 1974 Adam
1289 1916 1357 1976 de.
1385 1962 1390 1975 .
1416 1918 1433 1975 .¹
1455 1916 1539 1977 dicte

296 2024 428 2085 ecclesie
456 2024 649 2105 possessioni
685 2022 931 2092 incumbentem,
964 2042 1001 2081 ax
1036 2022 1143 2091 altera,
1177 2020 1265 2081 vobis
1300 2026 1332 2083 et
1369 2020 1539 2101 unicuique

296 2136 438 2191 vestrum
466 2129 635 2191 insolidum
667 2129 750 2189 vices
778 2132 903 2188 nostras
931 2126 1160 2188 committimus
1188 2146 1244 2205 per
1275 2132 1447 2205 presentes,
1476 2133 1535 2187 etc.

297 2236 417 2296 Datum
450 2234 533 2314 apud
568 2233 741 2312 Bosebury,
773 2232 886 2293 ultimo
911 2232 961 2292 die
990 2231 1108 2292 mensis
1144 2230 1268 2311 Aprilis,
1297 2251 1380 2291 anno
1409 2231 1538 2292 Domini

298 2340 522 2420 noccoxnjo.

299 2587 377 2671 May
407 2591 585 2653 16.-Jotn
615 2592 652 2652 de
685 2590 877 2669 Lpndewode
908 2590 1077 2670 complains
1110 2597 1138 2649 to
1174 2590 1223 2651 the
1253 2590 1371 2669 Bishop
1404 2590 1470 2651 ιιιοι
1503 2592 1538 2651 ln

422 2673 562 2751 resipnod
592 2672 640 2732 tho
668 2672 799 2749 Rectorp
827 2672 863 2749 of
886 2670 1237 2731 Neroniani-on-Seoern
1255 2672 1309 2749 sor
1334 2671 1382 2731 the
1406 2692 1539 2751 purpose

424 2755 459 2833 οι
482 2774 525 2813 on
549 2753 700 2831 exchanpe
723 2752 801 2812 with
825 2751 968 2812 Riolrord
996 2752 1032 2811 de
1060 2751 1213 2821 Horlonu,
1242 2752 1352 2812 Reclor
1376 2754 1411 2831 of
1437 2753 1537 2813 Elnzs·

422 2835 499 2895 well.
560 2834 757 2913 Wherenpon,
787 2831 901 2910 thonph
929 2832 978 2892 the
1005 2832 1156 2909 cnolronpe
1182 2831 1239 2891 did
1266 2838 1319 2892 not
1347 2832 1415 2893 toln
1439 2833 1536 2911 ploce,

425 2916 474 2976 ilie
505 2914 590 2993 Κίοιο
618 2914 783 2994 appointed
817 2912 959 2973 Richord
987 2913 1023 2973 de
1051 2913 1205 2984 Ηονίοιοο,
1233 2912 1296 2973 ovid
1324 2913 1472 2973 Nicholos
1501 2914 1538 2975 de

425 2998 495 3056 Boo
516 2994 683 3076 appointed
704 2995 788 3055 John
808 2994 933 3054 Rinsell
953 2994 990 3054 dc
1010 2992 1181 3073 Fownhope
1204 3000 1232 3053 ιο
1254 2993 1431 3054 Newnhont.
1476 2995 1539 3055 Tne

425 3077 544 3156 Bishop
575 3096 728 3137 snninions
761 3075 810 3135 tte
837 3074 956 3153 parties
989 3074 1150 3135 interested
1183 3080 1211 3133 ιο
1242 3074 1324 3135 show
1352 3095 1441 3135 conse
1467 3076 1537 3153 why

426 3158 510 3218 John
537 3157 574 3217 de
601 3156 793 3235 Lpinewode
817 3154 928 3216 should
955 3163 1008 3215 not
1036 3156 1177 3215 continno
1205 3154 1240 3214 in
1265 3156 1446 3235 possession.

380 3326 514 3387 Omscro
541 3342 642 3384 soors
667 3341 793 3384 concas
814 3340 1040 3383 aeneasannos
1062 3340 1104 3381 An
1126 3340 1307 3382 necessisse
1328 3340 1372 3381 nn
1394 3323 1535 3383 Newnn·

297 3430 531 3500 snm—Adam,
560 3435 629 3500 eto,
652 3428 766 3489 dilecto
788 3426 821 3486 in
845 3427 972 3488 Christo
991 3426 1064 3497 filio,
1097 3426 1226 3487 Decano
1251 3427 1289 3487 de
1315 3427 1453 3499 Fercem,
1475 3434 1535 3489 etc.

299 3536 494 3617 Significavit
522 3534 613 3595 nobis
640 3534 803 3595 iohannes
828 3534 866 3594 de
892 3534 1100 3612 Lyndewode,
1130 3532 1184 3613 qui
1212 3553 1245 3593 se
1270 3534 1346 3593 dicit
1369 3534 1535 3595 Rectorem

296 3642 428 3703 ecclesie
456 3642 494 3701 de
532 3639 737 3709 Newenham,
765 3645 873 3700 nostre
908 3638 1051 3709 diocesis,
1091 3639 1174 3718 quod
1213 3638 1286 3699 licet
1323 3639 1390 3719 ipse
1419 3640 1536 3700 dictam

295 3744 460 3809 ecclesiam
489 3745 601 3806 fuisset
639 3744 789 3805 canonice
823 3749 997 3815 assecutus,
1026 3744 1190 3823 ipsamque
1224 3764 1281 3822 per
1319 3764 1381 3804 non
1411 3746 1534 3805 modica

297 3862 441 3933 tempora
467 3852 659 3932 possedisset
687 3851 816 3930 pacifice
843 3856 876 3911 et
903 3851 1018 3931 quiete,
1041 3871 1077 3911 ac
1101 3850 1281 3930 hujusmodi
1306 3850 1468 3910 ecclesiam
1498 3872 1536 3911 ex

298 3980 394 4021 causa
415 3958 660 4040 permutacionis
683 3978 755 4017 cum
776 3957 911 4017 Ricardo
936 3957 975 4017 de
1001 3957 1157 4027 Herlawe,
1180 3957 1312 4017 Rectore
1340 3958 1471 4017 ecclesie
1495 3959 1534 4019 de

298 4065 506 4134 Elmeswelle,
552 4062 765 4124 Norwicensis
803 4062 945 4133 diocesis,
983 4064 1021 4123 de
1057 4063 1238 4143 hujusmodi
1275 4064 1341 4124 suis
1377 4064 1535 4126 beneficiis

298 4171 448 4241 faciende,
485 4170 544 4231 sub
576 4168 669 4231 certis
708 4170 801 4230 modo
839 4174 872 4229 et
908 4168 1009 4230 forma
1045 4169 1243 4249 resignasset,
1272 4170 1416 4231 videlicet
1451 4171 1534 4251 quod

298 4284 375 4337 tunc
402 4277 529 4337 demum
558 4279 590 4335 et
618 4294 682 4334 non
707 4274 784 4335 alias
812 4273 985 4354 resignacio
1013 4274 1194 4355 hujusmodi
1217 4274 1344 4347 valeret,
1367 4296 1438 4336 oum
1466 4297 1534 4355 per-

299 4383 437 4444 mutaoio
464 4382 605 4462 predicta
632 4380 706 4441 hinc
733 4380 806 4443 indo
833 4401 927 4441 suum
951 4381 1107 4443 obtineret
1135 4382 1293 4453 effectum,
1315 4383 1383 4463 ejus
1408 4384 1533 4463 quidem

298 4487 522 4569 resignacionis
556 4491 710 4567 pretextu,
739 4486 885 4548 dominus
912 4491 1020 4548 noster
1048 4487 1231 4559 Edwardus,
1257 4488 1317 4549 Dei
1344 4488 1447 4566 gracia
1469 4490 1535 4549 Rex

298 4594 409 4675 Anglie
441 4592 581 4663 illustris,
607 4592 726 4651 dictum
750 4592 787 4651 R.
816 4592 855 4652 de
884 4591 1042 4663 Harlowc,
1064 4598 1096 4654 et
1128 4593 1274 4654 dominus
1303 4593 1474 4654 Nicholaus
1496 4595 1534 4655 de

298 4701 376 4771 Bas,
398 4699 498 4769 miles,
520 4698 699 4759 iohannem
719 4697 838 4758 dictum
853 4698 967 4759 Russel
985 4699 1024 4759 de
1042 4698 1229 4779 Fowehope,
1251 4719 1284 4759 se
1304 4700 1386 4760 dicte
1405 4700 1535 4761 ecclesie

298 4812 449 4887 patronos
480 4804 712 4885 pretendentes,
740 4804 780 4863 nd
815 4805 948 4865 eandem
985 4804 1148 4865 ecclesiam
1185 4808 1335 4884 tanquam
1369 4810 1534 4866 vacantem

300 4913 532 4993 presentarunt.
573 4909 753 4988 Verumque
781 4908 866 4969 dicta
892 4910 1087 4989 permutacio
1115 4930 1207 4971 suum
1245 4930 1309 4971 non
1348 4910 1535 4972 sortiebatur

299 5018 460 5089 effectum,
481 5020 576 5096 prout
596 5014 687 5076 nobis
717 5020 842 5075 constat
861 5036 917 5095 per
937 5016 1059 5078 litterae
1081 5016 1266 5078 venerabilis
1287 5015 1395 5096 patris,
1417 5016 1535 5076 domini

764 5152 878 5199 l-Spaoe
890 5150 934 5193 len
950 5152 974 5193 in
990 5154 1042 5195 MS.
