3850 5917
686 679 839 760 Episcopi
865 679 1110 759 Horcfordaasis.
1348 667 1350 673 ’
1460 681 1518 740 151

124 911 234 952 ΛΜΨ-
273 905 324 967 vel
359 905 538 985 aliqualiter
574 905 727 984 impedire
771 904 933 984 religiosos
967 905 1125 985 predictos
1160 905 1270 965 eadem
1305 904 1388 964 bona
1422 903 1519 964 libere

273 1012 456 1073 ministrare
477 1018 511 1073 et
531 1013 724 1092 dispensare,
745 1016 840 1091 prout
862 1011 922 1072 sibi
943 1016 977 1071 et
996 1011 1103 1071 domui
1125 1031 1183 1072 sue
1203 1011 1339 1072 viderint
1361 1010 1519 1090 expedire,

272 1116 361 1197 ipsos
383 1117 515 1178 ballivos
542 1117 610 1178 vioe
632 1122 665 1178 et
692 1117 880 1178 auctoritate
908 1123 1018 1177 nostra
1048 1137 1177 1200 moneas
1202 1116 1261 1177 sub
1289 1137 1372 1196 pena
1394 1135 1517 1176 excom·

274 1223 504 1284 municacionis
523 1224 661 1304 majoris,
679 1230 712 1284 et
732 1224 900 1285 efficaciter
918 1223 1058 1294 inducas,
1081 1223 1166 1303 quod
1186 1222 1318 1284 ulterius
1339 1223 1378 1283 de
1398 1222 1518 1283 eisdem

274 1330 367 1392 bonis
388 1351 423 1391 se
443 1331 624 1391 nullatenus
646 1330 869 1400 iutmmittant,
904 1329 1126 1409 permittentes
1155 1329 1332 1408 sepedictos
1354 1327 1518 1407 religiosos

274 1435 361 1514 ipsos
390 1435 423 1494 in
455 1455 533 1514 pace
567 1435 724 1514 gaudere;
754 1434 893 1513 alioquin
921 1439 1124 1494 contumaces
1160 1437 1192 1494 et
1228 1431 1360 1493 rebelles
1389 1433 1422 1491 in
1455 1433 1517 1493 hac

273 1549 363 1622 parte
391 1562 449 1622 per
477 1542 693 1622 suspensionis
718 1546 751 1602 et
785 1540 1123 1602 excommunicacionis
1150 1540 1329 1601 sentencias
1364 1538 1517 1599 canonica

273 1648 454 1708 monicione
489 1647 644 1726 premissa
674 1646 777 1708 indies
811 1665 1011 1726 compescere
1045 1666 1109 1706 non
1151 1645 1304 1716 omittas;
1351 1645 1391 1704 ad
1432 1644 1519 1724 quod

273 1753 455 1814 faciendum
486 1753 543 1814 tibi
572 1758 681 1814 tenore
702 1753 901 1832 presencium
929 1751 1158 1812 committimus
1182 1751 1267 1812 vices
1291 1755 1417 1811 nostras
1442 1769 1517 1809 cum

274 1859 479 1920 coercicionis
500 1858 651 1918 canoniea
677 1862 844 1937 potestate.
887 1858 1006 1916 Datum
1029 1855 1211 1925 Londoniis,
1234 1855 1270 1935 ij⁰
1289 1854 1359 1915 Kal.
1378 1854 1515 1915 Novem-

274 1965 347 2032 bris,
370 1983 456 2024 anno
478 1963 608 2024 Domini
630 1962 829 2024 Maeona
851 2019 856 2028 .

274 2219 357 2298 Sept.
385 2215 542 2276 27.-The
566 2215 694 2295 Bisbop,
719 2216 885 2295 appointed
910 2216 948 2294 tp
974 2216 1023 2276 tte
1050 2217 1132 2296 Popo
1158 2223 1187 2277 to
1211 2216 1349 2278 acumine
1373 2217 1439 2278 iate
1465 2217 1515 2278 tha

398 2304 478 2358 stote
504 2298 540 2376 os
564 2297 614 2357 the
641 2297 754 2374 Priorp
778 2298 814 2376 os
838 2297 1064 2376 Aterqovenny,
1092 2317 1223 2358 renoves
1251 2298 1336 2358 Falli
1365 2298 1513 2370 Gustard,

399 2378 449 2438 the
470 2379 573 2449 Prior,
596 2378 661 2438 ond
682 2378 826 2457 appoints
847 2379 884 2438 ia
906 2378 955 2439 his
974 2379 1064 2457 placa
1086 2378 1227 2439 Richord
1249 2379 1286 2439 de
1308 2379 1492 2440 Bromwc‘ch.

356 2535 517 2594 Pervacro
538 2551 674 2602 annom
703 2533 837 2592 Paroars
865 2552 910 2593 nn
931 2533 1139 2592 Bsaenvnnr
1163 2550 1206 2592 nr
1227 2551 1364 2593 canucio
1386 2551 1518 2594 novi.—

273 2639 442 2703 Universis
470 2644 580 2700 sancte
608 2638 719 2699 matris
747 2638 878 2699 ecclesie
905 2638 979 2699 filiis
1007 2639 1047 2698 ad
1074 2659 1208 2719 quorum
1235 2639 1386 2699 noticiam
1409 2639 1515 2700 littere

272 2750 439 2825 presentes
460 2744 669 2824 pervenerint,
685 2743 795 2816 Adam,
820 2750 890 2815 eta,
912 2745 1047 2805 salutem
1067 2745 1100 2803 in
1120 2745 1258 2805 Domino
1278 2745 1514 2824 sempiternam.

274 2851 414 2911 Litteras
443 2848 635 2910 sanctissimi
662 2849 761 2929 patris
789 2853 822 2910 et
846 2848 967 2909 domini
991 2849 1156 2921 lobannis,
1182 2849 1289 2910 divina
1312 2849 1515 2929 providencia

272 2957 359 3036 Pape
381 2955 493 3026 XXII,
516 2954 569 3014 filo
585 2953 715 3033 canapis
732 2958 764 3014 et
778 2973 851 3014 vera
865 2953 951 3014 bulla
964 2953 1112 3032 plumbea
1129 2953 1272 3025 bullatas,
1290 2973 1355 3014 uon
1370 2953 1510 3025 violatas,

272 3082 336 3121 uon
359 3059 559 3130 cancellatas,
584 3079 649 3119 nou
671 3058 812 3129 abolitas,
834 3079 892 3119 nee
913 3058 945 3117 in
968 3058 1073 3138 aliqua
1094 3058 1142 3118 sui
1163 3063 1254 3137 parte
1275 3063 1439 3137 corruptas
1464 3078 1512 3120 re·

272 3166 418 3247 cepimus
446 3171 587 3226 tenorem
615 3164 670 3244 qui
701 3166 844 3243 sequitur
872 3164 1090 3225 continentes:
1127 3163 1290 3224 Iohannes
1324 3163 1512 3244 Episcopus,

272 3291 385 3333 servus
406 3289 568 3331 servorum
589 3269 659 3341 Dei,
681 3268 851 3330 venerabili
871 3269 969 3340 fratri,
989 3275 1059 3341 eta,
1080 3275 1117 3329 ut
1138 3269 1171 3328 in
1192 3269 1324 3348 registro
1346 3269 1511 3330 bullarum.

272 3378 342 3438 Nos
363 3377 460 3456 igitur
479 3375 519 3435 ad
541 3375 686 3436 devotam
708 3374 784 3434 dicti
805 3375 920 3436 nobilis
940 3375 1130 3436 instanciam
1157 3376 1300 3438 volentes
1331 3377 1515 3456 hujusmodi

271 3484 461 3545 mandatum
482 3480 690 3561 apostolieum
714 3485 894 3542 reverenter
914 3481 1034 3561 exequi,
1054 3487 1091 3542 ut
1111 3487 1265 3554 tenemur,
1285 3483 1326 3542 ad
1347 3482 1513 3544 ecclesiam

271 3589 374 3651 Beate
395 3587 497 3648 Mario
518 3588 557 3647 de
571 3587 757 3666 Bergeveny
770 3585 944 3666 predictam
958 3587 1166 3665 personaliter
1184 3588 1383 3658 accessimus,
1399 3592 1432 3648 et
1446 3593 1513 3648 tam

271 3713 328 3774 per
356 3693 418 3754 loci
439 3692 642 3753 diocesauum
670 3710 766 3771 quam
793 3711 851 3770 per
881 3690 1024 3769 ejusdem
1051 3691 1111 3751 loci
1140 3693 1321 3764 monachos,
1347 3713 1383 3753 ac
1411 3693 1512 3754 eciam

270 3821 328 3880 per
355 3804 503 3870 rectores,
531 3797 673 3867 vicarios,
699 3797 887 3877 capellanos,
913 3797 1051 3869 clericos,
1074 3803 1106 3859 et
1126 3799 1223 3859 laicos
1254 3798 1287 3857 in
1310 3799 1514 3861 multitudine

271 3907 410 3986 copiosa,
441 3903 588 3965 dedicta
619 3902 735 3964 diocesi
763 3908 796 3963 et
819 3902 943 3975 vicinio,
976 3903 1030 3983 qui
1053 3904 1279 3983 premissorum
1300 3904 1513 3967 verisimiliter

272 4011 387 4074 melius
411 4010 491 4070 scire
513 4013 661 4088 poteraut
689 4008 863 4080 veritatem,
892 4008 1134 4088 inquisicionem
1162 4010 1294 4072 lecimus
1319 4009 1511 4090 diligentem,

271 4138 328 4199 per
360 4137 457 4198 quam
485 4114 696 4194 comperimus
734 4113 816 4174 bona
853 4114 953 4193 ipsius
987 4115 1146 4194 prioratus
1191 4117 1338 4176 excedere
1372 4117 1513 4178 valorem

272 4243 414 4285 aunuum
456 4223 663 4283 ducentarum
701 4241 878 4281 marcarum
920 4221 1151 4300 sterlingorum,
1193 4241 1231 4283 ex
1265 4223 1379 4303 quibus
1420 4223 1513 4286 bonis

272 4329 442 4392 tresdecim
472 4327 619 4388 monachi
651 4330 683 4387 et
719 4325 824 4406 plures
851 4326 941 4406 juxta
979 4346 1098 4388 morem
1131 4327 1320 4406 regularium
1348 4333 1380 4389 et
1407 4329 1510 4408 patrie

272 4434 534 4498 cousuetudinem
560 4436 692 4512 possent
719 4432 884 4492 commode
911 4433 1093 4505 sustentari,
1122 4438 1155 4494 et
1189 4453 1285 4494 onera
1312 4434 1357 4496 eis
1389 4435 1510 4496 incum-

271 4540 383 4603 bencia
404 4543 598 4620 supportare.
641 4537 794 4616 Idemque
824 4537 947 4609 nobilis,
977 4538 1017 4598 ad
1039 4535 1138 4598 divini
1172 4539 1277 4600 cultus
1305 4545 1510 4618 augmentum

272 4653 304 4708 et
339 4645 527 4725 ampliorem
562 4663 731 4704 numerum
764 4643 992 4704 monachorum
1020 4642 1137 4704 ibidem
1171 4643 1287 4704 futuris
1314 4645 1511 4724 temporibus

272 4750 526 4822 sustentandum,
557 4748 659 4808 Priori
697 4753 729 4809 et
760 4748 925 4809 monachis
952 4747 1029 4808 dicti
1059 4748 1217 4828 prioratus
1242 4749 1320 4810 duas
1347 4754 1512 4813 carucatas

272 4862 354 4919 terre
382 4875 457 4917 cum
476 4853 586 4936 pratis,
615 4854 749 4934 pascuis,
771 4854 877 4925 moris,
906 4859 939 4916 et
967 4855 1036 4915 aliis
1063 4875 1162 4935 prope
1191 4855 1338 4917 Castrum
1366 4856 1404 4916 de
1433 4855 1510 4918 Ber-

272 4981 402 5043 geveny,
430 4965 464 5022 et
491 4977 533 5020 xx
560 4959 656 5020 libras
686 4959 908 5038 sterlingorum
936 4979 1059 5022 annuas
1087 4961 1125 5022 de
1153 4962 1264 5023 eodem
1291 4959 1404 5023 Castro
1431 4962 1510 5024 inibi

272 5066 403 5148 singulis
423 5063 516 5126 annis
530 5065 563 5124 in
583 5063 674 5126 festis
691 5065 784 5126 Beati
798 5063 965 5127 Michaelis
986 5066 1174 5146 Archangeli
1195 5071 1227 5128 et
1241 5065 1509 5130 Annuuciacionis
