3850 5917
397 672 460 732 240
773 670 953 747 Regianum
979 669 1045 729 Ado
1073 669 1110 729 dc
1140 670 1263 730 Orleton

229 903 289 943 M)-
303 902 359 941 ¹⁸²²·
402 917 533 969 marcae,
561 897 663 983 sancti
691 896 868 957 Ethelberti
899 916 939 955 xx
967 916 1098 967 marcas,
1128 894 1351 975 Apostolorum
1379 894 1465 956 Petri
1490 899 1522 956 et
1547 894 1637 954 Pauli

400 1023 441 1061 xx
469 1022 599 1074 marcas,
631 1008 664 1063 et
685 1002 787 1062 sancti
815 1002 982 1063 Laurencii
1010 1022 1070 1061 xxx
1102 1021 1233 1061 marcas.
1290 1002 1419 1081 Nosque
1448 1000 1638 1079 Capitulum,

402 1108 555 1179 canonici,
576 1115 608 1169 et
639 1128 836 1169 successores
867 1108 968 1169 nostri
999 1108 1136 1188 prefatas
1161 1108 1309 1169 ecclesias
1336 1109 1375 1169 de
1404 1106 1585 1185 Dodlebury
1606 1110 1638 1167 et

403 1214 681 1291 Longostauntone
717 1233 789 1273 oum
817 1213 980 1285 fructibus,
1020 1220 1089 1283 etc,
1122 1214 1162 1273 ad
1198 1214 1368 1274 terminum
1405 1213 1468 1273 vite
1505 1212 1638 1291 predicti

402 1318 545 1398 magistri
567 1318 693 1379 Ricardi
717 1338 774 1397 pro
795 1317 956 1379 solucione
984 1338 1097 1378 census
1125 1322 1157 1378 et
1185 1318 1317 1397 pecunie
1345 1316 1511 1385 antedicto,
1537 1316 1638 1377 eidem

403 1429 513 1484 contra
540 1444 744 1504 quoscunque
765 1424 980 1504 cujuscunque
1012 1424 1183 1503 dignitatis,
1206 1429 1318 1493 status,
1346 1423 1585 1503 preeminencie,
1607 1428 1639 1484 et

403 1528 596 1589 condicionis
623 1529 908 1599 warantizabimus,
941 1534 1011 1599 etc,
1044 1529 1160 1590 nostris
1193 1529 1371 1608 sumptibus
1412 1535 1445 1590 et
1485 1528 1639 1607 expensio,

403 1654 589 1714 quecunque
610 1654 706 1694 onera
726 1634 892 1704 ordinaria,
913 1634 1167 1705 extraordinaria,
1191 1633 1377 1713 personalia,
1399 1639 1431 1695 et
1451 1633 1547 1693 realia
1567 1650 1639 1712 sup·

403 1746 576 1819 portantes.
610 1741 742 1808 ,Damus
772 1740 870 1801 eciam
892 1746 924 1800 et
956 1739 1157 1800 concedimus
1189 1739 1289 1800 eidem
1318 1739 1468 1818 magistro
1496 1739 1640 1809 Ricardo,

403 1846 532 1906 nomine
548 1827 687 1916 ecclesie,
703 1845 849 1924 Capituli,
870 1850 902 1904 et
921 1845 1143 1904 canonicorum
1165 1844 1386 1922 predictorum,
1402 1847 1592 1922 potestatem
1608 1848 1641 1903 et

404 1950 533 2011 liberam
548 1950 856 2011 administracionem
871 1970 928 2029 pro
947 1950 1110 2028 premissis
1125 1950 1245 2029 egendi,
1260 1948 1455 2019 defendendi,
1472 1947 1504 2007 in
1520 1948 1641 2008 animas

403 2062 529 2119 nostras
557 2078 741 2137 quecunque
768 2058 946 2137 juramenta
970 2058 1056 2117 licita
1077 2057 1247 2136 prestandi,
1269 2062 1301 2117 et
1326 2056 1386 2117 alia
1407 2057 1439 2115 in
1463 2056 1588 2135 judiciis
1609 2061 1641 2117 et

404 2170 494 2225 extra
514 2164 620 2224 omnia
639 2169 671 2225 et
690 2164 813 2243 singula
833 2163 977 2235 faciendi,
998 2183 1059 2243 qne
1080 2164 1192 2224 merita
1213 2182 1377 2223 causarum
1397 2169 1430 2223 et
1444 2162 1642 2241 oportunitas

404 2269 605 2348 negociorum
645 2269 825 2348 contingere
858 2274 1009 2347 poterunt
1043 2274 1075 2329 et
1110 2269 1302 2347 contingent.
1363 2268 1406 2328 Et
1442 2268 1468 2328 si
1505 2288 1566 2347 qua
1602 2267 1642 2327 ab

405 2377 524 2436 eisdem
552 2375 692 2437 ecclesiis
733 2377 772 2435 de
809 2375 1002 2454 Dudlebury,
1037 2376 1324 2454 Longostauntone,
1365 2379 1458 2435 antea
1497 2374 1641 2445 alienata,

405 2481 564 2552 distracta,
593 2480 739 2560 collapsa,
768 2481 880 2549 diruta,
902 2501 959 2542 sen
980 2479 1019 2540 ab
1041 2478 1196 2561 aliquibus
1217 2480 1354 2550 detenta,
1376 2480 1484 2558 adjus
1513 2485 1545 2539 et
1573 2500 1641 2558 pro·

404 2586 572 2665 prietatem
606 2586 776 2646 earundem
818 2585 1020 2646 ecclesiarum
1052 2590 1084 2645 et
1115 2604 1223 2645 earnm
1255 2584 1484 2663 pertinencium
1518 2584 1642 2645 restitui

405 2691 619 2770 procuraverit
646 2689 728 2749 infra
772 2691 943 2750 terminum
977 2710 1091 2750 census
1127 2696 1159 2751 et
1193 2688 1283 2751 firme
1317 2691 1528 2768 predictorum
1577 2690 1643 2751 suis

407 2795 586 2875 sumptibus
607 2802 638 2856 et
660 2796 775 2867 labore,
797 2799 906 2856 eadem
938 2802 1122 2875 recuperata
1150 2796 1261 2856 damus
1289 2800 1320 2856 et
1357 2797 1556 2857 concedimus
1585 2796 1644 2857 sub

407 2902 579 2963 tradicione
607 2901 748 2981 predicta
775 2922 832 2980 pro
857 2902 991 2980 pecunia
1019 2901 1178 2961 antedicta
1201 2901 1302 2961 eidem
1331 2902 1481 2980 magistro
1509 2902 1643 2962 Ricardo

405 3026 506 3087 usque
541 3006 581 3066 ad
615 3006 786 3067 terminum
822 3007 1000 3086 predictum
1028 3006 1062 3065 in
1098 3005 1426 3085 recompensacionem
1463 3006 1643 3086 hujusmodi

406 3113 647 3193 procuracionis.
683 3113 727 3172 Et
747 3132 814 3191 ego,
836 3113 990 3174 Ricardus
1011 3114 1050 3173 de
1072 3114 1220 3173 Vemoun
1241 3112 1409 3192 predictus,
1430 3112 1642 3184 cancellarius,

407 3220 547 3298 ipsarum
566 3218 767 3280 ecclesiarum
790 3220 828 3279 de
843 3219 1026 3297 Dudlebury
1050 3225 1082 3279 et
1102 3223 1379 3298 hengestauntone
1400 3219 1519 3288 demea,
1535 3224 1643 3289 terras,

406 3324 633 3404 possessiones,
658 3331 690 3385 et
721 3325 791 3405 jura
822 3345 939 3396 earum,
966 3326 1098 3385 durante
1125 3346 1222 3386 censu
1250 3330 1282 3385 et
1309 3324 1400 3385 firma
1430 3325 1588 3405 predictis,
1611 3325 1643 3385 in

407 3431 485 3491 adeo
506 3429 589 3491 bono
610 3436 696 3491 statu
725 3450 788 3509 quo
809 3450 846 3491 ea
866 3431 1037 3509 receperim
1059 3430 1249 3492 conservabo
1270 3436 1302 3492 et
1323 3432 1489 3491 dimittam.
1532 3431 1645 3511 Obligo

407 3537 507 3596 eciam
533 3556 592 3607 me,
614 3536 754 3606 heredes,
780 3541 970 3606 executores,
993 3556 1103 3597 omnes
1131 3543 1230 3597 terras
1252 3542 1283 3598 et
1308 3542 1498 3608 tenementa,
1520 3543 1552 3599 et
1572 3558 1643 3617 pos-

407 3642 565 3702 sessiones
608 3661 704 3711 meas,
747 3642 939 3721 prebendam
981 3648 1013 3704 et
1054 3664 1254 3704 communam
1297 3644 1392 3704 michi
1432 3644 1570 3704 debitam
1611 3644 1644 3703 in

408 3747 541 3808 ecclesia
570 3747 803 3818 Hereiordensi,
826 3748 866 3807 ad
894 3748 1146 3810 satisfaccionem
1169 3748 1323 3809 dictarum
1348 3748 1378 3808 lx
1398 3749 1547 3809 librarum
1575 3749 1645 3810 loco

409 3858 442 3912 et
470 3852 614 3913 terminis
645 3854 822 3923 antedictis
851 3859 884 3913 et
911 3853 951 3914 ad
979 3854 1085 3914 omnia
1110 3862 1141 3914 et
1173 3854 1295 3933 singula
1322 3874 1378 3933 per
1406 3874 1457 3915 me
1478 3855 1562 3915 dicta
1582 3855 1643 3916 dis-

409 3958 553 4019 triccioni
573 3964 606 4020 et
625 3959 779 4020 coercioni
800 3960 876 4020 dicti
902 3959 1040 4040 Capituli
1062 3965 1094 4020 et
1117 3960 1284 4040 cujuslibet
1305 3960 1418 4041 judicis
1441 3960 1643 4022 ecclesiastici

408 4068 441 4123 et
463 4064 620 4126 secularis.
663 4066 703 4125 In
724 4066 814 4144 cujus
831 4066 875 4126 rei
895 4065 1122 4136 testimonium,
1144 4070 1203 4126 eto.
1246 4065 1313 4126 Nos
1334 4065 1429 4145 igitur
1445 4067 1645 4127 attendentes

409 4168 581 4239 dacionem,
597 4170 841 4241 concessionem,
856 4175 889 4231 et
910 4170 1114 4230 tradicionem
1134 4169 1291 4248 predictas
1310 4189 1366 4249 per
1385 4170 1484 4249 ipsius
1503 4170 1645 4251 magistri

409 4276 536 4336 Ricardi
567 4277 750 4338 fidelitatem
778 4284 811 4339 et
835 4277 1024 4339 industriam
1045 4277 1110 4339 fore
1141 4282 1249 4338 nostre
1269 4276 1399 4339 ecclesie
1421 4277 1645 4339 Herelordensi

410 4383 506 4444 dante
548 4384 685 4445 Domino
731 4383 921 4463 profuturas,
969 4383 1054 4462 ipsas
1096 4382 1282 4443 auctoritate
1324 4381 1495 4462 pontificali
1536 4388 1645 4444 tenore

410 4490 609 4569 presencium
629 4490 860 4561 confirmamus,
880 4489 967 4550 salvo
986 4494 1093 4549 tamen
1110 4488 1201 4549 nobis
1222 4494 1254 4549 et
1275 4488 1506 4549 successoribus
1528 4489 1646 4550 nostris

410 4595 444 4654 in
473 4596 613 4657 ecclesiis
641 4596 822 4657 memoratis
849 4596 917 4675 jure
951 4595 1122 4675 episcopali
1150 4599 1182 4656 et
1210 4602 1317 4657 nostre
1347 4596 1487 4676 predicte
1514 4596 1645 4658 ecclesie

412 4701 573 4781 dignitate.
630 4702 669 4761 In
704 4702 795 4780 cujus
828 4702 883 4772 rei,
921 4706 981 4762 etc.
1035 4701 1153 4761 Datum
1182 4703 1265 4781 apud
1293 4701 1473 4782 Prestbury,
1503 4702 1568 4781 xvj⁰
1595 4702 1646 4764 die

411 4805 498 4877 Julii,
519 4827 603 4867 anno
624 4808 754 4868 Domini
781 4807 1004 4886 Musonio,
1030 4812 1089 4867 etc.
