3850 5917
399 686 439 747 68
772 689 953 768 Ropistrcm
979 692 1046 754 Ado
1071 692 1109 753 dc
1139 691 1262 753 Orlcton

226 916 284 957 M>-
299 917 355 957 ¹³¹⁸·
398 911 471 972 dere
502 933 566 973 non
594 913 744 986 valemus,
780 935 836 976 vos
870 915 904 975 in
939 916 1155 996 spiritualibus
1189 917 1340 978 vicuium
1375 925 1521 980 nostrum
1562 941 1634 981 cum

396 1023 555 1097 potestate
589 1025 788 1099 presentatos
816 1021 956 1101 ydoneos
993 1024 1033 1083 ad
1068 1022 1220 1084 beneficia
1259 1025 1408 1085 vacsncia
1447 1025 1636 1087 auctoritate

396 1129 506 1186 nostra
530 1124 717 1188 admittendi
738 1132 771 1188 ct
791 1127 979 1190 instituendi
1000 1127 1034 1188 in
1053 1127 1141 1208 ipsis,
1163 1134 1196 1190 et
1214 1129 1277 1191 alia
1293 1130 1401 1191 omnia
1423 1131 1507 1192 circa
1526 1131 1586 1192 hec
1602 1137 1635 1193 et

396 1230 457 1290 alia
477 1229 613 1291 faciendi
634 1251 695 1312 que
716 1233 756 1292 ad
774 1232 910 1293 officium
932 1233 1041 1294 vicarii
1061 1233 1218 1313 pertinere
1246 1240 1430 1307 noscuntur,
1452 1235 1636 1298 ordinamus

395 1339 427 1396 ct
452 1335 675 1398 constituimus
695 1356 752 1416 per
771 1342 944 1416 presentes,
977 1343 1011 1398 et
1033 1338 1123 1399 vobis
1153 1338 1187 1397 in
1215 1338 1278 1400 hiis
1298 1340 1528 1402 committimus
1549 1343 1635 1402 vices

394 1447 520 1503 nostras
549 1461 621 1502 cum
649 1443 851 1504 coercicionis
887 1444 1038 1505 canonice
1072 1448 1239 1523 potestate.
1297 1445 1337 1504 Iu
1365 1445 1456 1525 cujus
1484 1446 1539 1518 rei,
1574 1455 1634 1507 etc.

393 1547 513 1608 Datum
548 1547 632 1626 apud
662 1547 835 1626 Boscbury,
873 1547 981 1628 xxviij⁰
1016 1549 1067 1610 die
1095 1547 1217 1621 Marcii,
1249 1568 1333 1610 anno
1367 1549 1498 1610 Domini
1525 1571 1634 1630 supra-

396 1651 490 1714 dicto.

393 1921 505 1984 March
528 1923 685 2015 283-Thc
709 1923 827 2004 Bishop
851 1943 1011 2015 cmpowcrs
1036 1924 1085 2015 tlte
1112 1923 1235 2014 Officicl'
1256 1932 1285 1984 to
1309 1932 1422 2015 correct
1447 1925 1496 1985 the
1523 1925 1631 1986 abac

516 2003 617 2064 solimis
638 2003 700 2064 hod
724 2025 803 2082 copae
829 2011 857 2066 to
883 2004 961 2083 qulst
985 2005 1100 2082 duranp
1124 2004 1173 2065 tlte
1197 2005 1366 2065 Vasirctwc
1386 2005 1421 2084 oj
1443 2006 1492 2067 the
1512 2006 1630 2076 Forma

516 2085 604 2157 Roas,
630 2086 693 2146 arrd
717 2085 909 2164 Arctcnficld
933 2085 1109 2146 Decncrscs.

476 2243 657 2304 Oosssusslo
679 2260 779 2303 sacra
800 2261 961 2303 ormcumr
993 2260 1038 2302 nn
1068 2260 1346 2303 connuccromcus
1367 2260 1635 2303 mamercum.-

394 2348 572 2429 Episcopus
600 2349 714 2410 dilecto
742 2350 775 2409 in
800 2349 927 2410 Christo
952 2349 1025 2420 filio,
1048 2349 1172 2410 officiali
1193 2369 1260 2420 suo,
1282 2350 1427 2421 salutem,
1448 2356 1508 2411 etc.
1551 2350 1633 2411 Cum

393 2476 452 2518 nos
473 2476 573 2536 nuper
593 2456 741 2518 ecclosias
762 2457 944 2517 Decanatus
966 2456 1005 2516 de
1026 2455 1167 2525 Forento,
1188 2457 1257 2535 jure
1279 2456 1437 2517 ordinario
1455 2456 1632 2528 visitantes,

393 2563 544 2634 deiectus,
572 2561 713 2633 crimina,
743 2566 775 2623 et
802 2581 958 2634 excessus,
988 2561 1042 2642 qui
1070 2560 1185 2622 lincam
1215 2561 1421 2623 corrcccionis
1445 2570 1632 2642 exposcunt,

393 2667 615 2738 invenerimus,
647 2667 736 2728 vobis
766 2667 807 2726 ad
838 2665 1067 2727 correccionem
1100 2667 1281 2745 hujusmodi
1314 2667 1498 2737 taciendam,
1529 2673 1563 2729 et
1592 2668 1632 2727 sd

392 2773 623 2835 instituendum
652 2778 684 2834 ct
711 2773 947 2835 destituendum
972 2778 1109 2835 rectores
1136 2779 1169 2834 ct
1192 2772 1334 2844 vicarios,
1359 2773 1525 2852 porciones
1549 2775 1632 2835 vica·

392 2878 509 2939 riorum
529 2878 619 2956 juxta
640 2877 823 2938 sancciones
844 2876 1011 2937 canonicas
1034 2876 1291 2956 augmentandas,
1320 2895 1357 2936 ac
1378 2875 1477 2936 eciam
1498 2876 1632 2937 vicarios

393 2983 432 3045 do
470 3003 551 3044 novo
589 2983 679 3062 juxta
714 2981 794 3060 juris
832 2981 1025 3062 exigenciam
1065 2982 1283 3053 ordinandum,
1323 2981 1564 3052 instituendum,
1598 2989 1632 3044 et

392 3089 613 3160 inducendum,
638 3094 671 3150 et
698 3089 737 3149 ad
766 3089 827 3149 alia
851 3089 958 3150 omnia
985 3093 1017 3150 ot
1045 3088 1169 3169 singula
1196 3109 1257 3168 que
1281 3088 1408 3149 racione
1436 3088 1632 3151 visitacionis

391 3196 572 3275 hujusmodi
611 3196 728 3257 inerint
755 3195 907 3267 iacienda,
936 3196 1021 3256 vices
1060 3202 1185 3257 nostras
1213 3195 1442 3256 committimus
1478 3215 1535 3275 per
1561 3217 1631 3276 pre·

392 3307 498 3364 sentes
528 3321 599 3362 cum
629 3300 830 3362 coercicionis
862 3300 1012 3361 canonice
1039 3304 1206 3379 potestate.
1263 3300 1382 3359 Datum
1410 3299 1469 3370 die,
1498 3300 1568 3361 loco
1597 3307 1631 3362 et

393 3429 477 3470 anno
501 3407 660 3488 predictis.

473 3538 556 3600 Item
578 3537 713 3600 similem
734 3537 989 3598 commissionem
1009 3536 1170 3598 mandavit
1187 3535 1366 3615 Episcopus
1386 3536 1488 3598 eidem
1503 3537 1630 3598 officiali

391 3664 448 3724 pro
476 3643 680 3706 decanatibus
699 3644 738 3704 de
762 3643 827 3704 Ros
852 3649 884 3703 et
912 3643 950 3703 de
979 3642 1196 3704 Irchenicude.

392 3924 455 3984 The
477 3924 603 4002 Bishop,
625 3920 856 3983 commiserescat
878 3927 906 3981 to
926 3919 1041 3980 receive
1055 3919 1294 4000 thefirst-srcits
1309 3919 1344 3999 of
1359 3926 1470 3981 vacant
1485 3919 1627 3998 bcmficcs

514 4004 549 4064 in
570 4003 619 4064 ἰὴ(
633 4004 710 4083 four
737 4001 838 4062 Welsls
869 4001 1019 4070 Dicccscs,
1040 4020 1199 4080 cmpowers
1231 4001 1361 4061 Thomas
1381 4001 1418 4061 dc
1445 3999 1569 4062 Orlctou
1596 4009 1627 4061 lo

513 4092 563 4146 act
580 4086 634 4164 for
659 4083 725 4143 tim
748 4082 784 4142 in
808 4082 857 4143 the
880 4088 1001 4142 cmiter.

474 4241 655 4304 Oouu1ssro
697 4256 798 4298 rscrs
839 4239 1001 4298 Emsoor’o
1043 4238 1303 4298 Hnaarosnnusr
1334 4253 1379 4295 nn
1420 4253 1626 4296 ancnrcroxs

390 4363 605 4408 apramonus
650 4363 694 4404 nu
729 4360 914 4404 assumens
957 4360 1159 4402 vsosunmus
1195 4359 1229 4401 nv
1270 4359 1464 4402 nrocusmus
1510 4341 1626 4402 Musa-

390 4469 495 4524 vnusr,
512 4453 733 4520 ussnsvsssr,
748 4448 961 4511 Basooasusr
987 4466 1028 4507 nn
1054 4447 1242 4508 Asssvnnsr.
1282 4448 1380 4521 Qussr
1394 4465 1627 4510 ascnrcrouasr

390 4577 462 4620 issu
504 4573 686 4618 couurrrm
728 4572 890 4615 uso1srso
933 4554 1051 4613 Tnoun
1092 4571 1137 4612 ns
1179 4553 1520 4624 Grannona—Adam,
1555 4558 1627 4624 etc,

388 4665 539 4745 magistro
559 4664 678 4724 Thome
700 4663 738 4723 de
763 4661 921 4732 Orletone,
943 4659 1071 4721 Rectori
1090 4659 1221 4721 ecclesie
1242 4660 1281 4720 de
1311 4659 1395 4728 Acle,
1412 4659 1626 4720 Norwicensis

388 4771 530 4840 diocesis,
560 4769 703 4840 salutem,
729 4773 788 4829 etc.
832 4767 970 4827 Litteras
990 4764 1177 4826 venerabilis
1193 4763 1261 4835 viri,
1285 4763 1404 4824 domini
1427 4764 1561 4843 Rigaudi
1586 4765 1627 4825 de

388 4877 523 4948 Asserio,
538 4875 681 4937 canonici
696 4873 939 4944 Aurelianensis,
958 4872 1077 4934 domini
1091 4872 1178 4951 Papo
1196 4869 1359 4950 capellani,
1381 4875 1413 4931 et
1433 4870 1577 4948 ejusdem
1592 4871 1625 4930 in

389 4983 501 5062 Anglia
521 4980 637 5052 nuncii,
660 4978 828 5042 venerabili
850 4978 941 5058 patri,
964 4977 1092 5039 domino
1123 5021 1132 5040 .
1162 5022 1169 5038 .
1199 5023 1207 5036 .
1235 4975 1296 5037 Dei
1315 4975 1420 5054 gracia
1440 4976 1627 5038 Meneveusi

389 5088 556 5168 Episcopo,
581 5086 716 5147 directas
744 5085 947 5165 inspeximus,
979 5088 1122 5144 tenorem
1146 5084 1200 5163 qui
1231 5081 1373 5162 sequitur
1402 5082 1624 5153 continentem
