3850 5917
687 716 838 797 Episcopi
864 716 1109 796 Hercsordcnsis.
1455 718 1515 777 383

100 949 159 989 M)-
180 948 237 987 ¹³¹⁸·
280 942 520 1003 constitucicnis
534 941 725 1003 sanctissimi
743 942 850 1021 patris,
869 942 989 1002 domini
1007 942 1027 1003 J
1029 942 1171 1014 ohannis,
1189 943 1296 1003 divina
1312 943 1514 1023 providencia

280 1048 366 1127 Pape
395 1047 504 1119 XXII,
538 1067 638 1127 nuper
664 1048 756 1119 edito,
784 1067 845 1127 qne
874 1048 986 1127 incipit
1016 1048 1221 1119 Execrobc'lc's,
1246 1049 1273 1109 si
1302 1053 1334 1109 et
1363 1048 1513 1128 quatinus

280 1174 317 1214 ex
339 1153 439 1213 forma
468 1159 500 1215 et
530 1154 646 1214 effectu
674 1153 814 1231 ejusdem
843 1153 1083 1213 constitucicnis
1110 1154 1223 1215 luisset
1250 1159 1381 1214 artatus.
1445 1153 1514 1215 Nos

281 1258 385 1338 igitur,
407 1259 446 1319 ad
468 1258 656 1337 peticionem
678 1258 753 1319 dicti
781 1258 922 1338 magistri
950 1259 1077 1319 Ricardi
1104 1279 1199 1339 super
1232 1260 1395 1339 premissis
1415 1259 1511 1319 infor·

280 1365 422 1425 macione
442 1364 551 1424 habita
578 1364 729 1443 diligenti,
751 1384 787 1424 ac
815 1364 1047 1425 communicato
1070 1365 1149 1443 juris
1174 1365 1305 1425 oonsilio
1329 1364 1512 1444 peritorum,

280 1468 462 1549 ponderatis
482 1469 620 1548 undique
646 1469 865 1548 ponderandIs,
887 1469 1066 1529 invenimus
1087 1469 1204 1530 dictam
1225 1470 1454 1549 precentoriam
1474 1470 1514 1529 ab

281 1575 369 1635 omni
392 1580 424 1635 et
453 1574 634 1635 omnimoda
661 1574 837 1634 animarum
865 1594 939 1635 nura
975 1575 1062 1635 omni
1094 1580 1235 1654 tempore
1266 1574 1364 1635 luisse
1388 1579 1420 1634 et
1444 1594 1515 1635 esse

281 1681 410 1741 liberam
433 1686 466 1741 et
487 1681 669 1752 immunem,
691 1701 727 1740 ac
749 1680 867 1741 dictum
890 1680 1076 1760 magistrum
1099 1680 1269 1741 Ricardum
1297 1700 1392 1759 super
1412 1684 1515 1741 reten-

282 1787 371 1847 cione
389 1787 471 1846 dicte
490 1787 685 1865 precentoris
706 1806 777 1845 cum
799 1786 1054 1846 archidiaconatu
1075 1786 1216 1865 predicto
1237 1785 1428 1847 sufficienter
1445 1805 1516 1847 esse

282 1892 449 1963 munitum,
474 1896 506 1952 et
538 1892 577 1952 ad
601 1892 824 1952 dimittendum
851 1893 984 1953 eandem
1012 1893 1240 1972 precentoriam
1275 1912 1332 1953 seu
1361 1892 1512 1953 archidia

282 2004 430 2060 conatum
451 1998 627 2078 predictum
649 1999 738 2077 juxta
763 2000 896 2059 formam
919 1999 1158 2059 constitucionis
1179 1999 1318 2077 predicte
1339 1997 1516 2077 aliqualiter

281 2126 346 2166 non
369 2106 472 2165 artari.
528 2106 568 2164 In
590 2124 723 2185 quorum
758 2104 984 2176 testimonium,
1012 2108 1072 2164 etc.
1128 2104 1248 2163 Datum
1269 2104 1353 2183 apud
1375 2104 1514 2183 Sugwas,

281 2210 337 2290 xij⁰
358 2209 407 2269 die
429 2208 547 2269 mensis
568 2208 765 2279 Novembris,
788 2228 872 2269 anno
894 2208 1022 2269 Domini
1047 2208 1282 2289 M00000xviij0,
1304 2214 1363 2270 etc.

283 2488 365 2547 June
391 2485 546 2545 28-le
574 2484 692 2565 Bishcp
722 2484 844 2562 tcslsfies
875 2484 942 2544 thot
974 2484 1103 2545 Tlromos
1132 2484 1169 2545 dc
1198 2485 1312 2563 Astlcy,
1347 2485 1454 2544 (loiron
1482 2485 1518 2563 of

405 2566 565 2644 Herosord,
591 2566 645 2626 hos
672 2566 742 2626 boen
766 2566 910 2625 induotcd
934 2566 1000 2625 into
1021 2565 1249 2646 possessiones
1270 2565 1319 2625 tlte
1345 2565 1516 2627 Canonicol

405 2647 509 2707 Horasc
538 2653 567 2707 to
594 2646 695 2706 which
724 2645 759 2706 hc
788 2646 842 2707 has
871 2646 942 2706 been
969 2646 1107 2707 collolsd.

363 2828 475 2888 Pateat
498 2826 652 2887 universis
674 2826 758 2907 quod
786 2847 853 2899 nus,
875 2827 985 2899 Adam,
1011 2833 1080 2897 etc„
1106 2828 1254 2889 dilectum
1277 2828 1378 2889 filium
1400 2829 1513 2909 magis-

282 2940 368 2997 trum
384 2934 537 2994 Thomam
557 2934 595 2993 ds
612 2932 748 3012 Astleye‚
768 2932 953 2993 canonicum
974 2933 1248 3006 Herelordensem,
1263 2934 1369 2995 induci
1384 2934 1516 2996 lecimus

282 3042 315 3102 in
336 3040 529 3121 corporalem
548 3040 779 3119 possessionem
796 3040 961 3099 domorum
981 3040 1210 3100 canonicalium
1233 3041 1515 3102 Herelordensinm

283 3146 342 3209 sibi
363 3166 420 3225 per
438 3164 495 3205 nos
516 3144 709 3216 collatarum,
731 3144 813 3205 sicut
832 3144 865 3203 in
885 3145 1003 3206 uostris
1022 3146 1090 3206 aliis
1110 3146 1222 3207 litteris
1242 3146 1430 3207 continetur.
1473 3148 1514 3206 In

282 3271 416 3331 quorum
441 3250 667 3321 testimonium,
695 3255 754 3310 etc.
806 3250 926 3309 Datum
947 3251 1031 3329 apud
1057 3250 1316 3331 Schenyngielde,
1337 3252 1445 3329 xxviij⁰
1465 3252 1517 3313 die

282 3356 402 3420 mensis
422 3357 519 3430 Junii,
547 3376 630 3419 anno
658 3357 787 3418 Domini
808 3356 1028 3431 M⁰OGG⁰xxv⁰,
1050 3363 1112 3420 etc.

282 3638 360 3699 Noc.
388 3636 577 3698 17.-Finol
603 3635 769 3697 scttlcmccl
803 3634 879 3694 scith
912 3634 1055 3695 Richord
1088 3634 1126 3695 dc
1160 3634 1365 3707 Hourcnosch,
1400 3634 1515 3695 Robcrt

404 3719 440 3778 dc
474 3716 653 3786 Icklcslrom,
684 3716 766 3775 John
793 3716 830 3775 dc
860 3715 891 3775 lo
924 3715 1027 3788 Feta,
1054 3716 1118 3776 ond
1152 3716 1252 3793 Roqcr
1281 3716 1318 3776 dc
1352 3715 1511 3787 Brcinton,

399 3805 557 3959 pprcpntors
581 3797 616 3877 os
639 3796 780 3857 Richord
813 3796 1010 3877 [Swinfield]‚
1033 3797 1182 3875 scrcaerlp
1211 3795 1329 3875 Bishop
1356 3796 1391 3875 of
1420 3796 1514 3857 Herc·

365 4055 610 4122 Accurnrsucm
640 4068 741 4111 raons
772 4050 1029 4112 Exnonromnns
1056 4068 1175 4110 norum
1196 4051 1336 4110 chsam
1357 4068 1515 4120 Quornsrr

284 4160 562 4219 Hanunosnnrssm
594 4156 965 4218 Errscosa—Universis
993 4161 1102 4217 sancte
1137 4155 1247 4216 matris
1281 4155 1412 4216 ecclesie
1439 4156 1513 4217 filiis

284 4265 323 4325 ad
348 4283 426 4343 quos
455 4267 617 4343 presentes
645 4261 749 4323 littore
779 4262 988 4341 pervenerint,
1024 4261 1134 4332 Adam,
1159 4267 1228 4332 stc„
1257 4260 1391 4322 salutem
1447 4262 1513 4323 Lit-

283 4374 367 4431 teras
398 4367 560 4429 reverendi
591 4366 698 4447 patris,
730 4367 849 4428 domini
873 4367 1015 4438 Walteri,
1050 4367 1109 4427 Dei
1138 4367 1243 4446 gracia
1279 4366 1513 4447 Archiepiscopi

283 4474 528 4546 cantuariensis,
549 4479 619 4545 ets,
639 4474 824 4553 recepimus,
848 4478 990 4535 tenorem
1012 4473 1066 4553 qui
1087 4473 1229 4552 sequitur
1252 4472 1451 4534 continentes
1463 4494 1514 4534 :—

283 4581 452 4651 Walterus
482 4584 551 4650 ete,
579 4578 748 4640 venerabili
772 4577 869 4650 fratri,
894 4579 1023 4640 domino
1051 4578 1126 4649 Ado,
1151 4583 1210 4639 etc.
1253 4578 1302 4637 Ad
1322 4579 1513 4639 audiendum

283 4691 465 4767 compotum
487 4686 552 4747 sive
573 4684 775 4745 raciooinium
794 4684 1079 4745 administracionis
1096 4684 1249 4745 bonorum
1264 4683 1344 4745 bone
1366 4687 1516 4748 memorie

284 4792 404 4855 domini
421 4790 554 4863 Ricardi,
577 4790 652 4851 olim
677 4790 918 4852 Herelordensis
942 4789 1103 4871 Episcopi,
1125 4790 1263 4851 defuncti
1284 4791 1515 4869 predecessoris

283 4898 380 4961 vestri
401 4896 584 4969 immediati,
604 4916 661 4976 per
681 4896 779 4976 ipsius
800 4896 940 4958 defuncti
961 4902 1142 4959 executores
1169 4896 1370 4969 reddendum,
1390 4917 1513 4958 necnon

285 5005 324 5065 ed
359 5002 609 5082 compellendum
638 5002 776 5081 legitime
804 4998 985 5065 executores
1012 5002 1139 5063 eosdem
1171 5007 1208 5063 ut
1235 5006 1417 5081 compotum
1448 5004 1515 5065 sive

284 5110 438 5171 calculum
470 5108 651 5189 hujusmodi
682 5108 805 5170 fidelem
847 5110 988 5181 reddant,
1026 5109 1174 5188 ipsosque
1209 5108 1415 5171 absolvendos
1448 5112 1515 5173 sive
1557 5128 1562 5136 ·
