3850 5917
689 689 841 768 Episcopi
867 689 1111 770 Horcsordcnsis.
1480 693 1521 754 89

99 917 100 920 ’
134 923 236 962 A011318·
278 914 309 973 in
338 921 450 975 nostra
481 914 597 975 diocesi
629 913 751 975 notorie
782 914 901 974 dudum
937 916 1049 985 tenuit,
1083 922 1234 995 tanquam
1263 916 1302 976 ab
1323 937 1361 977 eo
1389 916 1521 978 dimissa

277 1018 326 1079 vel
354 1018 489 1098 perdita,
527 1039 584 1098 per
611 1038 726 1080 novam
758 1019 1022 1080 constitucionem
1051 1041 1070 1080 a
1105 1021 1306 1082 sanctissimo
1330 1022 1363 1081 in
1393 1022 1520 1083 Christo

278 1129 369 1203 patre
408 1129 441 1184 et
478 1123 606 1184 domino
642 1130 760 1194 nostro,
802 1123 930 1184 domino
971 1124 1127 1195 iohanne,
1170 1126 1277 1186 divina
1320 1127 1523 1206 providencia

276 1249 404 1290 summo
442 1229 602 1308 pontifice,
645 1234 755 1290 contra
790 1249 942 1308 personas
980 1229 1209 1291 ecclesiasticas
1240 1231 1332 1311 plura
1369 1232 1522 1293 beneficia

274 1355 386 1395 curam
407 1335 584 1395 animarum
608 1335 760 1396 habencia
781 1337 962 1416 optinentes
984 1338 1103 1397 dudum
1131 1338 1258 1410 editam,
1282 1359 1393 1399 vacare
1415 1339 1520 1399 dinos-

277 1441 368 1510 citur,
390 1461 432 1501 ne
460 1441 549 1501 vobis
578 1461 614 1502 ac
647 1441 738 1502 nobis
771 1442 964 1522 negligencia
992 1443 1167 1522 dampnosa
1194 1445 1296 1523 possit
1325 1443 1466 1525 impingi,
1489 1450 1522 1506 et

277 1546 479 1626 parochianis
507 1547 591 1609 dicte
629 1548 760 1608 ecclesie
789 1548 828 1608 cb
868 1548 1025 1609 delectum
1062 1550 1181 1629 proprii
1215 1550 1359 1611 Rectoris
1388 1551 1521 1612 ulterius

279 1653 412 1712 imineat
449 1653 624 1731 periculum
652 1653 839 1725 animarum,
873 1659 984 1715 tenore
1019 1656 1217 1734 presencium
1256 1657 1457 1717 notificamus
1488 1662 1521 1718 et

275 1757 506 1819 denunciamus
534 1759 623 1820 vobis
655 1760 856 1820 vaoacionem
885 1760 1016 1821 ecclesie
1044 1761 1083 1821 de
1122 1761 1293 1841 Kyngtone
1322 1763 1500 1842 supradicte
1512 1782 1520 1834 ;

276 1863 454 1924 amiciciam
479 1869 616 1924 vestram
637 1864 809 1926 affectuose
830 1870 977 1943 rogantes
999 1865 1149 1944 quatinus
1170 1866 1211 1925 ad
1231 1866 1334 1945 ipsam
1355 1866 1520 1927 ecclesiam

275 1991 445 2050 personam
475 1971 630 2050 ydoneam
658 1971 750 2032 nobis
778 1971 895 2031 curetis
919 1971 1062 2032 celeriter
1085 1978 1278 2050 presentare,
1301 1992 1362 2052 que
1391 1973 1429 2033 ad
1459 1973 1521 2033 Dei

275 2077 430 2138 honorem
458 2082 490 2136 et
515 2077 691 2136 animarum
717 2077 851 2137 salutem
877 2097 985 2138 curam
1008 2077 1108 2156 ipsius
1128 2097 1244 2156 gerere,
1266 2083 1298 2139 et
1319 2084 1433 2150 cetera,
1459 2099 1521 2159 que

277 2183 315 2242 ad
333 2183 480 2243 Rectoris
497 2187 643 2262 spectant
662 2182 808 2254 officium,
834 2182 949 2242 ibidem
974 2183 1050 2243 velit
1071 2190 1103 2244 et
1122 2183 1226 2245 valeat
1248 2184 1415 2245 salubriter
1435 2205 1519 2246 exer-

279 2309 357 2350 cere.
423 2288 463 2348 In
492 2288 583 2366 cujus
621 2289 674 2358 rei,
713 2294 771 2349 etc.
836 2289 956 2349 Datum
986 2290 1070 2368 apud
1106 2290 1316 2369 Dodelebury‚
1346 2291 1436 2372 xviij⁰
1470 2292 1522 2352 die

278 2393 474 2462 Decembris,
504 2413 587 2453 anno
611 2393 762 2473 predicto.

279 2625 351 2685 Dec.
376 2623 534 2684 1s-Tte
561 2623 680 2702 Bishcp
702 2623 815 2683 directa
846 2623 894 2684 tho
921 2623 1027 2684 Deuca
1050 2625 1085 2703 os
1104 2624 1256 2704 Hercford
1276 2627 1340 2686 ond
1358 2627 1468 2687 Frooro
1491 2635 1521 2688 io

403 2705 537 2784 strepenti
575 2704 623 2764 the
647 2704 844 2783 publication
871 2705 906 2782 of
931 2705 981 2764 tho
1008 2713 1143 2766 sentence
1167 2708 1203 2786 os
1225 2707 1521 2770 emmerentianae

399 2785 596 2866 proriourcced
624 2784 749 2862 against
774 2785 922 2845 Nicholoa
947 2785 985 2845 dc
1005 2785 1083 2846 Alco.

358 2955 553 3014 Mannarurr
569 2971 611 3012 an
626 2970 913 3014 susnnscnannmr
928 2971 1159 3015 ruenrcscionr
1174 2973 1522 3018 nxcourrunmicrome

274 3080 361 3122 narn
394 3080 428 3124 ru
462 3061 664 3120 Nrcsonauu
706 3079 749 3118 nn
786 3060 1087 3140 Anu-Episcopus
1124 3062 1253 3124 Decano
1293 3063 1520 3125 Herelordensi

276 3168 437 3237 salutem;
466 3166 555 3227 vobis
583 3166 771 3226 mandamus
796 3164 946 3244 quatinus
971 3165 1210 3226 denunciacioni
1233 3187 1289 3228 seu
1310 3169 1520 3246 publicacioni

276 3273 439 3336 sentencie
461 3272 589 3352 majoris
617 3271 956 3332 excommunicacionis
984 3271 1017 3330 in
1039 3271 1230 3332 Nicholaum
1250 3274 1289 3334 de
1311 3273 1387 3345 Ake,
1409 3275 1520 3355 quise

274 3381 356 3460 gerit
377 3399 435 3459 pro
456 3377 653 3458 porcionario
681 3377 714 3436 in
736 3376 867 3437 ecclesia
896 3377 934 3437 de
975 3377 1141 3456 Ledebury
1171 3384 1300 3457 propter
1327 3399 1418 3440 suam
1445 3401 1518 3440 con·

276 3486 449 3547 tumaciam
486 3483 687 3544 manifestam
715 3483 834 3561 pariter
871 3487 903 3542 et
938 3482 1093 3543 offensam
1130 3503 1187 3562 per
1221 3504 1280 3545 nos
1316 3485 1388 3555 late,
1425 3492 1520 3565 prout

277 3593 382 3653 extitit
396 3591 430 3650 in
454 3589 604 3649 mandato
618 3594 728 3648 nostro
746 3587 835 3648 vobis
850 3588 923 3648 inde
938 3588 1057 3648 directo
1071 3595 1265 3661 contentum,
1289 3591 1520 3670 supersedeatis

276 3704 308 3760 st
343 3699 424 3758 alios
452 3702 574 3758 vestros
610 3694 753 3755 subditos
782 3694 985 3772 supersedere
1021 3695 1261 3756 denunciacioni
1292 3716 1349 3756 seu
1381 3697 1518 3775 publica-

276 3805 360 3866 cioni
382 3803 566 3882 hujusmodi
590 3802 722 3870 faciatis,
745 3801 845 3861 donec
873 3821 892 3860 a
912 3799 1004 3861 nobis
1029 3821 1125 3881 super
1145 3802 1206 3862 hoo
1227 3802 1313 3862 aliud
1337 3804 1519 3882 receperitis

276 3913 310 3971 in
331 3910 501 3971 mandatis.
545 3908 664 3968 Datum
686 3906 981 3986 apudDodlebury‚
1002 3906 1091 3985 xviij⁰
1110 3908 1160 3968 die
1182 3909 1301 3968 mensis
1323 3909 1517 3980 Decembris,

276 4037 362 4078 anno
391 4014 522 4076 Domini
550 4011 786 4091 Meconem,
808 4018 868 4072 etc.

359 4145 543 4209 Consimilis
570 4145 676 4205 littera
696 4143 801 4204 extitit
822 4143 942 4204 directa
963 4143 1082 4204 decano
1112 4145 1150 4204 de
1172 4144 1296 4206 Froma.

280 4389 353 4450 Dec.
383 4385 540 4448 la-le
563 4383 681 4463 Bishop
705 4383 778 4442 cites
802 4383 921 4461 Philip,
953 4382 1002 4443 tho
1022 4382 1135 4462 parisii
1152 4383 1252 4462 priest
1279 4384 1315 4464 os
1334 4385 1465 4463 Coreioy,
1490 4395 1521 4447 to

404 4468 472 4546 pice
508 4465 645 4526 ecidcnoe
678 4463 714 4523 in
750 4463 799 4523 the
840 4470 951 4523 mutter
985 4464 1021 4541 os
1052 4463 1101 4523 cte
1135 4463 1290 4542 nmrrioqo
1317 4466 1353 4543 os
1389 4466 1520 4528 Thomna

404 4549 530 4616 Leucon,
568 4548 603 4626 os
637 4544 842 4622 Diddlebrcrp,
877 4544 955 4603 with
996 4544 1104 4621 Agrios,
1146 4545 1298 4623 dcitqlctcr
1338 4546 1374 4625 of
1412 4547 1520 4626 Hearp

404 4629 538 4690 Forrest.

362 4769 736 4848 orricio—Episcopus,
752 4773 821 4837 ete,
837 4766 994 4846 Philippo,
1009 4767 1194 4846 presbytero
1215 4769 1403 4847 parochialis
1423 4771 1520 4832 eccle-

280 4883 327 4944 sie
347 4881 386 4941 ds
419 4875 573 4954 Cornleye
598 4874 742 4944 salutem,
765 4876 823 4933 etc.
887 4873 1008 4933 Tenere
1033 4874 1232 4952 presencium
1256 4877 1466 4955 peremptorie
1488 4883 1521 4938 te

281 4988 417 5050 citamus
436 4983 586 5063 quatinus
606 4999 787 5058 compareas
809 4998 915 5038 coram
944 4978 1058 5056 [nobis]
1087 4979 1147 5039 hoc
1168 4980 1301 5040 instanti
1318 4981 1368 5041 die
1387 4981 1519 5045 Veneris

281 5093 316 5153 in
338 5091 477 5154 crastino
502 5085 604 5148 sancti
625 5085 745 5145 Thome
768 5083 910 5164 Apostoli
935 5083 968 5143 in
991 5083 1123 5145 ecclesia
1150 5085 1321 5164 parochiali
1344 5087 1384 5148 de
1407 5087 1518 5147 Brom-
