3850 5917
316 706 320 719 '
416 700 479 764 374'
790 700 971 779 Rapistram
997 700 1062 761 Ado
1088 700 1125 761 de
1154 701 1278 761 Orleton

247 932 307 973 M>-
322 932 377 971 ¹³²⁸·
419 947 532 1007 porum
554 927 594 988 ad
621 948 680 988 nos
703 926 823 988 notorie
852 932 900 987 est
928 925 1084 987 devoluta.
1127 926 1194 987 Nos
1222 926 1263 1005 igi
1279 947 1317 986 ur
1344 926 1392 987 nti
1419 926 1562 987 volentes
1582 926 1654 1005 jure

420 1031 510 1093 nobis
535 1032 639 1093 taliter
666 1032 832 1112 adquisito,
871 1031 1007 1111 capellas
1031 1031 1188 1111 predictas
1216 1032 1330 1093 dilecto
1353 1030 1419 1092 filio
1446 1032 1585 1093 Roberto
1613 1032 1654 1092 do

419 1138 601 1217 Estthrope,
624 1138 744 1209 clerico,
766 1137 967 1209 contulimus,
989 1142 1021 1198 et
1043 1136 1146 1217 ipsum
1161 1136 1328 1198 Rectorem
1347 1137 1497 1198 canonice
1513 1136 1653 1197 institui·

419 1263 490 1304 mus
511 1244 544 1303 in
569 1243 696 1304 eisdem.
749 1244 901 1318 Quocirca
933 1243 1123 1304 fraternitati
1151 1249 1254 1305 vestre
1281 1243 1476 1323 injungimus
1503 1250 1535 1304 et
1563 1263 1653 1303 man-

419 1348 531 1407 damus
566 1348 714 1427 quatinus
745 1368 855 1409 omnes
886 1352 918 1408 et
955 1347 1096 1427 singulos
1133 1368 1267 1427 quorum
1302 1348 1433 1409 interest
1461 1347 1567 1409 citetis
1595 1367 1654 1409 seu

419 1453 509 1514 citari
540 1454 662 1515 faciatis
697 1453 906 1533 peremptorie
934 1455 1018 1533 quod
1050 1460 1253 1534 compareant
1269 1468 1384 1515 ‘coram
1419 1454 1511 1515 nobis
1539 1460 1654 1533 quarto

419 1559 470 1620 die
499 1558 632 1638 juridico
666 1564 738 1637 post
769 1558 969 1619 Dominicam
996 1579 1059 1638 qna
1086 1564 1233 1620 cantatur
1260 1559 1406 1621 Officium
1433 1558 1654 1619 Misericordtn

418 1664 557 1736 Domini,
592 1663 779 1744 ubicunque,
814 1669 884 1735 otc,
918 1666 1040 1744 precise
1074 1671 1106 1726 et
1140 1666 1350 1746 peremptorie
1391 1665 1581 1746 proposituri
1620 1671 1654 1726 et

396 1770 576 1853 ‚ostensuri
592 1790 653 1853 ac,
679 1769 827 1849 quatinus
855 1770 906 1849 jus
944 1771 1073 1850 patitur,
1102 1772 1253 1850 prolaturi
1287 1772 1473 1832 canonicum
1512 1770 1540 1831 si
1566 1772 1654 1849 quod

419 1876 565 1948 habeant,
598 1896 693 1955 quare
730 1875 870 1955 prelatus
898 1876 1056 1937 Robertus
1091 1877 1124 1935 in
1163 1878 1317 1937 dictarum
1355 1876 1545 1956 capellarum
1579 1897 1652 1955 pos·

418 1981 591 2043 sessionem
620 1980 812 2061 corporalem
847 1982 1034 2042 auctoritate
1068 1988 1177 2043 nostra
1210 1982 1341 2043 minime
1382 1982 1493 2043 debeat
1534 1980 1651 2053 induci,

418 2088 531 2148 facturi
550 2088 690 2159 ulterius,
719 2092 789 2158 etc,
821 2086 1040 2148 denunciando
1064 2088 1182 2149 eisdem
1206 2088 1291 2167 quod
1318 2088 1385 2149 sive
1408 2093 1485 2147 tunc
1507 2088 1651 2147 venerint

419 2193 485 2253 sive
513 2212 586 2263 non,
612 2197 735 2263 extunc,
767 2192 916 2271 quatinus
944 2193 983 2253 de
1006 2192 1075 2270 jure
1103 2193 1287 2272 poterimus,
1315 2192 1529 2272 procedemus.
1585 2193 1653 2253 Vos

418 2297 517 2358 eciam
546 2296 664 2357 eisdem
692 2296 742 2356 die
780 2302 812 2357 et
850 2295 918 2355 loco
947 2296 1101 2357 intersitis
1129 2296 1156 2357 si
1190 2296 1279 2357 vobis
1314 2296 1469 2357 videbitur
1495 2298 1652 2376 expedire.

419 2402 577 2465 Promissa
605 2402 733 2481 insuper
759 2400 848 2462 vobis
878 2401 1105 2461 denunciamus
1133 2406 1169 2461 ut
1190 2421 1300 2463 omnes
1321 2406 1353 2462 et
1374 2401 1489 2480 singuli
1517 2421 1652 2480 quorum

417 2510 550 2570 interest
582 2508 622 2567 ad
649 2507 750 2569 dictos
778 2506 861 2567 diem
898 2511 930 2567 et
960 2506 1064 2567 locum
1092 2506 1185 2586 plene
1213 2506 1360 2569 instructi
1388 2507 1516 2567 veniant
1536 2507 1570 2566 in
1591 2507 1652 2567 hac

417 2619 516 2695 parte.
559 2614 608 2673 De
631 2613 681 2673 die
701 2632 774 2673 vero
798 2612 1000 2691 recopcieuis,
1025 2616 1084 2672 etc.
1127 2612 1246 2672 Datum
1276 2612 1360 2691 apud
1381 2611 1570 2691 Cherrynge,
1594 2611 1654 2690 iiij⁰

420 2720 468 2781 Id.
490 2719 611 2791 Marcii,
633 2738 717 2779 anno
738 2718 866 2779 Domini
888 2717 1054 2778 millesimo
1076 2717 1295 2779 Muscam

418 3004 500 3063 Mor.
522 3000 677 3063 rra-Tm
698 2999 825 3079 Bistop
847 2999 936 3077 going
957 2998 1073 3059 abrocd
1093 3019 1133 3059 oa
1154 2998 1202 3059 the
1218 2998 1328 3077 Kinq’s
1343 2999 1489 3069 aalma,
1504 2999 1649 3079 appoints

540 3083 648 3159 Hecry
683 3081 719 3141 de
748 3079 890 3151 Schema,
918 3079 1021 3139 Adam
1046 3078 1083 3139 de
1110 3080 1323 3157 Herwyatorw,
1352 3081 1416 3140 aad
1446 3080 1587 3140 Willicm
1614 3081 1652 3140 de

540 3161 720 3304 ‘Ilr'bosrteppchppa
743 3161 859 3239 jointly
884 3160 947 3221 ond
974 3160 1131 3237 severally,
1157 3167 1186 3220 to
1215 3160 1248 3221 be
1276 3160 1517 3240 Vicera-general
1542 3160 1576 3220 ic
1601 3160 1650 3221 his

499 3425 681 3486 (iouu1ss1o
702 3440 824 3482 vrcnrnr
865 3420 1209 3491 canusima—Adam,
1231 3426 1300 3492 etc,
1322 3421 1551 3483 venerabilibus
1575 3421 1651 3483 viris

418 3536 450 3592 et
478 3529 630 3601 discretis,
665 3528 799 3609 filiisque
837 3529 869 3587 in
909 3529 1035 3590 Christo
1082 3528 1213 3600 dilectis,
1252 3529 1403 3609 magistro
1437 3530 1577 3591 Henrico
1612 3530 1652 3591 de

419 3636 550 3706 Shorne,
588 3634 667 3714 juris
715 3634 816 3695 civilis
853 3634 1031 3714 professori,
1068 3636 1196 3695 domino
1238 3636 1304 3697 Ado
1347 3636 1385 3697 de
1423 3636 1650 3716 Herwyntoue,

419 3740 578 3802 canonicis
613 3740 743 3802 ecclesie
767 3745 874 3801 nostre
908 3740 1159 3811 Herelordensis,
1184 3746 1217 3801 et
1255 3741 1406 3821 magistro
1430 3742 1588 3803 Willelmo
1611 3742 1651 3803 de

419 3847 606 3926 Fowehope,
631 3846 757 3906 Recton'
782 3846 912 3907 ecclesie
940 3846 979 3907 de
1001 3846 1180 3925 Westbury,
1205 3852 1313 3907 nostre
1340 3847 1482 3918 diocesis,
1504 3847 1650 3919 salutem,

418 3959 478 4015 etc.
534 3952 615 4027 Quia
642 3951 680 4013 de
709 3952 858 4012 mandato
885 3952 1006 4014 domini
1032 3952 1142 4023 nostri,
1169 3952 1265 4032 Regis
1286 3952 1397 4033 Anglie
1431 3953 1571 4024 illustris,
1593 3973 1652 4033 pro

420 4058 607 4139 quibusdam
642 4057 747 4118 arduis
782 4056 920 4137 negociis
950 4057 1054 4137 ipsum
1086 4058 1288 4138 tangentibus
1326 4060 1367 4119 ad
1403 4064 1510 4138 partes
1547 4064 1651 4121 trans·

419 4164 557 4224 marinas
577 4162 811 4243 proficiscentes
839 4163 1148 4225 administracionem
1169 4164 1379 4243 spiritualium
1403 4163 1565 4225 intendere
1585 4184 1651 4225 non

419 4270 569 4342 valemus,
608 4268 647 4329 de
681 4273 787 4329 vestra
824 4268 976 4330 fidelitate
1013 4273 1046 4329 et
1083 4268 1238 4329 industria
1277 4269 1404 4349 plenam
1441 4270 1474 4328 in
1513 4270 1653 4331 Domino

419 4375 566 4436 fiduciam
588 4374 777 4454 optinentes,
800 4394 857 4435 vos
877 4374 1073 4453 conjunctim
1100 4379 1133 4435 et
1160 4374 1285 4434 divisim
1312 4374 1444 4435 vicarios
1463 4380 1589 4435 nostros
1618 4375 1652 4435 in

419 4480 634 4560 spiritualibus
678 4480 859 4541 ordinamus
900 4484 933 4541 et
960 4479 1183 4540 constituimus
1209 4499 1266 4558 per
1292 4485 1463 4558 presentes,
1494 4500 1530 4540 ac
1551 4479 1651 4552 vobis,

419 4594 489 4657 etc,
511 4586 595 4647 vices
623 4590 747 4646 nostras
776 4584 1014 4656 committimus,
1043 4590 1112 4655 etc,
1144 4584 1243 4645 donec
1272 4604 1326 4645 eas
1357 4584 1536 4645 duxerimus
1563 4570 1655 4646 reve-⁶

419 4692 545 4751 caudas.
601 4690 720 4750 Datum
741 4690 774 4749 in
793 4690 935 4769 hospicio
954 4695 1063 4752 nostro
1084 4690 1174 4767 juxta
1195 4689 1522 4759 Westmonastorium,
1543 4689 1654 4770 xxviij⁰

420 4798 470 4859 die
501 4796 619 4859 mensis
647 4796 768 4867 Marcii,
801 4816 885 4856 anno
916 4796 1045 4857 Domini
1066 4795 1232 4856 millesimo
1253 4795 1474 4857 trecentesimo
1500 4795 1654 4858 vicesimo

420 4903 565 4983 septimo,
587 4908 645 4964 etc.
