3850 5917
699 658 851 739 apaaps
877 658 1122 739 uaesanae.
1469 662 1529 723 313

90 894 156 930 ⁸0-
189 892 250 929 ’Μ
291 883 440 963 primitus
471 883 531 944 rite
562 883 707 963 peractis,
739 883 807 945 vice
838 890 871 945 et
901 884 1090 945 auctoritate
1121 890 1230 945 nostra
1260 885 1301 945 ad
1330 884 1429 964 ipsius
1457 904 1528 964 pur-

289 989 453 1067 gacionem
481 990 666 1051 canonicam
694 990 881 1069 procedatis.
937 990 1029 1065 Quod
1057 991 1084 1052 si
1112 1010 1223 1051 omnes
1251 991 1313 1051 hiis
1342 991 1531 1071 exequendis

290 1115 355 1156 non
382 1095 527 1174 poteritis
555 1095 718 1167 interesse,
747 1096 810 1156 duo
838 1100 979 1157 vestrum
1008 1116 1045 1157 ea
1072 1095 1297 1157 nichilominus
1326 1101 1528 1176 exequantur.

290 1200 412 1260 Datum
440 1200 524 1279 apud
552 1200 710 1261 Bathcote
745 1246 752 1259 .
790 1246 796 1259 .
834 1247 840 1260 .
878 1247 884 1261 .

291 1452 384 1531 April
405 1458 454 1512 12.
455 1453 561 1513 -Tbs
586 1452 705 1533 Bisbop
729 1453 939 1515 comissione
955 1454 1004 1515 the
1036 1454 1125 1515 Deua
1146 1455 1182 1534 os
1205 1454 1335 1515 Ludloro
1358 1461 1387 1515 to
1409 1474 1532 1533 lnqutrs

417 1534 484 1594 into
509 1534 558 1595 tbe
584 1533 638 1614 lise
661 1534 725 1595 aad
749 1534 968 1614 characteres
988 1535 1090 1595 Adam
1113 1535 1264 1605 Benturd,
1289 1534 1379 1605 cleric,
1405 1535 1533 1595 accrned

411 1615 447 1693 os
474 1614 605 1693 staulinq
631 1621 687 1676 two
711 1636 788 1675 occu
811 1623 845 1675 at
869 1616 1014 1695 Bisbop’s
1039 1616 1157 1676 Froruc.
1215 1616 1263 1676 Oa
1286 1616 1363 1693 May
1388 1618 1416 1683 4,
1442 1618 1532 1687 1326,

415 1696 465 1756 tbe
486 1696 683 1757 Arcbdeacou
703 1697 739 1775 of
759 1696 921 1788 Hcreford,
947 1696 1032 1757 John
1055 1696 1092 1756 de
1118 1698 1149 1757 la
1173 1696 1275 1767 Feldc,
1300 1635 1363 1757 anri
1392 1662 1534 1756 Williarri

414 1776 451 1837 ds
473 1777 645 1856 Fownbope
669 1798 722 1838 arc
746 1777 978 1839 commisstbnsd
1004 1784 1032 1838 to
1057 1784 1180 1839 actor
1125 1778 1180 1857 scr
1205 1777 1253 1838 tbe
1278 1777 1436 1857 Bisbop
1422 1796 1458 1836 aa
1482 1777 1532 1837 tbe

412 1865 525 1918 matter
548 1858 706 1938 osticium
729 1859 872 1919 Berrturd
892 1858 1028 1939 purqinq
1044 1857 1176 1938 binsscls

370 2013 457 2073 Irsu
478 2031 541 2075 rao
561 2032 768 2075 ennaremus
790 2032 950 2076 cssoruca
970 2016 1042 2075 Ans
1064 2016 1234 2087 Bissulae,
1257 2033 1397 2087 cassim,
1420 2034 1530 2077 mosn-

290 2120 573 2191 csaaua-Adam,
594 2125 664 2190 etc,
687 2120 816 2181 Decano
837 2120 876 2181 de
898 2120 1065 2183 Lodelowe
1090 2120 1234 2192 salutem,
1256 2126 1315 2183 ete.
1368 2122 1417 2181 Ex
1441 2127 1531 2201 parte

292 2224 359 2287 Ade
381 2226 524 2287 Bernard
549 2226 589 2287 de
620 2226 809 2298 Brincfelde,
831 2226 945 2297 clerici,
978 2246 1073 2307 super
1099 2226 1231 2289 erimine
1258 2226 1344 2299 furti,
1375 2228 1530 2299 videlicet,

288 2334 329 2395 de
362 2334 564 2413 surrepcione
596 2334 731 2395 duorum
768 2334 864 2395 boum
899 2334 984 2414 apud
1016 2334 1164 2395 Fromam
1200 2334 1360 2413 Episcopi,
1396 2333 1465 2405 sibi,
1494 2338 1532 2395 ut

288 2440 412 2511 dicitur,
437 2440 517 2500 falso
545 2439 703 2519 imposito,
732 2445 802 2511 eta,
830 2444 867 2501 nt
895 2459 999 2519 supra.
1053 2440 1121 2500 Nos
1145 2444 1261 2510 sutem,
1287 2439 1429 2501 volentes
1452 2439 1532 2519 juris

290 2546 433 2606 ordinem
455 2544 564 2625 quiin
592 2546 652 2607 hac
679 2550 769 2625 parte
789 2545 959 2626 requiritur
984 2545 1157 2617 observare,
1173 2546 1231 2607 tibi
1248 2545 1476 2606 committimus
1499 2549 1532 2606 et

291 2652 479 2713 mandamus
510 2652 661 2732 quatinus
688 2672 746 2732 per
774 2652 858 2713 viros
878 2651 1062 2731 lidedignos,
1091 2651 1145 2732 qui
1176 2652 1252 2712 dicti
1285 2651 1351 2712 Ade
1372 2652 1469 2712 vitam
1499 2656 1533 2712 et

289 2757 566 2819 conversacionem
594 2762 776 2837 agnoscant,
804 2758 844 2819 de
864 2758 949 2817 lama
973 2757 1073 2836 ipsius
1096 2762 1128 2819 et
1148 2757 1282 2818 veritate
1306 2756 1531 2836 premissorum

294 2863 460 2944 inquiratis
479 2864 664 2944 diligencius
684 2863 860 2924 veritatem.
903 2863 947 2923 Et
968 2863 1043 2943 quid
1064 2883 1121 2942 per
1139 2862 1272 2924 eandem
1291 2860 1532 2942 inquisicionem

291 2975 352 3030 etc.
408 2970 528 3029 Datum
567 2967 763 3039 Hereiordie,
798 2968 856 3048 xij⁰
890 2968 941 3029 die
970 2967 1088 3029 mensis
1122 2966 1247 3047 Aprilis,
1283 2986 1367 3027 anno
1402 2966 1531 3027 Domini

290 3074 512 3146 ΜὊΟΟἮΨ,
529 3080 588 3135 etc.

372 3206 417 3265 Et
451 3205 509 3285 iiij⁰
539 3205 590 3267 die
611 3204 730 3267 mensis
752 3204 839 3277 Maii,
861 3224 954 3275 anno,
977 3208 1047 3275 etc..
1069 3204 1173 3283 xxvj⁰¹
1203 3202 1362 3264 commisit
1383 3201 1531 3263 dominus

289 3312 374 3391 apud
396 3309 620 3390 Scheningield
633 3311 718 3372 vices
739 3331 814 3372 suas
835 3310 875 3371 ad
894 3310 1127 3391 procedendum
1150 3310 1190 3369 ad
1211 3308 1433 3389 purgacionem
1455 3308 1531 3368 dicti

291 3415 358 3477 Ado
382 3415 415 3475 in
437 3415 539 3476 forma
560 3414 1066 3495 suprascriptsz-Archidiacono
1089 3414 1323 3485 Hereiordensi,
1349 3414 1477 3475 domino
1500 3412 1530 3473 J.

291 3522 331 3582 de
355 3519 386 3581 la
416 3521 522 3592 Felds,
544 3520 706 3593 canonico,
727 3526 760 3582 et
783 3522 934 3600 magistro
961 3522 1012 3582 W.
1035 3522 1074 3582 de
1098 3522 1285 3601 Fowehope,
1307 3527 1377 3593 etc,
1399 3521 1532 3583 mutatis

289 3626 461 3687 mutandis.

289 3867 385 3927 Form
410 3867 446 3946 os
469 3866 589 3928 Letters
613 3867 649 3948 of
675 3867 850 3928 Ordersa
814 3868 850 3947 (a
850 3869 865 3947 )
883 3868 938 3947 sor
961 3887 982 3927 a
1009 3867 1183 3928 candedata
1203 3868 1326 3947 frent
1314 3867 1363 3927 the
1388 3866 1514 3946 Bisbop'
1516 3888 1532 3927 s

416 3968 484 4008 own
506 3948 642 4019 Discese,
674 3948 724 4029 (b)
742 3950 797 4028 sor
820 3968 875 4009 one
901 3948 1074 4027 ecbibitinq
1102 3948 1221 4009 Letters
1250 3947 1425 4025 Dimissorp
1447 3949 1533 4027 from

412 4028 594 4089 anotbch
565 4028 693 4109 Bisbop.

131 4227 180 4266 μοι
196 4230 224 4267 „⁶
375 4184 497 4246 Tenere
530 4186 729 4265 presencium
756 4191 865 4265 pateat
895 4185 1052 4247 universis
1079 4186 1163 4265 quod
1194 4205 1261 4257 nos,
1298 4185 1346 4256 Α.,
1378 4190 1448 4257 etc..
1478 4186 1530 4247 die

293 4289 422 4351 Sabbati
458 4289 516 4369 iiij⁰
549 4296 728 4370 temporum
763 4290 796 4350 in
831 4291 1006 4352 ebdomada
1040 4291 1247 4363 Penticostes,
1282 4312 1366 4353 anno
1401 4292 1530 4352 Domini

294 4394 434 4455 M⁰000⁰
454 4394 604 4456 vicesimo
625 4394 684 4474 iiij⁰
710 4395 744 4453 in
765 4396 897 4457 ecclesia
920 4396 1092 4474 parochiali
1117 4397 1156 4457 de
1180 4396 1229 4467 Β.,
1257 4401 1365 4457 nostre
1388 4396 1530 4467 diocesis,

293 4500 420 4561 ordines
441 4500 645 4571 celebrantes,
674 4500 824 4561 dilectum
852 4470 885 4560 in
914 4501 1042 4563 Christo
1063 4501 1172 4573 lilium,
1194 4501 1223 4562 J.
1246 4502 1284 4562 de
1305 4501 1354 4573 Β.,
1371 4501 1531 4573 acolitum,

215 4593 262 4704 ds
291 4600 475 4665 adtitulum
496 4605 679 4685 patrimonii
701 4605 749 4667 sui
772 4606 804 4665 in
825 4606 1053 4667 subdiaconum
1081 4606 1306 4667 ordinavimus.

373 4735 432 4797 Vel
466 4736 512 4797 sic
528 4736 607 4797 z-J.
643 4737 682 4798 de
710 4737 764 4808 H„
793 4737 1035 4817 Lyncolnisnsis
1057 4737 1191 4799 diocesis
1221 4737 1381 4808 acolitum,
1410 4737 1534 4799 litteras

291 4842 486 4904 dimissorias
509 4843 559 4904 sui
580 4843 740 4905 diocesani
760 4844 852 4907 nobis
872 4844 1071 4905 exhibentem
1096 4844 1135 4905 de
1163 4843 1257 4905 titulo
1278 4844 1460 4923 patrimonii
1482 4844 1531 4905 sui

353 4978 441 5019 1-an
453 4976 479 5019 ol
493 4979 535 5020 the
547 4977 618 5019 detes
635 4978 659 5018 ln
673 4979 724 5019 thie
736 4983 807 5026 entry
820 4978 841 5020 is
855 4979 944 5021 almost
956 4978 1074 5026 certainly
1090 4986 1180 5025 wrong.
1213 4980 1235 5019 lt
1253 4978 1273 5019 ls
1293 4978 1365 5019 much
1387 4988 1452 5019 more
1464 4976 1537 5026 likely

288 5041 345 5082 thet
364 5050 410 5081 one
429 5040 513 5081 month
533 5042 616 5081 rather
634 5040 695 5082 than
716 5040 822 5083 thirteen
843 5043 942 5084 months
961 5042 1100 5083 intervened
1122 5042 1229 5083 between
1249 5040 1291 5082 the
1313 5039 1407 5087 lnqulry
1423 5040 1471 5081 and
1492 5041 1536 5083 the

290 5102 398 5151 purnlna.
