3850 5917
397 677 437 736 44
771 677 949 756 Reqistrrcn
976 677 1042 739 Ado
1068 677 1106 739 dc
1134 677 1260 739 Orictoa

226 907 282 946 Μ)-
298 909 352 948 ¹³¹⁷·
395 900 545 961 vicarium
568 901 601 960 in
621 901 835 981 spiritualibus
858 900 1049 973 ordinamus,
1067 907 1127 962 etc.
1168 901 1210 961 In
1231 901 1321 983 cujus
1342 901 1388 962 rei
1404 901 1634 973 testimonium,

395 1011 455 1067 etc.
507 1008 627 1067 Datum
662 1008 746 1087 apud
777 1008 977 1088 Prestebury,
1002 1009 1109 1088 xxviij⁰
1136 1008 1187 1069 die
1216 1008 1371 1081 Octobris,
1396 1028 1481 1069 anno
1503 1007 1636 1069 Domini

396 1109 535 1172 ΜΟΟΟΟο
555 1111 822 1192 septimodecimo.

224 1359 282 1397 ao.
298 1360 352 1398 isis.
396 1332 469 1392 Jan.
501 1333 636 1394 3.—Tbc
664 1333 783 1413 Bishop
814 1334 916 1396 writes
945 1342 975 1395 to
1004 1335 1052 1396 the
1080 1333 1170 1396 Dcoc
1196 1333 1232 1414 of
1259 1336 1411 1416 Hercsord
1438 1336 1551 1415 urpinq
1583 1337 1635 1398 the

515 1413 666 1493 strinpcct
690 1414 848 1476 collection
871 1416 907 1495 of
928 1415 978 1476 the
1001 1436 1123 1476 ancora
1148 1417 1183 1495 of
1209 1416 1257 1477 tte
1284 1416 1461 1510 Gurdioalc'
1481 1437 1632 1509 procura·

516 1494 606 1566 tioru,
633 1495 743 1564 which,
771 1496 870 1556 uode
898 1495 993 1574 beaw
1017 1496 1179 1576 pericliter,
1207 1505 1289 1558 must
1314 1497 1348 1559 be
1368 1499 1449 1578 perd
1472 1519 1509 1558 m
1534 1496 1633 1577 before

406 1609 408 1616 ι
517 1576 590 1636 Jon.
611 1581 661 1637 20.
719 1579 761 1638 l'o
783 1577 832 1638 tlte
856 1577 954 1638 Abtot
974 1575 1010 1656 of
1034 1577 1184 1656 Wiqmora
1209 1578 1245 1639 hc
1268 1578 1476 1640 writessmorc
1499 1580 1632 1658 aavwcly

515 1657 695 1736 concercinq
717 1657 766 1718 the
786 1679 878 1719 suma.

468 1785 658 1867 ‘Oouurssro
680 1823 780 1866 sacua
802 1823 938 1867 nonnus
960 1808 1098 1868 Dnoaro
1129 1826 1172 1868 nu
1202 1808 1367 1869 Ormruno
1388 1808 1634 1868 Hnanrosnnr-

394 1929 489 1972 ersus
523 1929 585 1972 rso
620 1929 814 1971 assumens
839 1929 1113 1973 rsoousaoronuu
1145 1913 1633 1985 Ornnrnan1uu.—Adam,etc.,

394 2017 623 2078 venerabilibus
648 2017 732 2087 viris,
762 2023 831 2089 etc..
861 2017 990 2078 Decano
1018 2023 1050 2078 et
1082 2017 1228 2097 Capitulo
1251 2019 1359 2079 nostre
1391 2018 1635 2079 Hereiordensis

395 2122 526 2184 ecclesie
547 2121 765 2183 collectoribus
796 2122 1056 2201 procuracionum
1081 2123 1257 2183 debitarum
1288 2123 1467 2184 reverendis
1491 2123 1636 2202 patribus

396 2228 430 2287 in
451 2228 577 2290 Christo
598 2227 734 2288 dominis
754 2226 937 2299 Gaucelino,
952 2227 1013 2288 Dei
1032 2228 1136 2307 gracia
1155 2227 1240 2288 tituli
1261 2234 1442 2289 sanctorum
1456 2228 1635 2290 Marcellini

396 2339 429 2393 et
448 2332 542 2393 Petro
561 2331 753 2410 presbytero,
771 2323 880 2392 ean'cte
899 2331 1041 2392 Romane
1059 2331 1189 2393 ecclesie
1208 2333 1470 2403 vicecancellario,
1490 2352 1528 2392 ac
1547 2333 1635 2394 Luce

396 2443 505 2498 sancte
536 2437 638 2498 Mario
670 2437 702 2496 in
733 2437 784 2498 via
810 2437 890 2498 Lata
920 2437 1062 2508 diacono,
1097 2437 1314 2498 Cardinalibus
1336 2437 1507 2517 apostolice
1539 2438 1633 2508 sedis,

394 2543 520 2603 nunciis
536 2543 570 2602 in
586 2543 723 2614 clvitate,
739 2543 903 2614 decanatu,
918 2547 950 2603 et
968 2542 1223 2604 archidiaconatu
1237 2541 1522 2603 Hereiordensibus
1536 2543 1633 2620 depu-

394 2649 480 2720 tatis,
502 2648 646 2720 salutem,
675 2653 734 2709 etc.
787 2647 976 2708 Mandatum
1003 2648 1245 2709 reverendorum
1268 2653 1395 2726 patrum
1419 2647 1632 2727 predictorum

393 2755 569 2834 recepimus
609 2754 641 2813 in
675 2754 733 2814 hec
770 2753 865 2814 verba
881 2753 1139 2814 :—Miseracione
1176 2752 1284 2813 divina
1321 2751 1522 2821 Gaucelinus,
1561 2758 1632 2822 etc,

397 2881 433 2922 ac
461 2861 573 2932 Lucas,
602 2866 671 2932 etc,
700 2859 882 2922 cardinales
907 2859 1077 2939 apostolice
1102 2858 1186 2920 sedis
1209 2859 1327 2929 nuncii,
1351 2858 1521 2919 venerabili
1549 2856 1634 2936 patri

395 2967 523 3028 domino
558 2967 618 3026 Dei
652 2967 755 3046 gracia
790 2965 949 3045 Episcopo
985 2964 1210 3025 Herefordensi
1245 2963 1380 3024 salutem
1415 2963 1448 3022 in
1483 2964 1632 3024 Domino.

394 3073 475 3134 Cum
497 3091 592 3152 super
612 3070 886 3150 procuracionibns
908 3069 999 3131 nobis
1020 3069 1192 3149 apostolica
1212 3069 1286 3129 sede
1307 3068 1466 3130 concessis
1499 3069 1533 3128 in
1557 3069 1632 3129 civi-

395 3183 461 3239 tate
482 3181 514 3238 et
547 3177 663 3238 diocesi
691 3177 805 3237 vestris
834 3195 890 3254 per
919 3195 976 3236 voe
1007 3175 1147 3236 collectis
1175 3180 1208 3235 et
1235 3174 1418 3254 colligendis
1441 3194 1566 3234 necnon
1593 3174 1634 3235 de

393 3283 532 3364 prelatis,
568 3283 749 3352 rectoribus,
783 3281 939 3361 capitulis,
972 3281 1179 3342 conventibus
1209 3280 1412 3340 ecclesiarum
1446 3285 1479 3340 et
1507 3298 1634 3340 monas·

395 3389 545 3451 teriorum
567 3393 598 3449 et
619 3388 751 3448 aliorum
768 3388 917 3459 locorum,
936 3406 974 3446 ac
992 3386 1135 3465 personis
1154 3385 1375 3446 ecclesiasticis
1393 3383 1634 3464 quibuscunque

395 3495 533 3557 civitatis
560 3499 592 3555 et
615 3493 748 3554 diocesis
771 3493 984 3574 predictarum
1005 3492 1059 3571 qui
1090 3491 1177 3572 ipsas
1204 3490 1365 3552 solverunt
1391 3489 1441 3550 vel
1475 3509 1540 3550 non
1572 3490 1634 3550 sol·

395 3605 517 3669 verunt,
544 3619 599 3678 per
622 3604 793 3678 quaternos
817 3618 873 3660 seu
901 3598 1022 3659 rotulos
1046 3603 1102 3658 aut
1125 3595 1257 3675 registra
1281 3594 1425 3654 coniecta
1445 3614 1540 3674 super
1560 3594 1633 3665 hiis,

395 3706 510 3782 babere
532 3705 665 3766 velimus
687 3705 917 3774 certitudinem,
947 3725 984 3764 ac
1012 3702 1120 3763 audire
1148 3703 1187 3762 de
1214 3700 1364 3780 predictis
1389 3705 1572 3778 compotum
1600 3705 1634 3760 et

394 3812 567 3892 pleniorem
596 3811 679 3872 siout
707 3810 831 3890 expedit
865 3809 1034 3878 racionem,
1064 3809 1218 3877 volumus,
1255 3805 1406 3886 vobisque
1443 3804 1635 3868 auctoritate

395 3917 568 3997 apostolica
588 3917 679 3978 nobis
700 3917 732 3975 in
755 3915 814 3975 heo
833 3920 922 3993 parte
944 3914 1113 3976 commissa
1133 3912 1166 3970 in
1187 3912 1303 3972 vimute
1323 3916 1432 3972 sancte
1452 3909 1635 3974 obediencie

395 4023 536 4084 districte
567 4021 767 4102 precipiendo
799 4019 996 4090 mandamus,
1028 4017 1177 4097 quatinus
1208 4015 1295 4076 omni
1327 4035 1415 4075 mora
1444 4015 1633 4095 postposita,

394 4150 450 4209 per
471 4148 527 4189 vos
552 4147 608 4188 seu
629 4125 811 4186 collectores
832 4130 955 4185 vestros
980 4123 1030 4183 vel
1054 4122 1150 4182 alium
1173 4142 1230 4182 seu
1254 4121 1333 4181 alios
1354 4140 1449 4198 super
1468 4119 1634 4198 premissis

394 4235 585 4298 sufficienter
619 4233 800 4302 instructos,
832 4251 904 4291 cum
936 4228 1107 4310 quaternis,
1139 4226 1251 4288 rotulis
1282 4247 1338 4287 seu
1373 4226 1513 4306 registris
1548 4227 1633 4305 apud

394 4340 575 4401 Londonias
596 4358 701 4399 coram
723 4336 814 4398 nobis
835 4335 885 4396 vel
909 4335 1089 4396 camerariis
1110 4332 1228 4394 nostris
1252 4331 1334 4392 inira
1360 4332 1517 4392 instantes
1538 4331 1633 4392 Octa·

393 4446 449 4506 bas
473 4444 546 4505 festi
576 4444 659 4504 beati
689 4442 814 4513 Hilarii,
849 4441 959 4503 diebus
988 4440 1103 4520 quibus
1132 4438 1277 4518 poteritis
1306 4443 1339 4498 et
1368 4436 1457 4497 vobis
1485 4437 1633 4515 expedire

392 4550 557 4620 videbitur,
583 4567 763 4628 comparere
788 4545 913 4616 curetis,
942 4550 979 4606 ut
1007 4551 1072 4604 tam
1097 4564 1136 4605 ex
1159 4542 1315 4604 relacione
1338 4546 1444 4601 vestra
1471 4561 1566 4620 quam
1595 4561 1634 4600 ex

394 4654 592 4735 inspeccione
613 4653 765 4714 dictorum
799 4652 983 4721 rotulorum,
1015 4654 1249 4730 quaternorum,
1282 4667 1338 4708 seu
1369 4646 1571 4726 registrorum
1594 4647 1635 4708 de

392 4759 668 4842 procuracionibus
689 4759 766 4838 ipsis
792 4757 904 4819 solutis
924 4762 957 4816 et
982 4777 1046 4815 non
1071 4755 1192 4825 solutis,
1215 4759 1247 4813 et
1268 4774 1287 4813 a
1308 4751 1422 4832 quibus
1442 4756 1476 4812 et
1498 4752 1636 4832 qualiter

392 4874 425 4929 et
458 4868 496 4927 de
529 4865 668 4945 ipsarum
697 4864 861 4943 arreragiis
889 4869 922 4922 et
950 4859 1201 4922 circumstanciis
1222 4858 1378 4919 universis
1412 4857 1571 4919 racionem
1601 4864 1637 4920 et

393 4977 575 5052 compotum
595 4972 714 5032 clarum
737 4975 769 5032 et
794 4970 980 5030 distinctum
1004 4966 1152 5045 recipere,
1176 4972 1209 5026 et
1234 4964 1492 5025 informacionem
1517 4963 1635 5028 habere

393 5078 565 5161 plenariam
594 5078 764 5148 valeamus,
789 5095 906 5154 vosque
930 5071 1080 5154 quicquid
1104 5072 1143 5133 de
1166 5070 1442 5150 procuracionibus
1467 5069 1545 5149 ipsis
1569 5071 1633 5132 col·
