3850 5917
386 659 445 718 120
759 657 939 736 Ropistrnm
966 659 1032 719 Adc
1058 658 1096 719 dc
1125 658 1249 719 Orleton

216 890 274 929 ΑΒ·
291 890 347 929 ¹³¹⁹·
388 883 491 944 eidem
516 884 691 944 Laurencio
719 883 752 943 in
780 883 893 964 Anglia
913 885 1089 956 restituere,
1125 885 1175 946 vel
1198 886 1320 962 justum
1344 885 1485 964 precium
1513 905 1625 946 eorun-

388 990 469 1060 dem,
491 995 585 1068 prout
604 989 757 1069 placuerit
778 991 923 1070 religioso
940 991 1008 1051 viro
1024 991 1113 1051 fratri
1132 990 1281 1062 Johanni,
1303 990 1418 1051 Abbati
1439 991 1626 1052 Monasterii

390 1095 430 1155 de
459 1093 589 1173 Hayles,
619 1095 774 1155 avunculo
798 1095 873 1156 dicti
899 1096 1076 1165 Laurencii‚
1101 1101 1133 1156 et
1161 1095 1336 1156 Laurencio
1364 1095 1533 1157 antedicto.
1585 1096 1625 1156 In

386 1200 478 1279 cujus
499 1200 553 1271 rei,
579 1205 638 1262 eto.
694 1201 813 1262 Datum
839 1201 871 1260 in
897 1201 1039 1281 prioratu
1063 1202 1165 1262 sancti
1192 1201 1300 1280 Ruphi
1320 1203 1409 1281 juxta
1430 1201 1626 1275 Avinionem,

386 1313 499 1387 quarta
527 1308 577 1369 die
606 1309 724 1369 mensis
752 1308 950 1380 Novembris,
980 1329 1064 1370 anno
1092 1308 1222 1369 Domini
1250 1309 1462 1372 M00000xi10.

389 1551 464 1612 Jan.
487 1552 643 1613 17.-The
668 1552 787 1631 Bisbcp
811 1554 846 1631 os
866 1553 1019 1632 Heresord
1039 1553 1187 1632 nornine
1213 1561 1242 1615 to
1268 1554 1317 1615 the
1341 1555 1459 1634 Bishop
1480 1557 1515 1634 os
1538 1554 1628 1616 Ostia

513 1633 576 1692 and
609 1633 733 1694 Vellrtrc'
759 1653 802 1693 un
829 1633 949 1694 annual
979 1634 1111 1713 pennen
1137 1634 1173 1713 os
1203 1655 1224 1695 a
1252 1634 1392 1696 hundred
1420 1637 1544 1714 florius,
1573 1637 1629 1727 jor

507 1713 688 1793 furtberr'np
718 1713 766 1774 his
795 1713 920 1774 interest
948 1722 982 1774 at
1011 1714 1059 1775 the
1096 1715 1190 1775 Conrt
1218 1715 1253 1794 os
1283 1717 1387 1777 Rome.
1450 1717 1476 1775 A
1504 1716 1630 1778 similer

513 1795 605 1934 pra'rpt
627 1794 657 1885 is
682 1795 770 1855 made
796 1802 825 1855 io
853 1797 1006 1865 Bertram,
1038 1795 1192 1856 cardinal
1218 1795 1343 1858 Dracon
1369 1799 1405 1876 of
1433 1798 1479 1858 st.
1508 1798 1628 1876 Mary'a

509 1895 545 1935 tn
600 1895 699 1954 qrrrro.

472 2031 655 2091 Osnreaom
703 2049 805 2090 ruera
850 2049 977 2091 nonrno
1022 2032 1424 2094 Hosrrnus1.-Universis
1464 2039 1629 2112 presentes

393 2139 516 2198 litteras
539 2137 737 2216 inspecturis,
760 2137 870 2208 Adam,
893 2143 962 2208 etc,
986 2137 1119 2198 salutem
1146 2143 1178 2197 et
1202 2138 1401 2217 presentibus
1426 2140 1500 2200 dare
1524 2140 1628 2202 fidem.

393 2243 569 2304 Secundem
599 2242 726 2302 beatum
755 2243 942 2322 Gregorium
974 2243 1196 2304 ecclesiasticis
1223 2244 1415 2306 utilitatibus
1439 2247 1629 2308 desudantes

388 2347 604 2409 ecclesiastica
618 2348 748 2427 dignum
768 2353 817 2408 est
839 2349 1097 2410 remuneracione
1117 2351 1252 2429 gaudere
1266 2356 1302 2411 ut
1322 2353 1425 2431 quise
1443 2352 1630 2414 voluntariis

393 2453 615 2533 obsequiorum
640 2453 882 2515 necessitatibus
907 2460 1020 2533 sponte
1044 2455 1204 2516 subiciunt
1229 2457 1375 2536 congruis
1398 2458 1629 2536 provisionibus

390 2560 602 2622 consolentur.
655 2560 736 2634 Quia
757 2560 852 2640 igitur
873 2563 1079 2621 reverendum
1104 2562 1137 2620 in
1159 2562 1286 2623 Christo
1310 2568 1442 2642 patrem,
1465 2564 1629 2624 dominum

389 2669 440 2739 N„
470 2668 530 2728 Dei
558 2666 662 2748 gracia
690 2668 895 2728 Hostiensem
920 2672 953 2728 et
977 2667 1192 2729 Veletrensem
1218 2669 1412 2748 Episcopum
1441 2670 1532 2731 nobis
1555 2691 1627 2732 nos·

390 2779 500 2854 treque
529 2773 658 2834 ecclesie
686 2778 775 2853 grata
799 2778 831 2833 et
856 2772 1017 2834 fructuosa
1041 2774 1216 2852 patrocinia
1240 2775 1402 2835 evidenter
1425 2776 1629 2854 cognovimus

390 2880 498 2959 sepius
519 2879 720 2960 impendisse,
746 2880 836 2957 cujus
864 2878 999 2958 benigno
1028 2880 1177 2959 suffragio
1205 2881 1346 2960 ejusdem
1369 2880 1499 2942 ecclesie
1521 2886 1629 2942 nostre

391 2986 557 3047 commoda
579 2985 796 3063 multipliciter
819 2989 969 3063 poterunt
990 2992 1117 3045 auctore
1139 2986 1277 3046 Domino
1299 2985 1414 3047 futuris
1435 2986 1631 3066 temporibus

392 3092 562 3172 procurari,
584 3111 652 3161 nos,
674 3095 710 3150 ut
724 3091 846 3151 labores
867 3111 902 3151 ee
918 3091 1053 3169 gaudeat
1074 3091 1197 3152 subisse
1218 3092 1385 3170 preteritos
1399 3098 1431 3152 et
1446 3097 1630 3171 promptum

393 3199 508 3260 habeat
533 3197 679 3276 spiritum
704 3196 744 3256 ad
769 3196 901 3266 futuros,
924 3217 1062 3256 annuam
1087 3197 1272 3276 pensionem
1297 3197 1322 3259 G
1347 3197 1537 3258 florenorum
1562 3199 1629 3259 suri

390 3307 430 3367 de
461 3304 625 3366 Florencia
647 3303 679 3362 in
710 3303 854 3363 Romana
885 3302 980 3363 Curia
1014 3303 1106 3364 annis
1141 3303 1272 3383 singulis
1301 3303 1449 3384 deinceps
1480 3305 1514 3363 in
1544 3305 1627 3366 festo

391 3412 597 3472 Pentecostes
619 3429 675 3488 per
703 3428 761 3470 nos
786 3408 968 3469 solvendam
994 3409 1218 3471 constituimus
1241 3415 1274 3470 et
1295 3411 1492 3490 assignamus
1516 3411 1628 3472 eidem.

390 3517 431 3575 In
453 3515 543 3595 cujus
564 3515 617 3586 rei,
640 3519 699 3574 etc.
758 3515 876 3574 Datum
899 3514 983 3592 apud
1004 3518 1149 3574 sanctum
1171 3515 1290 3574 Rufum
1310 3516 1400 3593 juxte
1422 3515 1629 3596 Avynionem‚

389 3621 466 3701 xvij⁰
491 3621 541 3681 die
564 3619 716 3690 Januarfi,
742 3639 826 3679 anno
851 3619 981 3679 Domini
1010 3619 1220 3680 M⁰cco⁰xixe

476 3726 595 3788 Similis
628 3725 734 3785 littera
766 3724 827 3784 fuit
855 3724 984 3784 domino
1003 3724 1181 3786 Bertrando
1206 3730 1315 3787 sancte
1333 3726 1433 3788 Marie
1458 3728 1491 3786 in
1512 3727 1632 3808 Aquiro

390 3833 524 3894 diacono
546 3831 713 3893 Cardinali.

391 4061 534 4140 Furnos
551 4059 696 4139 prantinq
716 4079 760 4119 on
778 4058 898 4120 annual
912 4059 1044 4139 pensiore
1061 4067 1090 4120 to
1106 4060 1221 4140 helpcrs
1235 4061 1271 4120 in
1292 4061 1342 4122 the
1365 4063 1459 4123 Conrt
1473 4065 1508 4142 of
1524 4063 1629 4124 Rome.

474 4216 822 4278 Errenesis-Pateat
841 4214 996 4275 universis
1019 4221 1182 4293 presentes
1201 4216 1322 4277 litteras
1341 4217 1531 4296 inspecturis
1545 4219 1629 4296 quod

389 4343 449 4384 nos
477 4323 587 4392 Adam,
616 4327 686 4391 etc..
715 4319 950 4381 considerantes
981 4320 1114 4381 virtutes
1142 4326 1174 4381 et
1201 4322 1315 4382 merita
1341 4323 1455 4402 quibus
1485 4344 1628 4385 reveren·

390 4430 465 4490 dum
481 4433 603 4508 patrem
632 4469 641 4492 .
667 4472 674 4487 .
704 4424 916 4486 ,Altissimus
933 4425 1113 4505 insignavit,
1128 4427 1181 4505 qui
1198 4427 1353 4489 hactenus
1372 4427 1410 4489 de
1424 4428 1629 4508 benignitatis

390 4556 446 4596 sue
489 4534 593 4613 gracia
634 4553 693 4594 nos
739 4538 771 4592 st
812 4530 978 4592 ecelesiam
1013 4537 1155 4592 nostram
1198 4533 1469 4595 recommendatos
1508 4535 1627 4607 habuit,

396 4641 550 4721 nobisque
581 4640 683 4700 astitit
714 4639 747 4698 in
783 4636 878 4696 licitis
909 4642 941 4696 et
973 4637 1116 4697 honestis
1147 4642 1188 4707 et,
1223 4643 1260 4698 ut
1294 4659 1467 4717 speramus,
1502 4639 1632 4700 assistet

392 4745 586 4826 temporibus
625 4743 789 4812 secuturis,
826 4743 1008 4803 ordinamus
1035 4743 1137 4803 eidem
1175 4764 1314 4804 annuam
1344 4747 1527 4824 pensionem
1560 4752 1629 4808 toto

397 4859 539 4932 tempore
560 4851 624 4912 vite
645 4869 701 4911 sue
722 4849 761 4910 de
776 4849 801 4910 C
815 4847 943 4909 florenis
957 4849 1026 4909 auri
1039 4849 1078 4909 de
1093 4849 1265 4919 Florencia,
1287 4871 1367 4930 quos
1387 4871 1471 4912 anno
1492 4852 1632 4932 quolibet

397 4960 431 5019 in
445 4959 589 5019 Romana
603 4955 698 5017 Curia
714 4955 747 5014 in
763 4955 843 5018 lesto
872 4999 879 5016 .
910 5000 917 5014 .
947 4998 954 5016 .
983 4953 1103 5015 solvere
1118 4955 1167 5015 vel
1184 4955 1263 5016 solvi
1277 4955 1379 5017 iacere
1394 4977 1451 5036 per
1467 4965 1643 5042 presentes

396 5063 612 5146 promittimus
644 5063 725 5123 bona
754 5061 824 5132 fide,
856 5061 915 5122 sibi
947 5062 1005 5122 has
1033 5061 1156 5122 litteras
1186 5061 1278 5141 sigilli
1308 5064 1409 5124 nostri
1436 5065 1631 5144 appensione
