<?xml version="1.0" encoding="UTF-8"?>
<!DOCTYPE html PUBLIC "-//W3C//DTD XHTML 1.0 Transitional//EN"
    "http://www.w3.org/TR/xhtml1/DTD/xhtml1-transitional.dtd">
<html xmlns="http://www.w3.org/1999/xhtml" xml:lang="en" lang="en">
 <head>
  <title>
</title>
<meta http-equiv="Content-Type" content="text/html;charset=utf-8" />
  <meta name='ocr-system' content='tesseract 3.04.00' />
  <meta name='ocr-capabilities' content='ocr_page ocr_carea ocr_par ocr_line ocrx_word'/>
</head>
<body>
  <div class='ocr_page' id='page_1' title='image "./registrumadedeo00banngoog_0171.png"; bbox 0 0 3850 5917; ppageno 0'>
   <div class='ocr_carea' id='block_1_1' title="bbox 235 880 365 920">
    <p class='ocr_par' dir='ltr' id='par_1_1' title="bbox 235 880 365 920">
     <span class='ocr_line' id='line_1_1' title="bbox 235 880 365 920; baseline -0.015 0"><span class='ocrx_word' id='word_1_1' title='bbox 235 881 293 920; x_wconf 68' lang='lat' dir='ltr'><strong>Al).</strong></span> <span class='ocrx_word' id='word_1_2' title='bbox 309 880 365 919; x_wconf 80' lang='grc'><strong>1319.</strong></span> 
     </span>
    </p>
   </div>
   <div class='ocr_carea' id='block_1_2' title="bbox 409 699 1270 778">
    <p class='ocr_par' dir='ltr' id='par_1_2' title="bbox 409 699 1270 778">
     <span class='ocr_line' id='line_1_2' title="bbox 409 699 1270 778; baseline 0.003 -19"><span class='ocrx_word' id='word_1_3' title='bbox 409 699 467 759; x_wconf 87' lang='lat'><strong>106</strong></span> <span class='ocrx_word' id='word_1_4' title='bbox 781 699 960 778; x_wconf 60' lang='lat' dir='ltr'><strong>cassiam</strong></span> <span class='ocrx_word' id='word_1_5' title='bbox 987 700 1054 762; x_wconf 75' lang='lat' dir='ltr'><strong>Aa</strong></span> <span class='ocrx_word' id='word_1_6' title='bbox 1079 701 1117 761; x_wconf 74' lang='lat' dir='ltr'><strong>a</strong></span> <span class='ocrx_word' id='word_1_7' title='bbox 1146 701 1270 762; x_wconf 72' lang='lat' dir='ltr'><strong>acan</strong></span> 
     </span>
    </p>
   </div>
   <div class='ocr_carea' id='block_1_3' title="bbox 406 922 1654 2804">
    <p class='ocr_par' dir='ltr' id='par_1_3' title="bbox 406 922 1654 2804">
     <span class='ocr_line' id='line_1_3' title="bbox 407 922 1645 998; baseline 0.003 -16"><span class='ocrx_word' id='word_1_8' title='bbox 407 922 517 994; x_wconf 85' lang='lat' dir='ltr'><strong>Adam,</strong></span> <span class='ocrx_word' id='word_1_9' title='bbox 553 929 622 995; x_wconf 75' lang='lat' dir='ltr'><strong>etc,</strong></span> <span class='ocrx_word' id='word_1_10' title='bbox 654 924 799 994; x_wconf 90' lang='lat' dir='ltr'><strong>salutem,</strong></span> <span class='ocrx_word' id='word_1_11' title='bbox 834 931 893 984; x_wconf 90' lang='lat' dir='ltr'><strong>etc.</strong></span> <span class='ocrx_word' id='word_1_12' title='bbox 936 923 1018 986; x_wconf 82' lang='lat' dir='ltr'><strong>Cum</strong></span> <span class='ocrx_word' id='word_1_13' title='bbox 1046 925 1152 986; x_wconf 88' lang='lat' dir='ltr'><strong>dilecti</strong></span> <span class='ocrx_word' id='word_1_14' title='bbox 1184 925 1276 988; x_wconf 89' lang='lat' dir='ltr'><strong>nobis</strong></span> <span class='ocrx_word' id='word_1_15' title='bbox 1307 927 1340 986; x_wconf 89' lang='lat' dir='ltr'><strong>in</strong></span> <span class='ocrx_word' id='word_1_16' title='bbox 1371 926 1499 989; x_wconf 81' lang='lat' dir='ltr'><strong>Christo</strong></span> <span class='ocrx_word' id='word_1_17' title='bbox 1530 927 1645 998; x_wconf 87' lang='lat' dir='ltr'><strong>clerici,</strong></span> 
     </span>
     <span class='ocr_line' id='line_1_4' title="bbox 407 1028 1647 1111; baseline 0.005 -23"><span class='ocrx_word' id='word_1_18' title='bbox 407 1029 548 1108; x_wconf 78' lang='lat' dir='ltr'><strong>magistri</strong></span> <span class='ocrx_word' id='word_1_19' title='bbox 570 1029 708 1090; x_wconf 78' lang='lat' dir='ltr'><strong>Thomas</strong></span> <span class='ocrx_word' id='word_1_20' title='bbox 732 1028 772 1090; x_wconf 93' lang='lat' dir='ltr'><strong>de</strong></span> <span class='ocrx_word' id='word_1_21' title='bbox 797 1029 933 1109; x_wconf 88' lang='lat' dir='ltr'><strong>Astleye,</strong></span> <span class='ocrx_word' id='word_1_22' title='bbox 955 1031 1072 1092; x_wconf 87' lang='lat' dir='ltr'><strong>Rector</strong></span> <span class='ocrx_word' id='word_1_23' title='bbox 1092 1031 1223 1092; x_wconf 87' lang='lat' dir='ltr'><strong>ecclesie</strong></span> <span class='ocrx_word' id='word_1_24' title='bbox 1243 1032 1283 1094; x_wconf 85' lang='lat' dir='ltr'><strong>de</strong></span> <span class='ocrx_word' id='word_1_25' title='bbox 1304 1032 1520 1111; x_wconf 89' lang='lat' dir='ltr'><strong>Horsyntone,</strong></span> <span class='ocrx_word' id='word_1_26' title='bbox 1542 1039 1647 1094; x_wconf 86' lang='lat' dir='ltr'><strong>vestre</strong></span> 
     </span>
     <span class='ocr_line' id='line_1_5' title="bbox 407 1134 1648 1218; baseline 0.005 -24"><span class='ocrx_word' id='word_1_27' title='bbox 407 1135 550 1206; x_wconf 89' lang='lat' dir='ltr'><strong>diocesis,</strong></span> <span class='ocrx_word' id='word_1_28' title='bbox 578 1139 611 1196; x_wconf 90' lang='lat' dir='ltr'><strong>et</strong></span> <span class='ocrx_word' id='word_1_29' title='bbox 640 1134 777 1195; x_wconf 82' lang='lat' dir='ltr'><strong>Thomas</strong></span> <span class='ocrx_word' id='word_1_30' title='bbox 799 1135 837 1196; x_wconf 91' lang='lat' dir='ltr'><strong>de</strong></span> <span class='ocrx_word' id='word_1_31' title='bbox 872 1135 903 1196; x_wconf 91' lang='lat' dir='ltr'><strong>la</strong></span> <span class='ocrx_word' id='word_1_32' title='bbox 931 1136 1037 1208; x_wconf 74' lang='lat' dir='ltr'><strong>Feles,</strong></span> <span class='ocrx_word' id='word_1_33' title='bbox 1058 1136 1113 1216; x_wconf 91' lang='lat' dir='ltr'><strong>qui</strong></span> <span class='ocrx_word' id='word_1_34' title='bbox 1140 1137 1333 1216; x_wconf 87' lang='lat' dir='ltr'><strong>prebendam</strong></span> <span class='ocrx_word' id='word_1_35' title='bbox 1363 1159 1421 1218; x_wconf 93' lang='lat' dir='ltr'><strong>pro</strong></span> <span class='ocrx_word' id='word_1_36' title='bbox 1443 1159 1509 1200; x_wconf 90' lang='lat' dir='ltr'><strong>non</strong></span> <span class='ocrx_word' id='word_1_37' title='bbox 1537 1146 1648 1200; x_wconf 86' lang='lat' dir='ltr'><strong>curata</strong></span> 
     </span>
     <span class='ocr_line' id='line_1_6' title="bbox 408 1240 1646 1322; baseline 0.005 -23"><span class='ocrx_word' id='word_1_38' title='bbox 408 1240 548 1301; x_wconf 87' lang='lat' dir='ltr'><strong>habitam</strong></span> <span class='ocrx_word' id='word_1_39' title='bbox 584 1240 623 1301; x_wconf 89' lang='lat' dir='ltr'><strong>ab</strong></span> <span class='ocrx_word' id='word_1_40' title='bbox 658 1240 789 1320; x_wconf 89' lang='lat' dir='ltr'><strong>antiquo</strong></span> <span class='ocrx_word' id='word_1_41' title='bbox 824 1240 856 1299; x_wconf 91' lang='lat' dir='ltr'><strong>in</strong></span> <span class='ocrx_word' id='word_1_42' title='bbox 888 1241 1020 1302; x_wconf 86' lang='lat' dir='ltr'><strong>ecclesia</strong></span> <span class='ocrx_word' id='word_1_43' title='bbox 1061 1242 1100 1303; x_wconf 90' lang='lat' dir='ltr'><strong>de</strong></span> <span class='ocrx_word' id='word_1_44' title='bbox 1135 1242 1321 1322; x_wconf 84' lang='lat' dir='ltr'><strong>Bromyard,</strong></span> <span class='ocrx_word' id='word_1_45' title='bbox 1352 1248 1461 1304; x_wconf 90' lang='lat' dir='ltr'><strong>nostre</strong></span> <span class='ocrx_word' id='word_1_46' title='bbox 1502 1244 1646 1316; x_wconf 85' lang='lat' dir='ltr'><strong>diocesis,</strong></span> 
     </span>
     <span class='ocr_line' id='line_1_7' title="bbox 407 1346 1647 1429; baseline 0.002 -21"><span class='ocrx_word' id='word_1_47' title='bbox 407 1347 540 1427; x_wconf 87' lang='lat' dir='ltr'><strong>optinet,</strong></span> <span class='ocrx_word' id='word_1_48' title='bbox 562 1348 602 1408; x_wconf 89' lang='lat' dir='ltr'><strong>ad</strong></span> <span class='ocrx_word' id='word_1_49' title='bbox 624 1353 765 1408; x_wconf 89' lang='lat' dir='ltr'><strong>nostram</strong></span> <span class='ocrx_word' id='word_1_50' title='bbox 794 1346 998 1408; x_wconf 88' lang='lat' dir='ltr'><strong>collacionem</strong></span> <span class='ocrx_word' id='word_1_51' title='bbox 1019 1352 1227 1426; x_wconf 73' lang='lat' dir='ltr'>spectantem,</span> <span class='ocrx_word' id='word_1_52' title='bbox 1252 1353 1364 1429; x_wconf 90' lang='lat' dir='ltr'><strong>optent</strong></span> <span class='ocrx_word' id='word_1_53' title='bbox 1386 1349 1419 1408; x_wconf 89' lang='lat' dir='ltr'><strong>in</strong></span> <span class='ocrx_word' id='word_1_54' title='bbox 1444 1349 1545 1409; x_wconf 84' lang='lat' dir='ltr'><strong>forma</strong></span> <span class='ocrx_word' id='word_1_55' title='bbox 1566 1350 1647 1428; x_wconf 84' lang='lat' dir='ltr'><strong>juris</strong></span> 
     </span>
     <span class='ocr_line' id='line_1_8' title="bbox 407 1451 1646 1534; baseline 0 -19"><span class='ocrx_word' id='word_1_56' title='bbox 407 1473 466 1515; x_wconf 89' lang='lat' dir='ltr'><strong>sua</strong></span> <span class='ocrx_word' id='word_1_57' title='bbox 486 1453 627 1532; x_wconf 88' lang='lat' dir='ltr'><strong>predicta</strong></span> <span class='ocrx_word' id='word_1_58' title='bbox 648 1452 799 1513; x_wconf 89' lang='lat' dir='ltr'><strong>beneficia</strong></span> <span class='ocrx_word' id='word_1_59' title='bbox 827 1451 1040 1514; x_wconf 89' lang='lat' dir='ltr'><strong>ecclesiastica</strong></span> <span class='ocrx_word' id='word_1_60' title='bbox 1067 1458 1256 1532; x_wconf 77' lang='lat' dir='ltr'><strong>permutare,</strong></span> <span class='ocrx_word' id='word_1_61' title='bbox 1284 1454 1461 1534; x_wconf 88' lang='lat' dir='ltr'><strong>cujusmodi</strong></span> <span class='ocrx_word' id='word_1_62' title='bbox 1486 1462 1646 1534; x_wconf 87' lang='lat' dir='ltr'><strong>permuta-</strong></span> 
     </span>
     <span class='ocr_line' id='line_1_9' title="bbox 406 1557 1646 1638; baseline 0 -18"><span class='ocrx_word' id='word_1_63' title='bbox 406 1559 499 1630; x_wconf 91' lang='lat' dir='ltr'><strong>cioni,</strong></span> <span class='ocrx_word' id='word_1_64' title='bbox 535 1564 691 1638; x_wconf 85' lang='lat' dir='ltr'><strong>quatenus</strong></span> <span class='ocrx_word' id='word_1_65' title='bbox 726 1557 766 1618; x_wconf 92' lang='lat' dir='ltr'><strong>ad</strong></span> <span class='ocrx_word' id='word_1_66' title='bbox 801 1578 858 1618; x_wconf 90' lang='lat' dir='ltr'><strong>nos</strong></span> <span class='ocrx_word' id='word_1_67' title='bbox 890 1558 1015 1630; x_wconf 88' lang='lat' dir='ltr'><strong>attinet,</strong></span> <span class='ocrx_word' id='word_1_68' title='bbox 1050 1559 1276 1630; x_wconf 73' lang='lat' dir='ltr'><strong>consentimus,</strong></span> <span class='ocrx_word' id='word_1_69' title='bbox 1319 1560 1360 1619; x_wconf 90' lang='lat' dir='ltr'><strong>ad</strong></span> <span class='ocrx_word' id='word_1_70' title='bbox 1393 1560 1585 1621; x_wconf 90' lang='lat' dir='ltr'><strong>audiendum</strong></span> <span class='ocrx_word' id='word_1_71' title='bbox 1613 1568 1646 1622; x_wconf 91' lang='lat' dir='ltr'><strong>et</strong></span> 
     </span>
     <span class='ocr_line' id='line_1_10' title="bbox 407 1663 1645 1745; baseline 0.001 -21"><span class='ocrx_word' id='word_1_72' title='bbox 407 1665 643 1726; x_wconf 89' lang='lat' dir='ltr'><strong>discuciendum</strong></span> <span class='ocrx_word' id='word_1_73' title='bbox 682 1684 793 1725; x_wconf 90' lang='lat' dir='ltr'><strong>causas</strong></span> <span class='ocrx_word' id='word_1_74' title='bbox 832 1663 1078 1743; x_wconf 88' lang='lat' dir='ltr'><strong>permutacionis</strong></span> <span class='ocrx_word' id='word_1_75' title='bbox 1114 1664 1305 1743; x_wconf 86' lang='lat' dir='ltr'><strong>hujusmodi,</strong></span> <span class='ocrx_word' id='word_1_76' title='bbox 1335 1670 1368 1726; x_wconf 90' lang='lat' dir='ltr'><strong>et</strong></span> <span class='ocrx_word' id='word_1_77' title='bbox 1405 1665 1645 1745; x_wconf 80' lang='lat' dir='ltr'><strong>approbandum</strong></span> 
     </span>
     <span class='ocr_line' id='line_1_11' title="bbox 408 1769 1645 1848; baseline -0.002 -16"><span class='ocrx_word' id='word_1_78' title='bbox 408 1770 544 1842; x_wconf 88' lang='lat' dir='ltr'><strong>easdem,</strong></span> <span class='ocrx_word' id='word_1_79' title='bbox 566 1769 593 1831; x_wconf 89' lang='lat' dir='ltr'><strong>si</strong></span> <span class='ocrx_word' id='word_1_80' title='bbox 614 1771 750 1834; x_wconf 86' lang='lat' dir='ltr'><strong>et.sicut</strong></span> <span class='ocrx_word' id='word_1_81' title='bbox 771 1769 898 1848; x_wconf 82' lang='lat' dir='ltr'><strong>dejure</strong></span> <span class='ocrx_word' id='word_1_82' title='bbox 919 1769 1014 1830; x_wconf 83' lang='lat' dir='ltr'><strong>fuerit</strong></span> <span class='ocrx_word' id='word_1_83' title='bbox 1038 1769 1226 1840; x_wconf 85' lang='lat' dir='ltr'><strong>laciendum,</strong></span> <span class='ocrx_word' id='word_1_84' title='bbox 1255 1790 1378 1831; x_wconf 81' lang='lat' dir='ltr'><strong>necnon</strong></span> <span class='ocrx_word' id='word_1_85' title='bbox 1407 1771 1448 1830; x_wconf 89' lang='lat' dir='ltr'><strong>ad</strong></span> <span class='ocrx_word' id='word_1_86' title='bbox 1474 1771 1645 1832; x_wconf 85' lang='lat' dir='ltr'><strong>admitten-</strong></span> 
     </span>
     <span class='ocr_line' id='line_1_12' title="bbox 408 1874 1646 1957; baseline 0 -20"><span class='ocrx_word' id='word_1_87' title='bbox 408 1878 483 1937; x_wconf 91' lang='lat' dir='ltr'><strong>dum</strong></span> <span class='ocrx_word' id='word_1_88' title='bbox 503 1877 750 1957; x_wconf 88' lang='lat' dir='ltr'><strong>resignaoionem</strong></span> <span class='ocrx_word' id='word_1_89' title='bbox 771 1875 847 1936; x_wconf 91' lang='lat' dir='ltr'><strong>dicti</strong></span> <span class='ocrx_word' id='word_1_90' title='bbox 869 1874 1011 1954; x_wconf 88' lang='lat' dir='ltr'><strong>magistri</strong></span> <span class='ocrx_word' id='word_1_91' title='bbox 1035 1875 1156 1935; x_wconf 78' lang='lat' dir='ltr'><strong>&#39;l&#39;home</strong></span> <span class='ocrx_word' id='word_1_92' title='bbox 1174 1875 1214 1935; x_wconf 86' lang='lat' dir='ltr'><strong>de</strong></span> <span class='ocrx_word' id='word_1_93' title='bbox 1234 1875 1265 1935; x_wconf 91' lang='lat' dir='ltr'><strong>la</strong></span> <span class='ocrx_word' id='word_1_94' title='bbox 1285 1875 1382 1937; x_wconf 88' lang='lat' dir='ltr'><strong>Felde</strong></span> <span class='ocrx_word' id='word_1_95' title='bbox 1402 1876 1442 1938; x_wconf 86' lang='lat' dir='ltr'><strong>de</strong></span> <span class='ocrx_word' id='word_1_96' title='bbox 1464 1877 1646 1955; x_wconf 85' lang='lat' dir='ltr'><strong>supradicta</strong></span> 
     </span>
     <span class='ocr_line' id='line_1_13' title="bbox 407 1980 1646 2063; baseline 0 -21"><span class='ocrx_word' id='word_1_97' title='bbox 407 1983 566 2063; x_wconf 85' lang='lat' dir='ltr'><strong>prebenda</strong></span> <span class='ocrx_word' id='word_1_98' title='bbox 586 2003 624 2043; x_wconf 85' lang='lat' dir='ltr'><strong>ex</strong></span> <span class='ocrx_word' id='word_1_99' title='bbox 652 2003 747 2042; x_wconf 87' lang='lat' dir='ltr'><strong>causa</strong></span> <span class='ocrx_word' id='word_1_100' title='bbox 777 1981 1024 2061; x_wconf 89' lang='lat' dir='ltr'><strong>permutacionis</strong></span> <span class='ocrx_word' id='word_1_101' title='bbox 1048 1980 1191 2060; x_wconf 89' lang='lat' dir='ltr'><strong>ejusdem</strong></span> <span class='ocrx_word' id='word_1_102' title='bbox 1219 1980 1359 2059; x_wconf 88' lang='lat' dir='ltr'><strong>legitime</strong></span> <span class='ocrx_word' id='word_1_103' title='bbox 1387 1981 1573 2053; x_wconf 85' lang='lat' dir='ltr'><strong>faciendam,</strong></span> <span class='ocrx_word' id='word_1_104' title='bbox 1609 2003 1646 2042; x_wconf 87' lang='lat' dir='ltr'><strong>ac</strong></span> 
     </span>
     <span class='ocr_line' id='line_1_14' title="bbox 407 2087 1647 2168; baseline -0.002 -18"><span class='ocrx_word' id='word_1_105' title='bbox 407 2090 631 2151; x_wconf 86' lang='lat' dir='ltr'><strong>conferendum</strong></span> <span class='ocrx_word' id='word_1_106' title='bbox 662 2088 844 2168; x_wconf 79' lang='lat' dir='ltr'><strong>hujusmodi</strong></span> <span class='ocrx_word' id='word_1_107' title='bbox 872 2087 1118 2168; x_wconf 87' lang='lat' dir='ltr'><strong>permutacionis</strong></span> <span class='ocrx_word' id='word_1_108' title='bbox 1152 2093 1286 2167; x_wconf 89' lang='lat' dir='ltr'><strong>optentu</strong></span> <span class='ocrx_word' id='word_1_109' title='bbox 1319 2087 1460 2166; x_wconf 89' lang='lat' dir='ltr'><strong>predicto</strong></span> <span class='ocrx_word' id='word_1_110' title='bbox 1495 2088 1647 2167; x_wconf 86' lang='lat' dir='ltr'><strong>magistro</strong></span> 
     </span>
     <span class='ocr_line' id='line_1_15' title="bbox 407 2193 1647 2274; baseline 0 -18"><span class='ocrx_word' id='word_1_111' title='bbox 407 2197 527 2256; x_wconf 79' lang='lat' dir='ltr'><strong>Thome</strong></span> <span class='ocrx_word' id='word_1_112' title='bbox 549 2195 587 2255; x_wconf 90' lang='lat' dir='ltr'><strong>de</strong></span> <span class='ocrx_word' id='word_1_113' title='bbox 609 2193 726 2256; x_wconf 84' lang='lat' dir='ltr'><strong>Astleie</strong></span> <span class='ocrx_word' id='word_1_114' title='bbox 751 2194 964 2273; x_wconf 68' lang='lat' dir='ltr'><strong>supradictam</strong></span> <span class='ocrx_word' id='word_1_115' title='bbox 985 2193 1187 2273; x_wconf 78' lang='lat' dir='ltr'><strong>prebendam,</strong></span> <span class='ocrx_word' id='word_1_116' title='bbox 1208 2214 1281 2255; x_wconf 90' lang='lat' dir='ltr'><strong>oum</strong></span> <span class='ocrx_word' id='word_1_117' title='bbox 1302 2194 1449 2256; x_wconf 90' lang='lat' dir='ltr'><strong>omnibus</strong></span> <span class='ocrx_word' id='word_1_118' title='bbox 1469 2195 1593 2274; x_wconf 84' lang='lat' dir='ltr'><strong>juribus</strong></span> <span class='ocrx_word' id='word_1_119' title='bbox 1613 2201 1647 2256; x_wconf 88' lang='lat' dir='ltr'><strong>et</strong></span> 
     </span>
     <span class='ocr_line' id='line_1_16' title="bbox 408 2299 1647 2379; baseline -0.002 -18"><span class='ocrx_word' id='word_1_120' title='bbox 408 2300 473 2361; x_wconf 87' lang='lat' dir='ltr'><strong>suis</strong></span> <span class='ocrx_word' id='word_1_121' title='bbox 511 2299 714 2379; x_wconf 83' lang='lat' dir='ltr'><strong>pertinenciis</strong></span> <span class='ocrx_word' id='word_1_122' title='bbox 753 2299 916 2370; x_wconf 89' lang='lat' dir='ltr'><strong>universis,</strong></span> <span class='ocrx_word' id='word_1_123' title='bbox 952 2304 985 2359; x_wconf 90' lang='lat' dir='ltr'><strong>et</strong></span> <span class='ocrx_word' id='word_1_124' title='bbox 1019 2299 1058 2359; x_wconf 87' lang='lat' dir='ltr'><strong>ad</strong></span> <span class='ocrx_word' id='word_1_125' title='bbox 1097 2299 1202 2378; x_wconf 80' lang='lat' dir='ltr'><strong>ipsum</strong></span> <span class='ocrx_word' id='word_1_126' title='bbox 1230 2299 1460 2360; x_wconf 90' lang='lat' dir='ltr'><strong>instituendum</strong></span> <span class='ocrx_word' id='word_1_127' title='bbox 1495 2300 1647 2360; x_wconf 84' lang='lat' dir='ltr'><strong>canonice</strong></span> 
     </span>
     <span class='ocr_line' id='line_1_17' title="bbox 407 2405 1654 2487; baseline 0.002 -21"><span class='ocrx_word' id='word_1_128' title='bbox 407 2405 647 2487; x_wconf 90' lang='lat' dir='ltr'><strong>prebendarium</strong></span> <span class='ocrx_word' id='word_1_129' title='bbox 679 2407 711 2466; x_wconf 90' lang='lat' dir='ltr'><strong>in</strong></span> <span class='ocrx_word' id='word_1_130' title='bbox 737 2407 856 2478; x_wconf 88' lang='lat' dir='ltr'><strong>eadem,</strong></span> <span class='ocrx_word' id='word_1_131' title='bbox 882 2427 919 2467; x_wconf 91' lang='lat' dir='ltr'><strong>ac</strong></span> <span class='ocrx_word' id='word_1_132' title='bbox 943 2407 984 2466; x_wconf 89' lang='lat' dir='ltr'><strong>ad</strong></span> <span class='ocrx_word' id='word_1_133' title='bbox 1004 2406 1182 2467; x_wconf 84' lang='lat' dir='ltr'><strong>faciendum</strong></span> <span class='ocrx_word' id='word_1_134' title='bbox 1209 2426 1266 2486; x_wconf 89' lang='lat' dir='ltr'><strong>per</strong></span> <span class='ocrx_word' id='word_1_135' title='bbox 1293 2426 1350 2467; x_wconf 83' lang='lat' dir='ltr'><strong>vos</strong></span> <span class='ocrx_word' id='word_1_136' title='bbox 1378 2406 1475 2466; x_wconf 89' lang='lat' dir='ltr'><strong>alium</strong></span> <span class='ocrx_word' id='word_1_137' title='bbox 1503 2406 1553 2467; x_wconf 90' lang='lat' dir='ltr'><strong>vel</strong></span> <span class='ocrx_word' id='word_1_138' title='bbox 1574 2407 1654 2468; x_wconf 86' lang='lat' dir='ltr'><strong>alios</strong></span> 
     </span>
     <span class='ocr_line' id='line_1_18' title="bbox 407 2512 1644 2592; baseline -0.002 -18"><span class='ocrx_word' id='word_1_139' title='bbox 407 2512 542 2574; x_wconf 87' lang='lat' dir='ltr'><strong>eundem</strong></span> <span class='ocrx_word' id='word_1_140' title='bbox 568 2512 753 2592; x_wconf 87' lang='lat' dir='ltr'><strong>magistrum</strong></span> <span class='ocrx_word' id='word_1_141' title='bbox 780 2512 943 2583; x_wconf 88' lang='lat' dir='ltr'><strong>Thomam,</strong></span> <span class='ocrx_word' id='word_1_142' title='bbox 969 2512 1019 2573; x_wconf 89' lang='lat' dir='ltr'><strong>vel</strong></span> <span class='ocrx_word' id='word_1_143' title='bbox 1046 2512 1146 2592; x_wconf 91' lang='lat' dir='ltr'><strong>ipsius</strong></span> <span class='ocrx_word' id='word_1_144' title='bbox 1173 2517 1409 2592; x_wconf 90' lang='lat' dir='ltr'><strong>procuratorem</strong></span> <span class='ocrx_word' id='word_1_145' title='bbox 1436 2532 1494 2592; x_wconf 89' lang='lat' dir='ltr'><strong>pro</strong></span> <span class='ocrx_word' id='word_1_146' title='bbox 1521 2532 1568 2583; x_wconf 87' lang='lat' dir='ltr'><strong>eo,</strong></span> <span class='ocrx_word' id='word_1_147' title='bbox 1597 2513 1644 2572; x_wconf 94' lang='lat' dir='ltr'><strong>in-</strong></span> 
     </span>
     <span class='ocr_line' id='line_1_19' title="bbox 407 2616 1644 2697; baseline -0.002 -19"><span class='ocrx_word' id='word_1_148' title='bbox 407 2618 478 2678; x_wconf 90' lang='lat' dir='ltr'><strong>duci</strong></span> <span class='ocrx_word' id='word_1_149' title='bbox 506 2619 540 2677; x_wconf 94' lang='lat' dir='ltr'><strong>in</strong></span> <span class='ocrx_word' id='word_1_150' title='bbox 568 2617 762 2697; x_wconf 80' lang='lat' dir='ltr'><strong>corporalem</strong></span> <span class='ocrx_word' id='word_1_151' title='bbox 781 2617 1016 2697; x_wconf 89' lang='lat' dir='ltr'><strong>possessionem</strong></span> <span class='ocrx_word' id='word_1_152' title='bbox 1045 2617 1130 2678; x_wconf 85' lang='lat' dir='ltr'><strong>dicte</strong></span> <span class='ocrx_word' id='word_1_153' title='bbox 1160 2616 1326 2697; x_wconf 87' lang='lat' dir='ltr'><strong>prebende,</strong></span> <span class='ocrx_word' id='word_1_154' title='bbox 1354 2617 1471 2696; x_wconf 82' lang='lat' dir='ltr'><strong>jurium</strong></span> <span class='ocrx_word' id='word_1_155' title='bbox 1507 2623 1540 2678; x_wconf 90' lang='lat' dir='ltr'><strong>et</strong></span> <span class='ocrx_word' id='word_1_156' title='bbox 1574 2637 1644 2697; x_wconf 91' lang='lat' dir='ltr'><strong>per-</strong></span> 
     </span>
     <span class='ocr_line' id='line_1_20' title="bbox 407 2722 1646 2804; baseline 0 -20"><span class='ocrx_word' id='word_1_157' title='bbox 407 2723 616 2785; x_wconf 89' lang='lat' dir='ltr'><strong>tinenciarum</strong></span> <span class='ocrx_word' id='word_1_158' title='bbox 635 2723 735 2803; x_wconf 91' lang='lat' dir='ltr'><strong>ipsius</strong></span> <span class='ocrx_word' id='word_1_159' title='bbox 757 2724 783 2785; x_wconf 91' lang='lat' dir='ltr'><strong>si</strong></span> <span class='ocrx_word' id='word_1_160' title='bbox 798 2745 859 2804; x_wconf 89' lang='lat' dir='ltr'><strong>que</strong></span> <span class='ocrx_word' id='word_1_161' title='bbox 873 2723 912 2784; x_wconf 92' lang='lat' dir='ltr'><strong>de</strong></span> <span class='ocrx_word' id='word_1_162' title='bbox 933 2723 1096 2796; x_wconf 85' lang='lat' dir='ltr'><strong>fructibus,</strong></span> <span class='ocrx_word' id='word_1_163' title='bbox 1111 2723 1294 2794; x_wconf 84' lang='lat' dir='ltr'><strong>redditibus,</strong></span> <span class='ocrx_word' id='word_1_164' title='bbox 1309 2722 1523 2803; x_wconf 86' lang='lat' dir='ltr'><strong>proventibus,</strong></span> <span class='ocrx_word' id='word_1_165' title='bbox 1544 2728 1603 2784; x_wconf 89' lang='lat' dir='ltr'><strong>et.</strong></span> <span class='ocrx_word' id='word_1_166' title='bbox 1626 2727 1646 2782; x_wconf 85' lang='lat'><strong>.¹</strong></span> 
     </span>
    </p>
   </div>
   <div class='ocr_carea' id='block_1_4' title="bbox 407 3001 1645 3162">
    <p class='ocr_par' dir='ltr' id='par_1_4' title="bbox 407 3001 1645 3162">
     <span class='ocr_line' id='line_1_21' title="bbox 407 3001 1645 3094; baseline -0.002 -28"><span class='ocrx_word' id='word_1_167' title='bbox 407 3005 479 3066; x_wconf 68' lang='lat' dir='ltr'><strong>aaa.</strong></span> <span class='ocrx_word' id='word_1_168' title='bbox 501 3003 657 3065; x_wconf 75' lang='lat' dir='ltr'><strong>19.-Tta</strong></span> <span class='ocrx_word' id='word_1_169' title='bbox 678 3003 805 3084; x_wconf 58' lang='lat' dir='ltr'><strong>Bistua),</strong></span> <span class='ocrx_word' id='word_1_170' title='bbox 826 3001 917 3081; x_wconf 69' lang='lat' dir='ltr'><strong>going</strong></span> <span class='ocrx_word' id='word_1_171' title='bbox 938 3002 1055 3094; x_wconf 76' lang='lat' dir='ltr'><strong>abroud</strong></span> <span class='ocrx_word' id='word_1_172' title='bbox 1074 3023 1114 3064; x_wconf 87' lang='lat' dir='ltr'><strong>oa</strong></span> <span class='ocrx_word' id='word_1_173' title='bbox 1135 3001 1184 3062; x_wconf 81' lang='lat' dir='ltr'><strong>the</strong></span> <span class='ocrx_word' id='word_1_174' title='bbox 1204 3002 1315 3094; x_wconf 71' lang='lat' dir='ltr'><strong>King&#39;a</strong></span> <span class='ocrx_word' id='word_1_175' title='bbox 1337 3001 1484 3093; x_wconf 67' lang='lat' dir='ltr'><strong>bassim,</strong></span> <span class='ocrx_word' id='word_1_176' title='bbox 1499 3002 1645 3082; x_wconf 65' lang='lat' dir='ltr'><strong>appelata</strong></span> 
     </span>
     <span class='ocr_line' id='line_1_22' title="bbox 530 3083 1536 3162; baseline -0.002 -16"><span class='ocrx_word' id='word_1_177' title='bbox 530 3085 672 3146; x_wconf 79' lang='lat' dir='ltr'><strong>Richard</strong></span> <span class='ocrx_word' id='word_1_178' title='bbox 692 3085 730 3146; x_wconf 87' lang='lat' dir='ltr'><strong>dc</strong></span> <span class='ocrx_word' id='word_1_179' title='bbox 754 3085 872 3146; x_wconf 79' lang='lat' dir='ltr'><strong>choa</strong></span> <span class='ocrx_word' id='word_1_180' title='bbox 893 3091 922 3145; x_wconf 85' lang='lat' dir='ltr'><strong>to</strong></span> <span class='ocrx_word' id='word_1_181' title='bbox 950 3084 984 3144; x_wconf 82' lang='lat' dir='ltr'><strong>bc</strong></span> <span class='ocrx_word' id='word_1_182' title='bbox 1009 3083 1236 3162; x_wconf 61' lang='lat' dir='ltr'><strong>Vacargcacral</strong></span> <span class='ocrx_word' id='word_1_183' title='bbox 1262 3103 1299 3143; x_wconf 72' lang='lat' dir='ltr'><strong>aa</strong></span> <span class='ocrx_word' id='word_1_184' title='bbox 1319 3083 1369 3144; x_wconf 78' lang='lat' dir='ltr'><strong>lua</strong></span> <span class='ocrx_word' id='word_1_185' title='bbox 1390 3083 1536 3144; x_wconf 61' lang='lat' dir='ltr'><strong>abaciaco?</strong></span> 
     </span>
    </p>
   </div>
   <div class='ocr_carea' id='block_1_5' title="bbox 406 3238 1647 4480">
    <p class='ocr_par' dir='ltr' id='par_1_5' title="bbox 406 3238 1647 4480">
     <span class='ocr_line' id='line_1_23' title="bbox 492 3238 1645 3301; baseline -0.003 0"><span class='ocrx_word' id='word_1_186' title='bbox 492 3239 672 3301; x_wconf 80' lang='lat' dir='ltr'><strong>Oouurssw</strong></span> <span class='ocrx_word' id='word_1_187' title='bbox 694 3256 794 3298; x_wconf 77' lang='lat' dir='ltr'><strong>sicus</strong></span> <span class='ocrx_word' id='word_1_188' title='bbox 822 3256 985 3299; x_wconf 75' lang='lat' dir='ltr'><strong>uaourao</strong></span> <span class='ocrx_word' id='word_1_189' title='bbox 1007 3238 1044 3298; x_wconf 89' lang='lat' dir='ltr'><strong>R.</strong></span> <span class='ocrx_word' id='word_1_190' title='bbox 1066 3256 1110 3297; x_wconf 81' lang='lat' dir='ltr'><strong>ns</strong></span> <span class='ocrx_word' id='word_1_191' title='bbox 1129 3238 1292 3300; x_wconf 81' lang='lat' dir='ltr'><strong>Vaauouu</strong></span> <span class='ocrx_word' id='word_1_192' title='bbox 1314 3255 1357 3297; x_wconf 81' lang='lat' dir='ltr'><strong>ns</strong></span> <span class='ocrx_word' id='word_1_193' title='bbox 1379 3255 1510 3298; x_wconf 76' lang='lat' dir='ltr'><strong>vrosara</strong></span> <span class='ocrx_word' id='word_1_194' title='bbox 1531 3238 1645 3297; x_wconf 79' lang='lat' dir='ltr'><strong>Haus-</strong></span> 
     </span>
     <span class='ocr_line' id='line_1_24' title="bbox 408 3343 1647 3423; baseline -0.001 -17"><span class='ocrx_word' id='word_1_195' title='bbox 408 3363 587 3406; x_wconf 79' lang='lat' dir='ltr'><strong>uoansusrs</strong></span> <span class='ocrx_word' id='word_1_196' title='bbox 608 3345 923 3415; x_wconf 68' lang='lat' dir='ltr'><strong>Episcopi-Adam,</strong></span> <span class='ocrx_word' id='word_1_197' title='bbox 944 3349 1015 3415; x_wconf 84' lang='lat' dir='ltr'><strong>eto,</strong></span> <span class='ocrx_word' id='word_1_198' title='bbox 1036 3343 1206 3405; x_wconf 88' lang='lat' dir='ltr'><strong>venerabili</strong></span> <span class='ocrx_word' id='word_1_199' title='bbox 1226 3344 1302 3415; x_wconf 84' lang='lat' dir='ltr'><strong>viro,</strong></span> <span class='ocrx_word' id='word_1_200' title='bbox 1322 3343 1449 3423; x_wconf 86' lang='lat' dir='ltr'><strong>filioque</strong></span> <span class='ocrx_word' id='word_1_201' title='bbox 1469 3343 1502 3403; x_wconf 88' lang='lat' dir='ltr'><strong>in</strong></span> <span class='ocrx_word' id='word_1_202' title='bbox 1518 3343 1647 3405; x_wconf 77' lang='lat' dir='ltr'><strong>Christo</strong></span> 
     </span>
     <span class='ocr_line' id='line_1_25' title="bbox 408 3449 1646 3530; baseline -0.002 -18"><span class='ocrx_word' id='word_1_203' title='bbox 408 3451 532 3522; x_wconf 88' lang='lat' dir='ltr'><strong>dilecto,</strong></span> <span class='ocrx_word' id='word_1_204' title='bbox 571 3451 721 3530; x_wconf 90' lang='lat' dir='ltr'><strong>magistro</strong></span> <span class='ocrx_word' id='word_1_205' title='bbox 749 3449 786 3510; x_wconf 84' lang='lat' dir='ltr'><strong>R.</strong></span> <span class='ocrx_word' id='word_1_206' title='bbox 816 3451 854 3510; x_wconf 90' lang='lat' dir='ltr'><strong>de</strong></span> <span class='ocrx_word' id='word_1_207' title='bbox 885 3449 1044 3522; x_wconf 88' lang='lat' dir='ltr'><strong>Vernoun‚</strong></span> <span class='ocrx_word' id='word_1_208' title='bbox 1077 3449 1229 3511; x_wconf 88' lang='lat' dir='ltr'><strong>canonico</strong></span> <span class='ocrx_word' id='word_1_209' title='bbox 1257 3449 1492 3520; x_wconf 84' lang='lat' dir='ltr'><strong>Hereiordensi,</strong></span> <span class='ocrx_word' id='word_1_210' title='bbox 1520 3449 1646 3510; x_wconf 82' lang='lat' dir='ltr'><strong>officiali</strong></span> 
     </span>
     <span class='ocr_line' id='line_1_26' title="bbox 407 3555 1644 3637; baseline 0.002 -21"><span class='ocrx_word' id='word_1_211' title='bbox 407 3561 516 3618; x_wconf 91' lang='lat' dir='ltr'><strong>nostro</strong></span> <span class='ocrx_word' id='word_1_212' title='bbox 551 3577 587 3618; x_wconf 89' lang='lat' dir='ltr'><strong>ac</strong></span> <span class='ocrx_word' id='word_1_213' title='bbox 614 3556 693 3637; x_wconf 88' lang='lat' dir='ltr'><strong>juris</strong></span> <span class='ocrx_word' id='word_1_214' title='bbox 724 3555 867 3632; x_wconf 79' lang='lat' dir='ltr'><strong>canonici</strong></span> <span class='ocrx_word' id='word_1_215' title='bbox 898 3556 1077 3636; x_wconf 76' lang='lat' dir='ltr'><strong>professori,</strong></span> <span class='ocrx_word' id='word_1_216' title='bbox 1102 3557 1247 3628; x_wconf 88' lang='lat' dir='ltr'><strong>salutem,</strong></span> <span class='ocrx_word' id='word_1_217' title='bbox 1282 3562 1342 3618; x_wconf 90' lang='lat' dir='ltr'><strong>etc.</strong></span> <span class='ocrx_word' id='word_1_218' title='bbox 1398 3556 1479 3631; x_wconf 84' lang='lat' dir='ltr'><strong>Quia</strong></span> <span class='ocrx_word' id='word_1_219' title='bbox 1506 3576 1574 3628; x_wconf 85' lang='lat' dir='ltr'><strong>nos,</strong></span> <span class='ocrx_word' id='word_1_220' title='bbox 1603 3558 1644 3618; x_wconf 87' lang='lat' dir='ltr'><strong>de</strong></span> 
     </span>
     <span class='ocr_line' id='line_1_27' title="bbox 408 3660 1645 3742; baseline -0.001 -19"><span class='ocrx_word' id='word_1_221' title='bbox 408 3664 556 3723; x_wconf 89' lang='lat' dir='ltr'><strong>mandato</strong></span> <span class='ocrx_word' id='word_1_222' title='bbox 578 3661 696 3723; x_wconf 89' lang='lat' dir='ltr'><strong>domiui</strong></span> <span class='ocrx_word' id='word_1_223' title='bbox 718 3661 813 3741; x_wconf 84' lang='lat' dir='ltr'><strong>Regis</strong></span> <span class='ocrx_word' id='word_1_224' title='bbox 835 3660 945 3742; x_wconf 89' lang='lat' dir='ltr'><strong>Anglie</strong></span> <span class='ocrx_word' id='word_1_225' title='bbox 967 3660 1232 3742; x_wconf 89' lang='lat' dir='ltr'><strong>proquibusdam</strong></span> <span class='ocrx_word' id='word_1_226' title='bbox 1254 3662 1360 3722; x_wconf 88' lang='lat' dir='ltr'><strong>arduis</strong></span> <span class='ocrx_word' id='word_1_227' title='bbox 1381 3661 1518 3741; x_wconf 83' lang='lat' dir='ltr'><strong>negociis</strong></span> <span class='ocrx_word' id='word_1_228' title='bbox 1539 3662 1645 3741; x_wconf 89' lang='lat' dir='ltr'><strong>ipsum</strong></span> 
     </span>
     <span class='ocr_line' id='line_1_28' title="bbox 407 3765 1644 3848; baseline -0.002 -19"><span class='ocrx_word' id='word_1_229' title='bbox 407 3768 610 3848; x_wconf 85' lang='lat' dir='ltr'><strong>tangentibus</strong></span> <span class='ocrx_word' id='word_1_230' title='bbox 637 3768 677 3828; x_wconf 93' lang='lat' dir='ltr'><strong>ad</strong></span> <span class='ocrx_word' id='word_1_231' title='bbox 696 3773 802 3847; x_wconf 89' lang='lat' dir='ltr'><strong>partes</strong></span> <span class='ocrx_word' id='word_1_232' title='bbox 827 3767 1054 3828; x_wconf 84' lang='lat' dir='ltr'><strong>transmarinae</strong></span> <span class='ocrx_word' id='word_1_233' title='bbox 1069 3766 1314 3846; x_wconf 86' lang='lat' dir='ltr'><strong>proficiscentes,</strong></span> <span class='ocrx_word' id='word_1_234' title='bbox 1335 3765 1644 3828; x_wconf 77' lang='lat' dir='ltr'><strong>administracionem</strong></span> 
     </span>
     <span class='ocr_line' id='line_1_29' title="bbox 406 3871 1644 3954; baseline -0.002 -18"><span class='ocrx_word' id='word_1_235' title='bbox 406 3873 617 3954; x_wconf 89' lang='lat' dir='ltr'><strong>spiritualium</strong></span> <span class='ocrx_word' id='word_1_236' title='bbox 658 3878 765 3935; x_wconf 88' lang='lat' dir='ltr'><strong>nostre</strong></span> <span class='ocrx_word' id='word_1_237' title='bbox 806 3873 940 3934; x_wconf 87' lang='lat' dir='ltr'><strong>diocesis</strong></span> <span class='ocrx_word' id='word_1_238' title='bbox 981 3872 1145 3934; x_wconf 89' lang='lat' dir='ltr'><strong>intendere</strong></span> <span class='ocrx_word' id='word_1_239' title='bbox 1179 3893 1243 3933; x_wconf 92' lang='lat' dir='ltr'><strong>non</strong></span> <span class='ocrx_word' id='word_1_240' title='bbox 1278 3871 1429 3944; x_wconf 82' lang='lat' dir='ltr'><strong>valemus,</strong></span> <span class='ocrx_word' id='word_1_241' title='bbox 1464 3873 1504 3934; x_wconf 91' lang='lat' dir='ltr'><strong>de</strong></span> <span class='ocrx_word' id='word_1_242' title='bbox 1538 3879 1644 3934; x_wconf 85' lang='lat' dir='ltr'><strong>vestra</strong></span> 
     </span>
     <span class='ocr_line' id='line_1_30' title="bbox 408 3976 1644 4058; baseline 0 -19"><span class='ocrx_word' id='word_1_243' title='bbox 408 3978 558 4040; x_wconf 87' lang='lat' dir='ltr'><strong>fidelitate</strong></span> <span class='ocrx_word' id='word_1_244' title='bbox 580 3984 612 4039; x_wconf 89' lang='lat' dir='ltr'><strong>et</strong></span> <span class='ocrx_word' id='word_1_245' title='bbox 636 3977 791 4040; x_wconf 89' lang='lat' dir='ltr'><strong>industria</strong></span> <span class='ocrx_word' id='word_1_246' title='bbox 818 3979 944 4058; x_wconf 92' lang='lat' dir='ltr'><strong>plenam</strong></span> <span class='ocrx_word' id='word_1_247' title='bbox 969 3979 1003 4038; x_wconf 93' lang='lat' dir='ltr'><strong>in</strong></span> <span class='ocrx_word' id='word_1_248' title='bbox 1031 3977 1169 4039; x_wconf 92' lang='lat' dir='ltr'><strong>Domino</strong></span> <span class='ocrx_word' id='word_1_249' title='bbox 1190 3976 1338 4038; x_wconf 87' lang='lat' dir='ltr'><strong>fiduciam</strong></span> <span class='ocrx_word' id='word_1_250' title='bbox 1358 3983 1565 4057; x_wconf 85' lang='lat' dir='ltr'><strong>reportantes.</strong></span> <span class='ocrx_word' id='word_1_251' title='bbox 1587 3998 1644 4039; x_wconf 84' lang='lat' dir='ltr'><strong>vos</strong></span> 
     </span>
     <span class='ocr_line' id='line_1_31' title="bbox 410 4083 1646 4156; baseline -0.002 -10"><span class='ocrx_word' id='word_1_252' title='bbox 410 4091 554 4146; x_wconf 82' lang='lat' dir='ltr'><strong>nostrum</strong></span> <span class='ocrx_word' id='word_1_253' title='bbox 586 4084 619 4144; x_wconf 91' lang='lat' dir='ltr'><strong>in</strong></span> <span class='ocrx_word' id='word_1_254' title='bbox 650 4083 796 4145; x_wconf 89' lang='lat' dir='ltr'><strong>absencia</strong></span> <span class='ocrx_word' id='word_1_255' title='bbox 817 4083 968 4144; x_wconf 91' lang='lat' dir='ltr'><strong>vicarium</strong></span> <span class='ocrx_word' id='word_1_256' title='bbox 989 4083 1171 4144; x_wconf 89' lang='lat' dir='ltr'><strong>ordinamus</strong></span> <span class='ocrx_word' id='word_1_257' title='bbox 1193 4089 1226 4145; x_wconf 86' lang='lat' dir='ltr'><strong>ct</strong></span> <span class='ocrx_word' id='word_1_258' title='bbox 1246 4083 1479 4155; x_wconf 87' lang='lat' dir='ltr'><strong>constituimus,</strong></span> <span class='ocrx_word' id='word_1_259' title='bbox 1498 4104 1535 4156; x_wconf 83' lang='lat' dir='ltr'><strong>ac</strong></span> <span class='ocrx_word' id='word_1_260' title='bbox 1555 4084 1646 4145; x_wconf 83' lang='lat' dir='ltr'><strong>vobis</strong></span> 
     </span>
     <span class='ocr_line' id='line_1_32' title="bbox 407 4189 1644 4270; baseline -0.003 -17"><span class='ocrx_word' id='word_1_261' title='bbox 407 4193 447 4253; x_wconf 89' lang='lat' dir='ltr'><strong>ad</strong></span> <span class='ocrx_word' id='word_1_262' title='bbox 468 4190 708 4262; x_wconf 88' lang='lat' dir='ltr'><strong>instituendum,</strong></span> <span class='ocrx_word' id='word_1_263' title='bbox 730 4189 974 4262; x_wconf 89' lang='lat' dir='ltr'><strong>destituendum,</strong></span> <span class='ocrx_word' id='word_1_264' title='bbox 995 4189 1226 4270; x_wconf 89' lang='lat' dir='ltr'><strong>inquirendum,</strong></span> <span class='ocrx_word' id='word_1_265' title='bbox 1247 4189 1475 4270; x_wconf 84' lang='lat' dir='ltr'><strong>corrigendum,</strong></span> <span class='ocrx_word' id='word_1_266' title='bbox 1496 4195 1529 4252; x_wconf 88' lang='lat' dir='ltr'><strong>et</strong></span> <span class='ocrx_word' id='word_1_267' title='bbox 1552 4191 1644 4270; x_wconf 89' lang='lat' dir='ltr'><strong>puni-</strong></span> 
     </span>
     <span class='ocr_line' id='line_1_33' title="bbox 407 4293 1644 4367; baseline -0.002 -8"><span class='ocrx_word' id='word_1_268' title='bbox 407 4298 524 4360; x_wconf 89' lang='lat' dir='ltr'><strong>endum</strong></span> <span class='ocrx_word' id='word_1_269' title='bbox 548 4296 744 4358; x_wconf 87' lang='lat' dir='ltr'><strong>subditorum</strong></span> <span class='ocrx_word' id='word_1_270' title='bbox 773 4300 953 4356; x_wconf 89' lang='lat' dir='ltr'><strong>nostrorum</strong></span> <span class='ocrx_word' id='word_1_271' title='bbox 981 4315 1136 4366; x_wconf 85' lang='lat' dir='ltr'><strong>excessus,</strong></span> <span class='ocrx_word' id='word_1_272' title='bbox 1158 4299 1191 4355; x_wconf 92' lang='lat' dir='ltr'><strong>et</strong></span> <span class='ocrx_word' id='word_1_273' title='bbox 1221 4314 1241 4354; x_wconf 93' lang='lat' dir='ltr'><strong>a</strong></span> <span class='ocrx_word' id='word_1_274' title='bbox 1272 4293 1441 4366; x_wconf 89' lang='lat' dir='ltr'><strong>beneficiis,</strong></span> <span class='ocrx_word' id='word_1_275' title='bbox 1462 4294 1583 4367; x_wconf 87' lang='lat' dir='ltr'><strong>officiis,</strong></span> <span class='ocrx_word' id='word_1_276' title='bbox 1610 4301 1644 4356; x_wconf 82' lang='lat' dir='ltr'><strong>et</strong></span> 
     </span>
     <span class='ocr_line' id='line_1_34' title="bbox 408 4391 1644 4480; baseline -0.002 -15"><span class='ocrx_word' id='word_1_277' title='bbox 408 4401 746 4472; x_wconf 86' lang='lat' dir='ltr'><strong>administracionibue,</strong></span> <span class='ocrx_word' id='word_1_278' title='bbox 788 4421 860 4462; x_wconf 89' lang='lat' dir='ltr'><strong>cum</strong></span> <span class='ocrx_word' id='word_1_279' title='bbox 901 4421 951 4462; x_wconf 89' lang='lat' dir='ltr'><strong>res</strong></span> <span class='ocrx_word' id='word_1_280' title='bbox 986 4400 1091 4480; x_wconf 83' lang='lat' dir='ltr'><strong>exigit,</strong></span> <span class='ocrx_word' id='word_1_281' title='bbox 1125 4391 1379 4472; x_wconf 84' lang='lat' dir='ltr'><strong>ammovondu&#39;m,</strong></span> <span class='ocrx_word' id='word_1_282' title='bbox 1417 4399 1570 4462; x_wconf 89' lang='lat' dir='ltr'><strong>beneficia</strong></span> <span class='ocrx_word' id='word_1_283' title='bbox 1603 4401 1644 4462; x_wconf 78' lang='lat' dir='ltr'><strong>ad</strong></span> 
     </span>
    </p>
   </div>
   <div class='ocr_carea' id='block_1_6' title="bbox 407 4505 1644 4684">
    <p class='ocr_par' dir='ltr' id='par_1_6' title="bbox 407 4505 1644 4684">
     <span class='ocr_line' id='line_1_35' title="bbox 408 4505 1643 4586; baseline -0.004 -15"><span class='ocrx_word' id='word_1_284' title='bbox 408 4515 549 4571; x_wconf 89' lang='lat' dir='ltr'><strong>nostram</strong></span> <span class='ocrx_word' id='word_1_285' title='bbox 577 4507 779 4568; x_wconf 88' lang='lat' dir='ltr'><strong>collacionem</strong></span> <span class='ocrx_word' id='word_1_286' title='bbox 803 4505 1061 4586; x_wconf 87' lang='lat' dir='ltr'><strong>qualitercunque</strong></span> <span class='ocrx_word' id='word_1_287' title='bbox 1082 4505 1238 4578; x_wconf 86' lang='lat' dir='ltr'><strong>devoluta,</strong></span> <span class='ocrx_word' id='word_1_288' title='bbox 1260 4511 1293 4567; x_wconf 91' lang='lat' dir='ltr'><strong>et</strong></span> <span class='ocrx_word' id='word_1_289' title='bbox 1316 4507 1417 4567; x_wconf 83' lang='lat' dir='ltr'><strong>eciam</strong></span> <span class='ocrx_word' id='word_1_290' title='bbox 1440 4505 1643 4577; x_wconf 82' lang='lat' dir='ltr'><strong>devolvenda,</strong></span> 
     </span>
     <span class='ocr_line' id='line_1_36' title="bbox 407 4603 1644 4684; baseline -0.004 -15"><span class='ocrx_word' id='word_1_291' title='bbox 407 4607 594 4669; x_wconf 88' lang='lat' dir='ltr'><strong>auctoritate</strong></span> <span class='ocrx_word' id='word_1_292' title='bbox 622 4610 731 4665; x_wconf 89' lang='lat' dir='ltr'><strong>nostra</strong></span> <span class='ocrx_word' id='word_1_293' title='bbox 758 4603 955 4675; x_wconf 82' lang='lat' dir='ltr'><strong>conferenda,</strong></span> <span class='ocrx_word' id='word_1_294' title='bbox 983 4611 1016 4664; x_wconf 89' lang='lat' dir='ltr'><strong>et</strong></span> <span class='ocrx_word' id='word_1_295' title='bbox 1040 4603 1147 4664; x_wconf 84' lang='lat' dir='ltr'><strong>omnia</strong></span> <span class='ocrx_word' id='word_1_296' title='bbox 1167 4603 1229 4665; x_wconf 85' lang='lat' dir='ltr'><strong>alia</strong></span> <span class='ocrx_word' id='word_1_297' title='bbox 1248 4608 1281 4664; x_wconf 90' lang='lat' dir='ltr'><strong>et</strong></span> <span class='ocrx_word' id='word_1_298' title='bbox 1301 4603 1425 4684; x_wconf 85' lang='lat' dir='ltr'><strong>singula</strong></span> <span class='ocrx_word' id='word_1_299' title='bbox 1444 4604 1486 4664; x_wconf 86' lang='lat' dir='ltr'><strong>ad</strong></span> <span class='ocrx_word' id='word_1_300' title='bbox 1506 4603 1644 4664; x_wconf 86' lang='lat' dir='ltr'><strong>officium</strong></span> 
     </span>
    </p>
   </div>
   <div class='ocr_carea' id='block_1_7' title="bbox 334 4708 1645 4792">
    <p class='ocr_par' dir='ltr' id='par_1_7' title="bbox 334 4708 1645 4792">
     <span class='ocr_line' id='line_1_37' title="bbox 334 4708 1645 4792; baseline -0.005 -16"><span class='ocrx_word' id='word_1_301' title='bbox 334 4722 336 4726; x_wconf 83' lang='grc'><strong>’</strong></span> <span class='ocrx_word' id='word_1_302' title='bbox 407 4713 514 4776; x_wconf 89' lang='lat' dir='ltr'><strong>vicarii</strong></span> <span class='ocrx_word' id='word_1_303' title='bbox 542 4711 723 4792; x_wconf 87' lang='lat' dir='ltr'><strong>spectancia</strong></span> <span class='ocrx_word' id='word_1_304' title='bbox 764 4710 914 4781; x_wconf 85' lang='lat' dir='ltr'><strong>facienda,</strong></span> <span class='ocrx_word' id='word_1_305' title='bbox 946 4715 1056 4771; x_wconf 89' lang='lat' dir='ltr'><strong>tenore</strong></span> <span class='ocrx_word' id='word_1_306' title='bbox 1076 4709 1275 4790; x_wconf 87' lang='lat' dir='ltr'><strong>presencium</strong></span> <span class='ocrx_word' id='word_1_307' title='bbox 1302 4708 1532 4770; x_wconf 84' lang='lat' dir='ltr'><strong>committimus</strong></span> <span class='ocrx_word' id='word_1_308' title='bbox 1559 4709 1645 4770; x_wconf 81' lang='lat' dir='ltr'><strong>vicos</strong></span> 
     </span>
    </p>
   </div>
   <div class='ocr_carea' id='block_1_8' title="bbox 470 4845 880 4896">
    <p class='ocr_par' dir='ltr' id='par_1_8' title="bbox 470 4845 880 4896">
     <span class='ocr_line' id='line_1_38' title="bbox 470 4845 880 4896; baseline -0.007 -5"><span class='ocrx_word' id='word_1_309' title='bbox 470 4849 554 4891; x_wconf 81' lang='lat' dir='ltr'><strong>l-The</strong></span> <span class='ocrx_word' id='word_1_310' title='bbox 563 4853 633 4896; x_wconf 79' lang='lat' dir='ltr'><strong>entry</strong></span> <span class='ocrx_word' id='word_1_311' title='bbox 647 4847 667 4889; x_wconf 76' lang='lat' dir='ltr'><strong>ts</strong></span> <span class='ocrx_word' id='word_1_312' title='bbox 690 4851 732 4888; x_wconf 80' lang='lat' dir='ltr'><strong>not</strong></span> <span class='ocrx_word' id='word_1_313' title='bbox 745 4845 880 4889; x_wconf 77' lang='lat' dir='ltr'><strong>continued.</strong></span> 
     </span>
    </p>
   </div>
   <div class='ocr_carea' id='block_1_9' title="bbox 405 4944 1648 5186">
    <p class='ocr_par' dir='ltr' id='par_1_9' title="bbox 405 4944 1648 5186">
     <span class='ocr_line' id='line_1_39' title="bbox 467 4944 1648 5008; baseline -0.004 -17"><span class='ocrx_word' id='word_1_314' title='bbox 467 4949 610 4992; x_wconf 79' lang='lat' dir='ltr'><strong>2-Rlchard</strong></span> <span class='ocrx_word' id='word_1_315' title='bbox 623 4948 652 4990; x_wconf 81' lang='lat' dir='ltr'><strong>de</strong></span> <span class='ocrx_word' id='word_1_316' title='bbox 664 4949 766 4994; x_wconf 82' lang='lat' dir='ltr'><strong>vernon.</strong></span> <span class='ocrx_word' id='word_1_317' title='bbox 780 4959 809 4990; x_wconf 76' lang='lat' dir='ltr'><strong>aa</strong></span> <span class='ocrx_word' id='word_1_318' title='bbox 823 4949 912 4994; x_wconf 70' lang='lat' dir='ltr'><strong>Restat</strong></span> <span class='ocrx_word' id='word_1_319' title='bbox 925 4947 948 4989; x_wconf 86' lang='lat' dir='ltr'><strong>ln</strong></span> <span class='ocrx_word' id='word_1_320' title='bbox 958 4949 1041 4990; x_wconf 62' lang='lat' dir='ltr'><strong>&amp;aon</strong></span> <span class='ocrx_word' id='word_1_321' title='bbox 1056 4948 1120 4994; x_wconf 74' lang='lat' dir='ltr'><strong>Lm.</strong></span> <span class='ocrx_word' id='word_1_322' title='bbox 1129 4959 1182 4989; x_wconf 78' lang='lat' dir='ltr'><strong>was</strong></span> <span class='ocrx_word' id='word_1_323' title='bbox 1194 4946 1299 4994; x_wconf 66' lang='lat' dir='ltr'><strong>engaged</strong></span> <span class='ocrx_word' id='word_1_324' title='bbox 1313 4957 1375 4994; x_wconf 77' lang='lat' dir='ltr'><strong>upon</strong></span> <span class='ocrx_word' id='word_1_325' title='bbox 1388 4957 1405 4992; x_wconf 72' lang='lat' dir='ltr'><strong>a</strong></span> <span class='ocrx_word' id='word_1_326' title='bbox 1416 4944 1461 4987; x_wconf 76' lang='lat' dir='ltr'><strong>lull</strong></span> <span class='ocrx_word' id='word_1_327' title='bbox 1473 4947 1553 4993; x_wconf 73' lang='lat' dir='ltr'><strong>yur&#39;a</strong></span> <span class='ocrx_word' id='word_1_328' title='bbox 1561 4956 1648 5008; x_wconf 68' lang='lat' dir='ltr'><strong>suurn</strong></span> 
     </span>
     <span class='ocr_line' id='line_1_40' title="bbox 405 5004 1648 5056; baseline -0.007 0"><span class='ocrx_word' id='word_1_329' title='bbox 405 5013 431 5056; x_wconf 76' lang='lat' dir='ltr'><strong>ol</strong></span> <span class='ocrx_word' id='word_1_330' title='bbox 444 5013 547 5055; x_wconf 72' lang='lat' dir='ltr'><strong>lecture·</strong></span> <span class='ocrx_word' id='word_1_331' title='bbox 560 5016 586 5054; x_wconf 73' lang='lat' dir='ltr'><strong>at</strong></span> <span class='ocrx_word' id='word_1_332' title='bbox 600 5009 704 5056; x_wconf 70' lang='lat' dir='ltr'><strong>oxiam:</strong></span> <span class='ocrx_word' id='word_1_333' title='bbox 718 5009 765 5052; x_wconf 80' lang='lat' dir='ltr'><strong>and</strong></span> <span class='ocrx_word' id='word_1_334' title='bbox 779 5021 794 5052; x_wconf 81' lang='grc' dir='ltr'>ι</span> <span class='ocrx_word' id='word_1_335' title='bbox 807 5008 894 5056; x_wconf 76' lang='lat' dir='ltr'><strong>special</strong></span> <span class='ocrx_word' id='word_1_336' title='bbox 903 5009 990 5051; x_wconf 71' lang='lat' dir='ltr'><strong>ticenae</strong></span> <span class='ocrx_word' id='word_1_337' title='bbox 1002 5007 1083 5053; x_wconf 76' lang='lat' dir='ltr'><strong>(dated</strong></span> <span class='ocrx_word' id='word_1_338' title='bbox 1096 5011 1151 5051; x_wconf 68' lang='lat' dir='ltr'><strong>lau.</strong></span> <span class='ocrx_word' id='word_1_339' title='bbox 1162 5010 1193 5055; x_wconf 75' lang='lat' dir='ltr'><strong>ta</strong></span> <span class='ocrx_word' id='word_1_340' title='bbox 1204 5009 1262 5051; x_wconf 71' lang='grc'><strong>18191</strong></span> <span class='ocrx_word' id='word_1_341' title='bbox 1273 5020 1326 5050; x_wconf 70' lang='lat' dir='ltr'><strong>vas</strong></span> <span class='ocrx_word' id='word_1_342' title='bbox 1338 5006 1458 5053; x_wconf 63' lang='lat' dir='ltr'><strong>manee.</strong></span> <span class='ocrx_word' id='word_1_343' title='bbox 1468 5011 1494 5048; x_wconf 76' lang='lat' dir='ltr'><strong>st</strong></span> <span class='ocrx_word' id='word_1_344' title='bbox 1507 5008 1549 5048; x_wconf 76' lang='lat' dir='ltr'><strong>the</strong></span> <span class='ocrx_word' id='word_1_345' title='bbox 1563 5004 1648 5053; x_wconf 61' lang='grc' dir='ltr'><strong>ΚΗ·</strong></span> 
     </span>
     <span class='ocr_line' id='line_1_41' title="bbox 406 5069 1646 5124; baseline -0.005 -7"><span class='ocrx_word' id='word_1_346' title='bbox 406 5079 510 5124; x_wconf 68' lang='lat' dir='ltr'><strong>moueat.</strong></span> <span class='ocrx_word' id='word_1_347' title='bbox 523 5073 586 5115; x_wconf 75' lang='lat' dir='ltr'><strong>from</strong></span> <span class='ocrx_word' id='word_1_348' title='bbox 599 5073 640 5115; x_wconf 82' lang='lat' dir='ltr'><strong>the</strong></span> <span class='ocrx_word' id='word_1_349' title='bbox 655 5072 799 5120; x_wconf 68' lang='lat' dir='ltr'><strong>universus.</strong></span> <span class='ocrx_word' id='word_1_350' title='bbox 815 5071 924 5119; x_wconf 70' lang='lat' dir='ltr'><strong>allevies</strong></span> <span class='ocrx_word' id='word_1_351' title='bbox 939 5072 989 5112; x_wconf 84' lang='lat' dir='ltr'><strong>him</strong></span> <span class='ocrx_word' id='word_1_352' title='bbox 1006 5075 1033 5114; x_wconf 91' lang='lat' dir='ltr'><strong>to</strong></span> <span class='ocrx_word' id='word_1_353' title='bbox 1049 5071 1161 5113; x_wconf 72' lang='lat' dir='ltr'><strong>standon</strong></span> <span class='ocrx_word' id='word_1_354' title='bbox 1177 5072 1219 5112; x_wconf 81' lang='lat' dir='ltr'><strong>the</strong></span> <span class='ocrx_word' id='word_1_355' title='bbox 1236 5069 1402 5117; x_wconf 78' lang='lat' dir='ltr'><strong>uacompleted</strong></span> <span class='ocrx_word' id='word_1_356' title='bbox 1415 5081 1508 5114; x_wconf 75' lang='lat' dir='ltr'><strong>ocum.</strong></span> <span class='ocrx_word' id='word_1_357' title='bbox 1523 5069 1571 5111; x_wconf 79' lang='lat' dir='ltr'><strong>aud</strong></span> <span class='ocrx_word' id='word_1_358' title='bbox 1588 5069 1646 5112; x_wconf 74' lang='lat' dir='ltr'><strong>rahe</strong></span> 
     </span>
     <span class='ocr_line' id='line_1_42' title="bbox 407 5134 830 5186; baseline -0.012 -6"><span class='ocrx_word' id='word_1_359' title='bbox 407 5151 438 5186; x_wconf 81' lang='lat' dir='ltr'><strong>uu</strong></span> <span class='ocrx_word' id='word_1_360' title='bbox 455 5139 497 5180; x_wconf 79' lang='lat' dir='ltr'><strong>the</strong></span> <span class='ocrx_word' id='word_1_361' title='bbox 509 5136 588 5178; x_wconf 75' lang='lat' dir='ltr'><strong>dutiae</strong></span> <span class='ocrx_word' id='word_1_362' title='bbox 605 5134 631 5177; x_wconf 84' lang='lat' dir='ltr'><strong>ol</strong></span> <span class='ocrx_word' id='word_1_363' title='bbox 646 5135 830 5182; x_wconf 66' lang='lat' dir='ltr'><strong>vicar-general.</strong></span> 
     </span>
    </p>
   </div>
   <div class='ocr_carea' id='block_1_10' title="bbox 0 0 1930 5917">
    <p class='ocr_par' dir='ltr' id='par_1_10' title="bbox 0 0 1930 5917">
     <span class='ocr_line' id='line_1_43' title="bbox 0 0 1930 5917; baseline 0 0"><span class='ocrx_word' id='word_1_364' title='bbox 0 0 1930 5917; x_wconf 95' lang='lat' dir='ltr'><strong> </strong></span> 
     </span>
    </p>
   </div>
  </div>
 </body>
</html>
