3850 5917
409 690 468 749 340
782 686 960 765 Rapiatrrem
987 685 1052 747 Ade
1079 685 1116 746 de
1146 685 1269 746 Orletcn

238 920 295 960 Μ)-
311 920 365 959 ¹⁸²⁶·
409 914 481 975 Jan.
513 914 649 975 1.-Tbe
679 914 870 993 Arcbbielrcp
898 914 933 992 os
967 912 1157 989 oanartery
1187 910 1361 972 cmnnrenda
1389 930 1517 989 preyers
1550 916 1579 969 to
1608 909 1643 969 te

530 995 648 1073 offered,
681 1016 700 1055 α
727 995 842 1074 special
868 1015 949 1055 mass
979 1001 1008 1055 to
1036 995 1069 1054 be
1096 992 1271 1062 celebrated,
1303 992 1367 1051 arrd
1394 990 1583 1070 processione
1612 996 1643 1049 tc

531 1076 564 1137 be
591 1076 688 1146 crude,
717 1076 752 1135 ia
782 1076 827 1135 all
855 1075 904 1135 ete
940 1075 1103 1144 Clearetae,
1132 1075 1187 1152 sor
1216 1074 1264 1133 the
1290 1074 1462 1152 prmnotion
1487 1070 1523 1149 of
1551 1090 1642 1149 peuce

531 1157 657 1217 between
680 1156 828 1235 Eripiend
852 1156 915 1217 aad
936 1156 1055 1216 France
1065 1176 1076 1225 ;
1099 1153 1272 1233 pometa
1292 1156 1334 1213 40
1354 1153 1440 1230 daya’
1462 1151 1641 1228 emeram

531 1246 559 1297 to
584 1238 629 1297 all
652 1237 718 1298 celto
742 1258 795 1297 ere
815 1244 937 1316 present
961 1244 995 1296 at
1020 1236 1099 1296 these
1123 1255 1235 1295 messes
1260 1234 1323 1294 ond
1344 1232 1543 1313 processione.

490 1393 683 1452 Meunrrnu
705 1392 957 1451 Ancsrnrrscorr
973 1396 1234 1452 Uanruamnnsrs
1248 1407 1291 1448 An
1308 1406 1464 1447 oaeneon
1478 1405 1540 1447 eso
1560 1404 1642 1446 raca

409 1516 508 1558 mres
529 1499 644 1557 Rasna
668 1498 795 1557 Ausum
817 1516 859 1556 nr
880 1497 1037 1566 Faenum,
1066 1513 1243 1555 nscnrrnu
1276 1494 1464 1563 Loanonus,
1486 1502 1563 1552 rus⁰
1584 1511 1641 1551 nrs

408 1604 783 1674 desueuit-Walterus,
806 1608 874 1673 etc,
897 1602 1066 1663 venerabili
1088 1602 1120 1660 in
1141 1600 1268 1661 Christo
1297 1599 1394 1669 fratri,
1416 1599 1544 1659 domino
1566 1598 1642 1665 Ade,

409 1716 477 1779 eta,
500 1709 643 1779 salutem,
666 1714 725 1769 etc.
783 1708 1048 1767 Contremuerunt
1075 1726 1166 1766 aures
1193 1710 1310 1776 nostre,
1335 1723 1510 1783 corpusque
1538 1709 1642 1763 totum

409 1836 478 1875 cum
500 1815 709 1874 admiracione
724 1814 902 1873 vehementi
921 1812 1093 1891 obstupuit,
1114 1812 1188 1871 dum
1208 1811 1326 1871 clamor
1343 1810 1466 1870 validus
1484 1815 1550 1868 tam
1570 1828 1641 1869 nos·

408 1927 525 1981 tratum
548 1940 642 1999 quam
663 1919 907 1998 alienigenarum
923 1917 1050 1979 auribus
1071 1916 1161 1996 quasi
1182 1921 1367 1976 cunctorum
1383 1935 1482 1994 nuper
1499 1914 1640 1975 insonuit

408 2046 588 2105 guerrarum
611 2031 642 2085 et
664 2025 816 2085 discordie
838 2023 1002 2084 materiam
1022 2023 1105 2083 inter
1125 2022 1227 2101 Reges
1248 2026 1280 2081 et
1294 2020 1466 2099 regnicolas
1484 2020 1594 2099 Anglie
1608 2026 1641 2079 et

408 2128 539 2189 Francie
559 2128 624 2207 jam
645 2127 768 2187 noviter
788 2126 853 2187 fore
875 2126 1069 2195 suscitatam,
1091 2130 1123 2185 et
1148 2125 1187 2183 ad
1209 2130 1315 2184 aetum
1340 2124 1417 2183 adeo
1441 2124 1641 2202 processisse.

409 2234 491 2313 quod
520 2232 711 2293 diversarum
743 2232 907 2292 nationum
939 2236 972 2291 et
1003 2230 1180 2309 linguarum
1207 2229 1362 2290 exercitus
1390 2228 1582 2289 confederati
1602 2229 1642 2287 ad

409 2339 619 2400 invadendum
641 2339 785 2417 Regnum
814 2337 923 2417 Anglie
952 2338 1159 2416 undequaque
1179 2336 1244 2414 jam
1273 2354 1307 2395 se
1331 2340 1509 2413 preparant,
1531 2340 1568 2393 ut
1596 2354 1642 2394 re-

408 2444 515 2506 tertur.
558 2444 602 2503 Et
622 2444 696 2504 licet
716 2444 896 2523 hujusmodi
918 2444 1130 2503 tumultuosos
1145 2442 1296 2502 clamores
1317 2441 1455 2520 undique
1476 2440 1641 2500 veritatem

409 2550 569 2609 continere
603 2548 740 2628 perfecte
774 2550 899 2609 credere
935 2568 999 2608 non
1044 2548 1214 2626 potuimus,
1250 2556 1316 2607 tam
1358 2545 1520 2624 sanguinis
1547 2566 1642 2626 quam

409 2656 570 2716 affinitatis
598 2656 752 2716 dictorum
784 2656 906 2733 Regum
926 2655 1161 2734 propinquitate
1189 2654 1354 2733 diligenter
1381 2653 1533 2732 inspecta,
1562 2652 1641 2731 peri-

409 2761 513 2820 culum
536 2766 642 2822 tamen
674 2762 854 2840 hujusmodi
885 2761 1039 2821 discordie
1070 2761 1152 2821 inter
1183 2743 1255 2820 tam¹
1277 2759 1460 2839 magnificos
1484 2759 1642 2837 principes

408 2868 498 2946 juxta
539 2868 706 2928 clamorem
744 2867 852 2946 populi
893 2867 1096 2928 vehementer
1136 2867 1294 2937 timentes,
1337 2865 1504 2926 anxietatis
1546 2865 1643 2924 nimie

409 2980 591 3054 torquemur
625 2974 749 3043 aculeis¹
791 2979 824 3034 et
867 2973 1076 3033 amaritudine
1118 2974 1220 3033 cordis
1262 2972 1393 3033 interius
1436 2972 1640 3051 perferamur.

409 3081 513 3155 Quum
535 3082 561 3141 si
583 3100 762 3159 guerrarum
792 3084 975 3158 preparatos
999 3080 1136 3158 laqueos,
1159 3081 1359 3159 ipsarumque
1381 3100 1473 3140 casus
1494 3080 1641 3139 fortuitos

407 3186 594 3265 propensius
626 3186 793 3256 intuemur,
829 3185 953 3246 oculata
987 3185 1049 3245 fide
1083 3185 1249 3245 manifeste
1291 3184 1437 3245 omnibus
1480 3184 1643 3265 apparebit

408 3294 500 3373 quod,
536 3294 596 3353 nisi
631 3292 698 3370 ipse
734 3292 934 3370 omnipotens
977 3297 1009 3352 et
1051 3292 1227 3353 misericors
1263 3293 1350 3353 Deus
1384 3313 1442 3353 sua
1480 3293 1640 3353 mediante

298 3465 303 3474 ,
345 3463 350 3473 ,
409 3398 580 3461 clemencia
607 3417 663 3475 per
694 3397 854 3457 oraciones
884 3402 915 3456 et
944 3397 1094 3477 suffragia
1117 3398 1248 3458 ecclesie
1272 3418 1328 3459 sue
1360 3404 1468 3459 sancte
1490 3399 1642 3459 divinitus

407 3505 554 3566 adhibere
582 3504 726 3583 dignetur
754 3502 917 3571 medelam,
949 3503 1131 3580 hujusmodi
1162 3504 1316 3564 discordie
1347 3504 1452 3565 letalia
1483 3505 1643 3565 incentiva

408 3611 524 3690 absque
545 3611 643 3670 totius
665 3610 912 3670 Christianitatis
944 3609 1159 3670 commocione
1190 3616 1222 3670 et
1253 3610 1455 3671 inestimabili
1479 3611 1643 3689 sanguinis

408 3686 665 3776 Gbristicolarum
686 3714 839 3774 effusione
860 3714 1004 3774 dolorosa
1018 3714 1148 3776 minime
1169 3716 1398 3795 extinguentur.
1440 3716 1484 3776 Et
1499 3717 1644 3796 quamvis

408 3821 553 3882 dominus
574 3826 682 3880 noster
709 3820 776 3879 Rex
795 3820 860 3898 jam
889 3820 1010 3899 pridem
1039 3821 1071 3879 in
1096 3841 1154 3882 auo
1182 3821 1388 3901 parliamento
1415 3822 1527 3883 ultimo
1554 3844 1643 3884 oeca-

408 3928 495 3987 sione
517 3926 592 3985 dicti
614 3925 758 3985 clamoris
780 3926 943 4004 providam
967 3926 1224 3987 deliberacionem
1245 3948 1419 4007 procerum,
1445 3935 1640 4008 magnatum,

407 4054 444 4094 ac
465 4034 597 4093 aliorum
622 4037 748 4093 secutus
776 4052 833 4111 pro
861 4032 1038 4093 salvacione
1065 4033 1152 4112 regni
1173 4033 1222 4093 sui
1243 4039 1275 4094 et
1303 4034 1475 4095 incolamm
1497 4036 1640 4113 ejusdem

407 4146 516 4201 contra
530 4158 733 4218 quoscunque
747 4138 824 4197 illud
846 4138 962 4217 injuste
977 4140 1115 4200 nitentes
1137 4139 1283 4201 invadere
1303 4142 1431 4202 caucius
1449 4142 1642 4203 ordinaverit

407 4245 626 4315 resistendum,
655 4244 728 4322 quia
749 4248 855 4303 tamen
882 4263 940 4303 nec
970 4245 1008 4305 de
1029 4245 1167 4305 humana
1188 4246 1358 4325 prudencia
1386 4246 1434 4307 vel
1455 4245 1641 4308 fortitudine

407 4371 509 4431 neque
530 4352 568 4411 de
589 4349 738 4428 opulenta
769 4348 953 4415 diviciarum
984 4350 1186 4411 multitudine
1213 4356 1263 4411 est
1284 4350 1505 4411 confidendum
1526 4352 1559 4409 in
1580 4351 1642 4412 hoc

407 4477 491 4526 casu,
513 4456 615 4535 primo
635 4460 667 4515 et
686 4454 900 4533 principaliter
916 4454 1017 4533 ipsius
1036 4455 1270 4535 Omnipotentis
1288 4456 1393 4535 gracia
1410 4455 1588 4536 indigemus
1606 4457 1640 4516 in

406 4564 497 4641 cujus
519 4580 614 4619 manu
635 4560 728 4619 corda
752 4578 860 4638 regum
888 4560 1075 4629 consistunt,
1097 4561 1226 4640 ipseque
1246 4561 1308 4632 illa,
1334 4567 1370 4621 ut
1392 4562 1468 4632 vult,
1490 4567 1640 4641 potenter

406 4674 439 4729 et
468 4665 651 4726 mirabiliter
671 4666 856 4726 multimode
876 4666 1003 4726 virtutis
1032 4686 1088 4726 sue
1108 4666 1254 4744 potencia
1274 4672 1423 4745 operante
1444 4666 1585 4738 inclinat,
1607 4674 1641 4729 et

405 4775 494 4855 juxta
515 4773 591 4832 illud
612 4772 737 4851 vulgare
766 4771 895 4843 dictum,
919 4772 1018 4832 Homo
1044 4770 1191 4852 proponit
1220 4772 1273 4833 sal
1293 4772 1377 4833 Deus
1397 4772 1545 4852 disponit,
1566 4794 1642 4835 oon·

405 4885 532 4958 ceptum
554 4877 691 4938 hominis
707 4877 913 4957 propositum,
931 4878 1021 4958 quasi
1040 4878 1073 4937 in
1087 4883 1168 4938 nutu
1181 4878 1263 4939 oculi
1277 4878 1390 4939 alterat
1404 4880 1639 4941 commutando.

407 4986 500 5047 Unde
522 5004 579 5045 nos
608 4982 738 5063 Anglici,
760 4982 814 5063 qui
835 4984 988 5045 catholice
1009 4984 1081 5044 fidei
1102 4984 1214 5045 devote
1239 4989 1383 5045 tenemus
1411 4984 1577 5056 unitatem,
1597 4986 1638 5046 od

404 5090 577 5160 Christum,
600 5089 653 5169 qui
672 5088 776 5150 salvos
798 5088 873 5149 lacit
897 5094 1060 5169 sperantes
1080 5089 1114 5149 in
1136 5108 1180 5162 se,
1202 5089 1333 5151 totalem
1355 5090 1472 5170 erigere
1486 5090 1639 5153 debemus
