3850 5917
382 684 444 745 230
756 683 936 763 Rapiatnaa
964 683 1029 745 Ado
1056 683 1093 745 de
1123 684 1246 745 Οτῑιῐοη

210 913 270 955 ΑΒ·
286 914 341 954 ¹³2⁰·
383 910 442 972 has
475 909 598 971 litteras
622 910 795 990 inspecturi
822 910 907 991 quod
937 930 1005 983 nos,
1036 910 1147 981 Adam,
1178 915 1248 981 etc..
1277 910 1434 990 quandam
1472 910 1617 972 commis·

383 1014 506 1076 sionem
537 1035 595 1095 per
630 1035 690 1077 noe
724 1014 901 1077 confectam
936 1035 974 1076 ac
1011 1015 1133 1077 litteras
1168 1014 1319 1095 quasdam
1356 1035 1412 1096 per
1447 1016 1619 1078 discretum

383 1120 496 1192 virum,
518 1121 704 1201 magistrum
731 1122 769 1181 R.
799 1122 837 1183 de
857 1122 1017 1192 Vernoun,
1038 1126 1182 1183 nostrum
1213 1120 1303 1181 nobis
1331 1124 1407 1181 tuno
1428 1120 1461 1181 in
1489 1121 1619 1183 remotis

384 1225 549 1306 agentibus
573 1226 724 1288 vicarium
750 1226 783 1285 in
808 1225 1023 1305 spiritualibus
1049 1225 1226 1305 generalem
1254 1225 1423 1287 habentem
1450 1227 1618 1305 specialem

385 1336 575 1411 potestatem
615 1333 654 1393 ad
693 1331 893 1413 infrascripta
926 1331 1086 1393 coniectas
1121 1330 1180 1393 sub
1221 1330 1383 1393 tenoribus
1424 1330 1618 1411 inspeximus

385 1438 594 1518 infrascriptis
610 1438 834 1509 t-Universis,
868 1443 939 1509 etc,
981 1437 1134 1499 Ricardus
1174 1437 1215 1498 de
1251 1436 1411 1509 Vernoun,
1447 1437 1619 1499 canonicus

385 1543 636 1615 Hereiordeneis,
668 1563 704 1605 ao
736 1543 923 1605 venerabilis
952 1544 1061 1624 patris,
1094 1543 1212 1604 domini
1249 1541 1323 1614 Ado,
1355 1548 1425 1615 eta,
1458 1544 1617 1616 Officialis,

384 1647 516 1728 ipsoque
542 1653 632 1728 patre
653 1647 686 1707 in
706 1648 836 1709 remotis
857 1654 969 1727 agente
993 1648 1027 1709 in
1055 1646 1269 1727 spiritualibus
1296 1648 1430 1709 vicarius
1454 1648 1618 1728 generalis,

385 1753 528 1828 taalutcm¹
544 1754 588 1813 in.
602 1773 640 1817 eo
664 1774 757 1834 quern
779 1754 902 1833 peperit
926 1760 1035 1815 uterus
1056 1753 1225 1833 virginalis.
1273 1754 1405 1815 Noverit
1428 1753 1619 1816 universitas

383 1863 489 1920 vestra
509 1859 593 1939 quod
614 1864 858 1939 comparuerunt
876 1878 983 1920 eoram
1000 1858 1091 1927 nobis
1113 1857 1148 1919 in
1166 1878 1290 1919 camera
1306 1858 1491 1919 venerabilis
1508 1860 1617 1938 patris,

383 1964 504 2027 domini
531 1964 681 2045 Episcopi
719 1965 900 2045 supradicti,
935 1964 1062 2026 discreti
1090 1963 1157 2035 viri,
1196 1963 1345 2043 magister
1374 1964 1550 2027 Willelmus
1578 1966 1618 2027 de

383 2069 570 2150 Fovvehope,
599 2069 714 2130 Rector
749 2069 879 2130 ecclesie
907 2070 946 2129 de
983 2069 1155 2149 Madeleye,
1190 2074 1222 2130 et
1257 2068 1403 2129 dominus
1440 2069 1618 2133 Willelmus

382 2175 544 2254 Hodynet‚
569 2174 686 2235 Rector
705 2175 836 2237 ecclesie
854 2176 894 2236 de
915 2174 1096 2255 Weatbury,
1125 2176 1157 2235 in
1186 2174 1302 2236 foresta
1329 2175 1368 2236 de
1389 2176 1488 2247 Dene,
1517 2177 1616 2240 Here·

382 2281 537 2343 fordensis
569 2281 711 2353 diocesis,
743 2282 838 2343 iidem
865 2282 1016 2343 Rectores
1044 2301 1081 2342 ex
1110 2286 1220 2341 mutuo
1255 2301 1411 2343 consensu
1447 2284 1617 2344 eorundem

383 2407 458 2448 suas
477 2386 625 2448 ecclesias
643 2386 800 2467 predictas
819 2387 994 2448 adinvicem
1011 2391 1190 2468 permutare
1206 2386 1348 2449 volentes
1364 2388 1450 2467 ipsas
1470 2388 1618 2451 ecclesias

382 2493 417 2552 in
451 2512 564 2553 manus
591 2496 717 2554 nostras
744 2492 950 2571 personaliter
984 2492 1182 2572 resignarunt
1210 2492 1268 2554 sub
1296 2492 1355 2554 hac
1383 2494 1505 2555 forma:
1538 2496 1617 2576 Ego,

383 2598 561 2662 Willelmus
599 2598 638 2660 de
680 2598 866 2678 Fowehope‚
909 2599 1026 2660 Rector
1063 2598 1192 2660 ecclesie
1226 2600 1265 2661 de
1307 2599 1479 2679 Madeleye‚
1515 2601 1617 2681 ipsam

382 2704 547 2765 ecclesiam
575 2724 678 2765 meam
715 2724 810 2765 causa
846 2704 1092 2784 permutacionis
1120 2724 1192 2764 eum
1226 2704 1358 2765 ecclesia
1379 2704 1418 2766 de
1446 2705 1619 2787 Westbury

383 2809 416 2868 in
451 2808 569 2870 foresta
605 2809 644 2869 de
676 2809 774 2879 Dens,
811 2808 1052 2870 Hereiordeneis
1088 2808 1229 2881 diocesis,
1266 2809 1390 2889 resigno
1425 2810 1457 2869 in
1504 2831 1619 2874 manus

383 2920 515 2987 vestrae,
543 2916 693 2995 magister
721 2915 854 2977 Ricarde
884 2916 924 2977 de
954 2916 1113 2987 Vsrnoun,
1145 2914 1329 2977 venerabilis
1359 2916 1468 2996 patris,
1497 2918 1617 2979 domini

382 3022 458 3092 ade,
481 3026 550 3094 ete,
579 3020 729 3093 officialis,
750 3027 810 3083 etc.

464 3153 547 3215 Item
576 3154 654 3233 Ego,
683 3153 861 3214 Willelmus
890 3152 1049 3231 Hodynet‚
1079 3152 1195 3213 Rector
1222 3151 1351 3213 ecclesie
1379 3152 1418 3213 de
1446 3152 1616 3233 Westbury

381 3260 415 3320 in
443 3258 560 3321 foresta
587 3260 625 3319 de
657 3258 756 3329 Dene,
784 3258 886 3338 ipsam
914 3256 1078 3318 ecclesiam
1106 3276 1218 3327 meam,
1249 3276 1344 3318 eausa
1371 3256 1617 3337 permutacionis

381 3386 454 3427 cum
475 3364 607 3426 eeclesia
626 3364 665 3425 de
687 3364 859 3443 Madeleye,
881 3362 1122 3425 Hereiordeneis
1143 3362 1284 3434 diocesis,
1305 3362 1430 3443 resigno
1451 3362 1483 3422 in
1503 3384 1617 3426 manus

381 3473 512 3540 vestras,
544 3469 677 3530 Ricarde
711 3470 749 3529 de
776 3469 936 3539 Vernonn,
968 3466 1154 3529 venerabilis
1181 3468 1289 3548 patris,
1317 3468 1435 3529 domini
1464 3470 1509 3540 A..
1544 3474 1614 3543 ete,

381 3574 541 3646 Officialis,
562 3579 621 3636 etc.
664 3574 749 3648 Quas
770 3572 897 3653 quidem
917 3572 1147 3652 resigneciones
1168 3591 1236 3644 nos,
1259 3572 1408 3636 Officialis
1428 3578 1461 3635 et
1480 3575 1617 3637 vicarius

380 3680 535 3761 generalis
563 3680 770 3760 supradictus,
808 3698 847 3739 ex
882 3679 975 3740 certis
1010 3683 1042 3739 et
1076 3678 1223 3758 legitimis
1253 3678 1357 3740 causis
1388 3699 1492 3739 eoram
1523 3680 1617 3743 nobis

382 3786 524 3866 allegatis
543 3789 575 3846 et
597 3784 736 3865 probatis
755 3805 834 3865 quae
854 3785 1049 3847 decrevimus
1071 3784 1136 3845 iore
1156 3784 1320 3864 legitimas,
1343 3785 1462 3846 vocatis
1480 3806 1615 3866 qnorum

330 3887 341 3907 ‘
381 3892 522 3963 interest,
554 3891 764 3971 approbamus
795 3912 832 3952 ac
862 3891 947 3971 ipsas
975 3910 1032 3971 pro
1060 3890 1208 3971 legitimis
1235 3890 1440 3963 admittimus,
1469 3897 1501 3953 et
1529 3892 1617 3972 ipsas

381 3998 530 4061 eeclesias
557 3996 714 4077 predictae
740 4018 851 4059 vacare
879 3997 1124 4077 pronunciamus
1155 3995 1248 4057 modo
1276 4001 1308 4057 et
1336 3996 1518 4059 condicione
1545 4018 1613 4079 pre·

381 4104 509 4165 notatis.
552 4103 597 4163 Et
619 4104 659 4163 ad
680 4103 831 4182 majorem
858 4103 1040 4183 hujusmodi
1064 4102 1109 4165 rei
1130 4102 1285 4164 cautelam
1308 4108 1471 4182 presentes
1492 4102 1616 4166 litteras

383 4210 456 4271 inde
477 4210 637 4273 coniectas
664 4210 757 4272 scribi
778 4216 811 4271 et
837 4209 989 4290 publicari
1014 4208 1232 4270 mandavimus
1253 4229 1310 4289 per
1331 4209 1489 4269 notarium
1514 4210 1613 4289 publi-

381 4337 454 4377 cum
490 4315 724 4395 infrascriptum
758 4321 900 4377 tenorem
939 4320 1045 4376 nostre
1080 4314 1310 4376 commissionis
1346 4315 1544 4378 continentes
1581 4322 1616 4377 et

381 4421 474 4503 sigilli
516 4422 716 4483 officialitatis
758 4420 888 4482 ecclesie
930 4419 1171 4481 Hereiordeneis
1216 4440 1278 4500 quo
1322 4420 1441 4480 utimur
1482 4420 1615 4483 lecimus

381 4528 573 4609 appensione
601 4526 725 4587 muniri.
768 4528 853 4588 Data
880 4531 912 4587 et
942 4532 1013 4587 acta
1041 4532 1116 4587 sunt
1147 4523 1294 4587 hocloco
1322 4546 1383 4607 quo
1404 4546 1508 4606 supra,
1530 4547 1616 4589 anno

381 4633 421 4694 ab
459 4632 684 4693 Incarnacione
719 4631 848 4692 Domini
883 4631 1081 4702 Meosne,
1116 4630 1291 4693 indiccione
1329 4630 1373 4711 iij,
1411 4632 1616 4711 pontificatus

381 4736 572 4801 sanctissimi
601 4737 700 4817 patris
728 4742 761 4800 et
787 4737 906 4797 domini
934 4736 1034 4798 nostri
1061 4736 1181 4797 domini
1210 4736 1365 4797 Johannis
1396 4737 1481 4817 Pape
1512 4737 1614 4798 XXII

380 4865 464 4906 anno
481 4848 601 4925 quarto,
624 4842 743 4904 mensis
766 4842 881 4922 Aprilis
902 4843 952 4903 die
977 4842 1122 4913 secunda,
1144 4841 1342 4922 presentibus
1366 4842 1509 4903 discretis
1528 4844 1614 4915 viris,

379 4951 526 5012 Jobanne
554 4950 593 5010 de
614 4949 754 5019 Barewe
776 4949 844 5010 eive
865 4946 1098 5018 Hereiordensi‚
1127 4952 1159 5008 et
1180 4946 1307 5007 domino
1328 4946 1468 5007 Waltero
1496 4946 1614 5019 Oarles,

380 5057 515 5118 Rectore
546 5054 675 5117 ecclesie
710 5054 749 5114 de
784 5052 984 5133 Brsdeweye‚
1020 5050 1247 5133 Wigornisneis
1288 5050 1429 5122 diocesis,
1469 5050 1614 5131 testibus,
