3850 5917
681 723 833 804 Episcopi
859 723 1103 805 Heresordeuaia.
1450 726 1509 786 163

130 957 175 996 tn·
188 959 236 997 Μ
274 949 359 1009 bulla
382 949 532 1029 plumbea
550 948 694 1020 bullatas,
709 969 774 1008 non
793 948 991 1020 cancellatas,
1013 968 1077 1008 non
1102 948 1244 1020 abolitas,
1267 969 1325 1009 nec
1350 949 1383 1008 in
1407 949 1513 1028 aliqua
1628 971 1633 983 ·

276 1055 325 1115 sui
345 1060 436 1135 parte
464 1055 595 1115 viciatus
623 1055 788 1134 diligenter
807 1055 1011 1134 inspeximus,
1034 1061 1175 1115 tenorem
1198 1056 1252 1134 qui
1273 1056 1414 1135 sequitur
1439 1075 1511 1116 con·

278 1159 644 1232 tinentes:—Johannes,
666 1166 725 1220 etc.
782 1160 864 1234 Quia
884 1159 979 1240 igitur
1003 1161 1176 1221 secundum
1198 1159 1398 1222 Ambrosium
1418 1181 1514 1222 nemo

278 1272 385 1346 potest
412 1266 563 1336 accusari,
595 1266 622 1326 si
646 1265 800 1345 templum
822 1266 882 1326 Dei
910 1266 949 1326 de
980 1266 1071 1327 bonis
1099 1267 1319 1327 ecclesiasticis
1342 1273 1512 1346 reparetur,

277 1391 314 1431 uc
345 1372 561 1432 sacerdotibus
588 1372 736 1432 convenit
764 1371 912 1432 ecclesias
940 1391 1061 1442 ornare,
1091 1377 1123 1432 et
1161 1377 1197 1431 ut
1231 1372 1319 1432 cultu
1356 1373 1514 1452 condigno

278 1476 350 1538 aula
381 1477 442 1537 Dei
469 1476 668 1557 resplendeat
696 1477 815 1538 honore
843 1496 980 1556 congruo
1005 1478 1155 1547 venerari,
1184 1498 1242 1538 nos
1273 1477 1314 1539 ob
1344 1478 1512 1558 specialem

279 1583 459 1644 devocionis
479 1583 628 1644 affectum
649 1603 743 1662 quem
763 1583 803 1643 ad
823 1582 950 1643 beatum
967 1583 1119 1643 Thomam
1135 1583 1346 1644 confessorem
1366 1584 1514 1663 gerimus

277 1690 367 1768 cujus
386 1689 563 1750 venerande
583 1689 713 1768 reliquie
734 1689 767 1748 in
791 1689 876 1749 dicta
899 1688 1124 1750 Herelordensi
1148 1689 1280 1750 ecclesia
1301 1690 1511 1762 continentur,

279 1793 410 1874 prefatis
443 1794 638 1855 concessioni
665 1799 700 1855 et
726 1794 926 1873 deputacioni
964 1801 1108 1855 nostrum
1149 1815 1313 1856 assensum
1344 1794 1514 1857 liberaliter

277 1899 485 1978 impertimur,
517 1899 659 1960 volentes
693 1905 725 1959 et
760 1900 969 1960 concedentes
999 1920 1056 1980 pro
1087 1900 1178 1961 nobis
1212 1905 1244 1960 et
1279 1901 1513 1963 successoribus

279 2005 397 2065 nostris
415 2010 452 2064 ut
471 2005 547 2065 dicti
568 2005 716 2066 Decanus
735 2010 768 2066 et
787 2004 968 2084 Capitulum
987 2007 1180 2086 corporalem
1197 2007 1411 2086 possesionem
1429 2007 1512 2069 dicte
1587 2067 1589 2074 .

277 2111 409 2171 ecclesie
437 2111 475 2170 de
505 2110 737 2190 Schenyngleld
767 2111 864 2171 libere
893 2112 1041 2191 recipere,
1070 2119 1103 2173 et
1126 2132 1196 2174 eam
1228 2133 1301 2174 oum
1326 2113 1445 2192 capella
1472 2113 1511 2175 de

276 2217 452 2278 Swaleiield
479 2218 676 2296 dependente
704 2217 743 2277 ab
771 2238 809 2278 ea
847 2219 880 2277 in
908 2238 985 2279 usus
1016 2219 1174 2298 predictos
1201 2220 1362 2298 perpetuis
1397 2219 1512 2281 futuris

277 2323 473 2402 temporibus
497 2323 583 2384 licite
610 2323 735 2384 valeant
756 2325 926 2403 possidere,
946 2325 1016 2404 jure
1044 2331 1075 2385 et
1104 2325 1256 2404 dignitate
1284 2331 1392 2386 nostre
1414 2326 1512 2387 Saris-

275 2428 431 2489 buriensis
455 2428 586 2489 ecclesie
606 2449 731 2508 semper
750 2429 855 2490 salvis.

283 2711 347 2772 Oct.
373 2711 568 2788 ea-Ropaz
595 2711 677 2789 brief
700 2710 913 2789 commandinp
939 2711 988 2772 the
1015 2710 1134 2790 Bishcp
1163 2719 1192 2772 tc
1219 2731 1309 2772 cause
1337 2711 1385 2772 uis
1414 2711 1513 2782 cleric,

407 2791 547 2851 william
580 2791 618 2852 de
651 2792 781 2862 Rostele,
816 2791 928 2852 Reetcr
961 2793 997 2872 of
1028 2791 1175 2870 Haulley,
1212 2799 1240 2852 lo
1275 2813 1390 2872 appear
1424 2792 1517 2872 (aith

402 2873 544 2932 Richard
571 2872 609 2933 de
639 2873 736 2944 Clare,
764 2872 863 2932 whose
890 2872 1114 2933 sab-eschaetcr
1142 2873 1177 2932 he
1206 2872 1268 2932 aaa
1296 2873 1381 2953 been)
1406 2881 1435 2933 to
1459 2894 1513 2932 aa·

399 2973 476 3014 swer
497 2961 526 3014 tc
547 2973 569 3013 a
587 2953 682 3014 claim
695 2955 730 3034 of
748 2953 798 3013 the
817 2953 908 3014 Deua
927 2954 991 3014 aad
1015 2954 1148 3033 Chapter
1161 2954 1197 3034 os
1212 2953 1347 3014 Liacotn
1360 2955 1415 3034 sor
1435 2957 1513 3014 ΜΟ.

146 3156 225 3202 M
358 3125 475 3184 Bunvs
510 3141 636 3184 corsuna
670 3123 853 3182 Rncrosnu
893 3139 937 3180 ns
982 3121 1415 3190 Hunrnuun.-Edwardus,
1453 3121 1513 3181 Dei

279 3232 383 3312 gracia
417 3231 485 3291 Rex
513 3229 632 3310 Anglie,
665 3229 822 3290 Dominus
851 3226 1014 3298 Hibernis,
1044 3232 1076 3288 et
1111 3227 1183 3286 Dux
1208 3227 1384 3305 Aquitanis,
1420 3247 1512 3288 vene-

279 3337 369 3397 rabili
401 3336 434 3396 in
470 3336 596 3396 Christo
626 3335 708 3414 patri
741 3334 786 3406 A,
815 3333 925 3393 eadem
955 3333 1060 3412 gracia
1091 3332 1316 3392 Herelordensi
1346 3333 1514 3412 Episcopo,

280 3442 425 3504 sulutem.
468 3441 549 3515 Quia
576 3439 755 3500 Willelmus
776 3439 815 3499 de
840 3437 977 3508 Rostele,
1003 3437 1143 3508 clericus
1170 3442 1219 3498 est
1250 3443 1353 3498 vestre
1381 3437 1516 3498 diocesis

278 3553 311 3610 et
336 3569 400 3608 non
428 3546 524 3608 hebet
551 3547 667 3607 laicum
688 3545 814 3606 feodum
842 3565 899 3624 per
926 3545 1010 3624 quod
1035 3548 1142 3623 potest
1162 3544 1315 3624 distringi,
1344 3550 1437 3625 prout
1458 3565 1514 3622 per

281 3653 507 3716 vicecomitem
535 3659 679 3714 nostrum
708 3652 878 3712 comitatus
906 3650 1086 3730 Leycestrie
1114 3650 1191 3710 alias
1213 3649 1400 3728 accepimus,
1425 3649 1515 3710 vobis

282 3761 470 3820 mandamus
504 3759 588 3839 quod
619 3758 723 3838 ipsum
751 3757 946 3818 Willelmum
969 3756 1164 3834 distringatis
1192 3775 1248 3835 per
1277 3755 1428 3816 beneficia
1457 3776 1516 3816 sua

281 3865 575 3944 ecclesiasticaque
603 3863 699 3924 habet
720 3863 753 3922 in
774 3863 957 3942 episcopatu
985 3867 1090 3922 vestro
1115 3861 1264 3940 predicto,
1287 3862 1331 3920 ita
1360 3862 1444 3940 quod
1472 3862 1516 3922 sit

282 3991 387 4031 eoram
425 3969 604 4030 Beronibus
632 3969 671 4028 de
704 3967 866 4028 Scaccario
897 3972 1006 4027 nostro
1041 3967 1124 4046 apud
1152 3967 1470 4027 Westmonasterium
1495 3988 1514 4027 u

278 4076 327 4137 die
350 4076 453 4137 sancti
484 4075 615 4135 Martini
644 4073 676 4132 in
702 4093 741 4132 xv
769 4073 845 4142 dies,
867 4073 907 4132 ad
935 4072 1187 4151 respondendum
1216 4071 1307 4132 nobis
1332 4077 1363 4132 et
1385 4072 1514 4133 Decano

278 4188 310 4242 et
338 4181 484 4261 Capitulo
512 4178 643 4241 ecclesie
669 4179 761 4240 beate
789 4179 890 4239 Maria
918 4177 1158 4248 Lincolniensis,
1181 4177 1275 4238 simul
1303 4182 1335 4237 et
1363 4178 1513 4256 magistro

279 4289 416 4349 Ricardo
444 4288 482 4349 de
505 4286 604 4357 Clare,
626 4285 680 4365 qui
701 4286 835 4346 eundem
859 4285 942 4345 diem
968 4284 1072 4356 habet,
1093 4304 1189 4364 quare
1214 4304 1286 4344 cum
1308 4304 1364 4363 per
1391 4285 1513 4345 litteras

280 4399 405 4455 nostras
421 4398 567 4472 patentes
584 4391 832 4452 concesserimus
849 4389 967 4450 eisdem
984 4390 1113 4450 Dec-ano
1132 4395 1165 4450 et
1186 4389 1331 4468 Capitulo
1350 4390 1432 4468 quod
1452 4389 1512 4468 ipsi

277 4503 310 4558 et
333 4517 442 4558 eorum
464 4515 660 4557 successores
682 4495 714 4553 in
735 4494 867 4573 singulis
891 4492 1112 4554 vocacionibus
1134 4493 1344 4572 Episcopatus
1367 4493 1511 4553 Lincoln-

281 4603 378 4665 iensis
398 4602 541 4683 predicti,
570 4601 721 4682 quociens
748 4600 893 4662 videlicet
914 4601 1019 4679 ipsum
1047 4599 1274 4679 Episcopatum
1303 4619 1412 4659 vacare
1440 4618 1513 4659 con-

283 4709 398 4788 tigerit,
419 4706 610 4768 habeantet
631 4710 760 4767 teneant
781 4705 957 4766 custodiam
979 4704 1191 4783 Episcopatus
1213 4704 1296 4764 illius
1317 4709 1349 4764 et
1373 4703 1514 4764 omnium

280 4812 501 4893 tomporelium
529 4813 671 4891 ejusdem
700 4831 772 4871 cum
808 4810 955 4871 omnibus
989 4810 1082 4870 rebus
1109 4814 1142 4870 et
1180 4809 1270 4870 bonis
1303 4810 1343 4870 ad
1378 4810 1512 4870 eundem

283 4919 511 4999 Episcopatum
541 4918 798 4997 qualitercunque
826 4915 1052 4995 spectantibus,
1085 4916 1162 4976 adeo
1192 4915 1285 4994 plene
1312 4920 1344 4975 et
1382 4914 1510 4994 integre,

281 5024 362 5085 siout
394 5022 546 5102 Episcopi
583 5021 644 5083 loci
679 5021 764 5082 illius
791 5021 1020 5100 Episcopatum
1057 5019 1234 5100 predictum
1261 5024 1293 5079 et
1328 5020 1513 5098 temporalia

280 5128 421 5210 ejusdem
449 5148 523 5189 cum
550 5127 696 5189 omnibus
722 5126 816 5189 rebus
843 5131 876 5188 et
913 5126 1004 5188 bonis
1029 5126 1069 5186 ad
1101 5127 1234 5188 eundem
1279 5125 1511 5206 pertinentibus
