3850 5917
384 710 443 769 128
758 707 938 786 Registrum
965 707 1030 768 Ado
1057 708 1094 768 de
1124 708 1247 768 Orloton

209 941 268 981 M)-
284 942 340 982 ¹³²⁰·
381 934 452 994 aliis
478 933 574 994 certis
601 933 705 995 causis
732 953 791 994 nos
819 933 859 993 ad
887 933 947 993 hoc
975 932 1195 993 inducentibus
1224 932 1313 994 vobis
1341 952 1450 1012 nuper,
1479 933 1518 994 de
1546 953 1619 993 con-

386 1060 482 1101 sensu
504 1045 536 1100 et
563 1041 725 1101 voluntate
753 1039 862 1118 ipsius,
891 1038 950 1100 sub
978 1042 1064 1099 certa
1093 1038 1194 1098 forma
1208 1038 1362 1100 bonorum
1390 1039 1620 1118 temporalium,

386 1166 423 1206 ac
444 1147 566 1218 domus,
588 1150 620 1206 et
640 1145 758 1206 familie
777 1145 878 1224 ipsius
894 1143 1202 1204 administracionem
1222 1144 1402 1204 duxerimus
1421 1145 1620 1206 committen-

384 1251 467 1321 dam,
489 1251 529 1311 ad
560 1250 654 1310 fidem
686 1255 803 1320 tamen,
835 1248 1042 1329 diligenciam,
1071 1254 1104 1310 et
1127 1249 1332 1329 prudenciam
1360 1250 1621 1330 circumspectam

382 1356 510 1417 discreti
541 1356 608 1426 viri,
632 1356 773 1435 magistri
803 1354 933 1416 Roberti
960 1355 1000 1416 de
1022 1355 1228 1427 Gloucestria,
1251 1356 1395 1417 Rectoris
1423 1357 1554 1418 ecclesie
1582 1358 1621 1419 de

384 1462 595 1541 Willardesby
626 1461 857 1522 Lincolniensis
887 1461 1057 1542 [diocesis],
1086 1461 1140 1541 qui
1171 1461 1256 1522 dicto
1287 1461 1481 1523 cancellario
1511 1469 1621 1524 nostro

383 1564 616 1626 necessitudine
644 1564 890 1644 propinquitatis
917 1565 1041 1636 attinet,
1071 1569 1178 1626 nostre
1208 1566 1322 1626 mentis
1358 1565 1508 1628 intuitum
1547 1567 1620 1627 diri·

381 1676 502 1750 gentes,
524 1671 628 1750 ipsum
651 1671 816 1732 Rectorem
838 1671 871 1728 in
892 1670 1169 1731 administracione
1190 1675 1222 1731 et
1241 1671 1450 1750 disposicione
1467 1671 1622 1733 bonorum

384 1776 604 1856 temporalium
632 1776 854 1855 predictorum,
887 1782 919 1836 et
943 1776 1144 1856 negociorum
1172 1776 1285 1856 prefati
1318 1777 1503 1838 (lancellarii
1532 1779 1621 1840 vobis

385 1887 496 1943 tenore
523 1881 722 1961 presencium
750 1880 896 1940 duximus
931 1880 1176 1960 adjungendum,
1204 1902 1260 1942 vos
1281 1887 1314 1942 et
1345 1887 1484 1943 vestrum
1513 1903 1621 1963 quem·

383 1986 460 2048 libet
484 1987 678 2047 exhortando
700 1992 875 2056 monentes,
900 1991 933 2046 et
953 2007 1012 2066 pro
1035 1987 1152 2048 Christi
1174 1987 1386 2048 misericordia
1409 1988 1621 2061 obsecrantes,

383 2094 534 2174 quatinus
574 2093 679 2172 ipsum
721 2093 906 2172 magistrum
944 2093 1128 2165 Robertum,
1154 2095 1321 2155 Rectorem
1362 2095 1549 2174 predictum,
1588 2095 1622 2154 in

382 2200 660 2261 administracione
690 2204 723 2260 et
762 2199 973 2278 disposicione
1011 2199 1235 2278 premissorum
1271 2199 1446 2270 admittere,
1472 2205 1504 2260 et
1546 2201 1622 2261 dicti

384 2305 570 2368 Cancellarii
597 2305 698 2366 nostri
726 2305 856 2385 negocia
883 2324 956 2365 oum
982 2325 1019 2366 eo
1054 2305 1093 2365 ad
1122 2305 1272 2366 honorem
1302 2307 1362 2366 Dei
1390 2311 1422 2367 et
1450 2307 1622 2367 utilitatem

382 2412 460 2473 dicti
502 2410 686 2472 cancellarii
729 2411 828 2472 nostri
865 2411 1062 2472 concorditer
1100 2413 1280 2491 peragatis;
1316 2412 1361 2472 ita
1398 2413 1483 2491 quod
1516 2418 1624 2492 preter

382 2517 673 2579 remuneracionem
695 2521 836 2577 eternam
859 2537 954 2597 quam
976 2516 1087 2578 exinde
1105 2537 1230 2596 sperare
1252 2517 1386 2597 potestis
1410 2523 1476 2577 tam
1491 2539 1510 2578 a
1530 2517 1622 2580 nobis

387 2644 483 2704 quam
508 2623 578 2683 aliis
599 2622 714 2683 bonam
735 2627 767 2682 et
797 2621 983 2682 concordem
1006 2622 1314 2683 administracionem
1342 2628 1481 2684 vestram
1508 2623 1622 2684 intelli-

387 2729 534 2809 gentibus
561 2727 690 2808 possitis
715 2728 937 2788 commendari.
981 2729 1099 2788 Datum
1129 2728 1212 2808 apud
1242 2729 1422 2790 Londonias
1449 2730 1552 2809 prima
1572 2731 1624 2790 die

385 2835 505 2896 mensis
531 2833 652 2894 Marcii.

384 3090 497 3151 March
517 3087 673 3149 ra—Thc
693 3089 812 3168 Bistop
832 3089 1042 3150 commiserens
1065 3089 1114 3150 tho
1137 3089 1256 3168 Officinl
1278 3097 1306 3150 to
1330 3090 1456 3168 acquire
1481 3091 1546 3151 into
1572 3092 1621 3152 the

503 3170 654 3250 proposed
681 3170 917 3250 appropriation
943 3171 979 3250 ο]
1011 3170 1059 3231 the
1089 3169 1212 3230 Charch
1239 3171 1274 3250 os
1305 3171 1475 3251 Wolserloro
1506 3173 1544 3250 by
1574 3173 1623 3233 tho

508 3249 647 3311 Prioreas
672 3251 735 3310 aad
762 3251 955 3330 Consentes
976 3251 1163 3329 Acornbury.

1373 3391 1379 3412 2

468 3427 649 3487 Oouurssro
671 3444 775 3486 sorau
789 3443 1066 3485 arrsorsracrosa
1090 3443 1248 3486 aoonnsrs
1270 3445 1314 3485 nn
1330 3427 1623 3488 Wonrnanown.-

383 3532 494 3603 Adam,
529 3537 599 3602 etc,
629 3531 744 3592 dilecto
782 3531 815 3589 in
854 3531 981 3591 Christo
1018 3530 1092 3601 filio,
1124 3530 1248 3591 officiali
1283 3552 1349 3602 suo,
1386 3533 1529 3604 salutem,
1561 3539 1620 3594 etc.

386 3636 570 3715 Exposuere
590 3634 682 3695 nobis
702 3634 820 3713 pluries
841 3634 954 3694 dilecte
976 3634 1039 3695 filie
1060 3635 1203 3714 religiose
1234 3637 1389 3707 mulieres,
1416 3638 1569 3699 Priorissa
1590 3645 1622 3700 et

385 3741 570 3802 Conventus
592 3740 631 3800 de
652 3739 863 3818 Acomebury,
884 3745 993 3800 nostre
1014 3741 1156 3811 diocesis,
1178 3742 1296 3803 ordinis
1318 3744 1419 3804 sancti
1444 3743 1621 3824 Augustini,

384 3843 469 3923 quod
487 3863 545 3922 pro
566 3844 616 3904 sui
636 3843 739 3903 victus
759 3843 955 3913 necessariis,
977 3843 1138 3923 hospitum
1160 3851 1192 3906 et
1213 3865 1385 3925 pauperum
1408 3849 1621 3927 suscepcione,

384 3969 422 4010 ac
457 3948 526 4009 aliis
567 3948 714 4027 operibus
748 3947 877 4027 pietatis
911 3968 968 4008 sue
1003 3968 1081 4029 quas
1110 3949 1273 4028 possident
1312 3951 1346 4009 in
1383 3953 1522 4030 presenti
1557 3973 1621 4014 non

386 4061 561 4135 suppetunt
581 4055 757 4124 facultates,
789 4054 881 4115 nobis
902 4054 1064 4115 humiliter
1091 4056 1305 4135 supplicantes
1333 4059 1483 4137 quatinus
1513 4079 1621 4120 earum

386 4159 629 4222 necessitatibus
656 4165 787 4238 paterno
809 4159 1042 4238 compacientes
1062 4159 1179 4220 effectu
1209 4161 1255 4221 eis
1286 4167 1319 4222 ct
1349 4161 1409 4223 sibi
1430 4165 1622 4226 successuris

384 4269 419 4327 in
447 4267 643 4347 paupertatis
672 4287 729 4327 sue
761 4265 988 4326 relevacionem
1019 4271 1051 4326 et
1072 4266 1297 4346 hospitalitatis
1329 4289 1365 4329 ac
1397 4268 1528 4330 aliorum
1557 4271 1620 4350 pie-

386 4374 463 4434 tatis
494 4393 624 4452 operum
653 4371 873 4433 execucionem
901 4371 1033 4443 fructus,
1065 4371 1215 4442 redditus,
1236 4379 1268 4433 et
1298 4379 1471 4453 proventus
1492 4376 1623 4437 ecclesie

385 4481 425 4540 de
465 4477 673 4548 Wolfrelowe,
708 4477 742 4536 in
783 4496 854 4555 qua,
896 4481 933 4536 ut
968 4477 1126 4548 asseritur,
1161 4477 1213 4556 jus
1247 4477 1391 4539 obtinent
1425 4486 1620 4558 patronatus,

387 4585 422 4644 in
444 4605 522 4645 usus
544 4583 687 4662 proprios
709 4582 938 4642 convertendos
962 4582 1133 4642 concedere
1154 4583 1361 4662 dignaremur,
1387 4605 1427 4645 ne
1456 4587 1622 4665 temporali

385 4690 526 4752 subsidio
569 4688 720 4749 destitute
745 4688 844 4748 invite
874 4687 1006 4748 deficere
1039 4707 1057 4748 a
1092 4688 1179 4748 cultu
1215 4695 1367 4768 cogantur
1397 4690 1512 4761 divino,
1540 4696 1573 4753 et
1603 4713 1623 4753 a

385 4795 534 4857 laudabili
549 4794 699 4855 exercicio
713 4813 843 4872 operum
857 4793 1092 4872 premissorum.
1134 4794 1203 4854 Nos
1217 4814 1290 4855 vero
1305 4795 1467 4874 cupientes
1482 4796 1623 4875 ipsorum

387 4899 638 4969 necessitatibus,
668 4903 763 4978 prout
790 4905 900 4959 nostro
928 4898 1082 4959 incumbit
1110 4899 1220 4970 officio,
1253 4899 1419 4960 salubriter
1449 4902 1622 4980 providere,

386 5028 424 5068 ac
447 5006 589 5068 volentes
617 5005 696 5084 juris
725 5004 866 5064 ordinem
895 5005 948 5083 qui
979 5004 1011 5063 in
1046 5004 1105 5064 hac
1140 5011 1229 5083 parte
1258 5006 1427 5085 requiritur
1454 5006 1621 5081 observari,

386 5112 476 5174 vobis
517 5117 626 5172 tenore
667 5110 865 5190 presencium
906 5110 1136 5171 committimus
1174 5117 1207 5171 et
1247 5111 1435 5171 mandamus
1472 5113 1623 5192 quatinus
