3850 5917
388 663 450 730 rm'
765 670 951 750 stacam<
971 665 1038 733 rsa
1064 673 1100 734 a
1131 667 1254 735 aaran

218 900 277 941 Μ)-
291 900 347 940 ¹³²⁰·
389 895 556 956 Dominice
576 916 634 976 pro
650 896 814 976 equalibus
827 897 1029 976 porcionibus
1045 898 1262 978 percipiendas
1279 919 1336 978 pro
1354 919 1387 960 se
1409 903 1441 959 et
1460 899 1627 960 heredibus

391 1000 458 1061 suis
472 1021 528 1080 per
545 1022 619 1062 suas
639 1001 762 1063 litteras
781 1003 876 1074 dedit,
895 1003 1060 1074 concessit,
1082 1008 1115 1064 st
1131 1004 1313 1084 assignavit,
1330 1025 1493 1085 quousque
1509 1003 1629 1066 eisdem

394 1106 497 1166 Priori
526 1111 559 1167 et
590 1106 766 1178 monachis,
778 1107 817 1167 de
845 1107 916 1168 aliis
946 1108 1121 1170 redditibus
1154 1114 1187 1170 et
1213 1109 1427 1188 proventibus,
1455 1130 1556 1190 usque
1590 1110 1628 1170 ad

393 1212 531 1273 valorem
560 1212 715 1273 dictarum
753 1233 793 1272 xx
829 1212 979 1274 librarum
1018 1234 1074 1293 per
1111 1215 1246 1276 eundem
1285 1215 1422 1277 nobilem
1461 1236 1517 1277 ssu
1555 1235 1630 1278 suos

392 1317 525 1379 heredes
545 1316 640 1378 fuerit
653 1317 815 1398 provisum
837 1324 869 1379 et
889 1319 1029 1398 plenarie
1048 1319 1255 1381 satisiactum.
1298 1321 1516 1401 Comperimus
1530 1321 1631 1382 eciam

390 1443 448 1503 per
475 1423 715 1504 inquisicionem
753 1423 925 1504 predictam
961 1424 1131 1486 nonnullos
1162 1427 1334 1488 monachos
1369 1427 1445 1487 dicti
1472 1427 1631 1507 prioratus

395 1527 519 1606 abjecta
556 1527 715 1608 religionis
743 1528 911 1589 honestate
947 1535 1078 1609 propter
1111 1529 1242 1590 nimiam
1275 1530 1406 1592 Abbatis
1434 1532 1483 1592 sui
1510 1532 1629 1593 distan-

395 1633 477 1693 ciam
526 1654 546 1693 a
580 1633 706 1694 nemine
748 1634 892 1695 visitatos
930 1635 1028 1695 vitam
1066 1635 1193 1697 duxisse
1230 1639 1395 1699 retroactis
1436 1639 1631 1718 temporibus

392 1739 564 1811 enormiter
578 1740 777 1801 dissolutam
805 1745 915 1801 contra
943 1741 1163 1802 observancias
1190 1743 1357 1822 regulares,
1385 1749 1418 1805 et
1445 1745 1529 1824 quod
1556 1744 1630 1806 hac-

388 1850 483 1906 tenus
501 1845 535 1904 in
563 1845 647 1906 dicto
668 1845 809 1925 prioratu
833 1847 1044 1908 communiter
1064 1848 1237 1908 secundum
1258 1847 1425 1910 facultates
1446 1849 1546 1929 ipsius
1565 1870 1630 1910 non

393 1952 453 2012 luit
475 1952 634 2013 sufficiens
660 1972 812 2012 numerus
833 1952 1069 2024 monachorum,
1099 1958 1130 2014 et
1158 1955 1242 2034 quod
1264 1955 1475 2016 communiter
1495 1976 1515 2016 v
1540 1956 1629 2016 dum-

392 2063 480 2118 taxat
508 2063 540 2119 et
578 2058 766 2138 quandoque
794 2058 838 2137 iiij
871 2064 903 2119 et
940 2059 1134 2139 aliquociens
1162 2079 1225 2130 sex,
1253 2065 1285 2120 et
1320 2081 1390 2121 raro
1418 2061 1459 2140 vij
1493 2081 1549 2122 seu
1574 2061 1628 2140 viij

390 2162 507 2242 reperti
539 2167 614 2222 sunt
634 2167 776 2241 tempore
803 2162 954 2241 preterito
982 2162 1059 2222 inibi
1090 2164 1276 2234 conversari,
1309 2169 1341 2225 st
1369 2165 1486 2226 multos
1514 2185 1551 2225 es
1583 2165 1630 2226 eis

391 2287 449 2346 pro
467 2266 543 2327 dicti
558 2266 689 2327 Abbatis
703 2266 793 2326 libito
809 2266 989 2345 frequenter
1006 2267 1045 2327 ad
1060 2267 1221 2347 proprium
1238 2270 1465 2330 monasterium
1481 2271 1629 2331 revocari.

392 2373 526 2434 Constat
547 2373 646 2433 eciam
667 2392 724 2450 per
740 2372 857 2431 dictam
879 2372 1119 2451 inquisicionem
1139 2375 1222 2452 quod
1243 2375 1311 2454 ipse
1331 2375 1488 2455 prioratus
1502 2382 1631 2456 propter

392 2479 518 2559 culpam
546 2482 579 2539 et
602 2478 807 2538 insolenciam
836 2477 1061 2538 monachorum
1091 2479 1277 2558 <legencium
1305 2480 1337 2538 in
1366 2481 1476 2541 eodem
1506 2501 1543 2541 ac
1573 2502 1630 2560 per

391 2585 616 2646 alienacionsm
656 2583 809 2644 bonorum
846 2583 948 2643 eidem
985 2575 1216 2662 pertinencium
1257 2585 1290 2643 in
1334 2585 1558 2664 temporalibus
1597 2591 1629 2647 et

392 2690 608 2770 spiritualibus
635 2688 902 2769 quamplurimum
927 2693 976 2749 est
1007 2688 1173 2767 collapsus.
1230 2689 1415 2750 Invenimus
1446 2690 1544 2750 eciam
1573 2710 1631 2769 per
1835 2741 1836 2780 p

391 2796 598 2877 probaciones
635 2795 792 2874 legitimas
826 2795 985 2866 quendam
1026 2794 1226 2866 monachum,
1268 2794 1440 2856 Fulconem
1482 2796 1628 2868 Gestard‚
1835 2787 1836 2860 l

393 2907 611 2982 nuncupatum
631 2921 688 2980 pro
708 2900 817 2961 Priore
836 2899 910 2960 dato
930 2920 949 2958 a
971 2899 1056 2959 dicto
1078 2898 1199 2960 Abbate
1218 2905 1251 2960 et
1271 2921 1328 2979 per
1345 2900 1405 2961 loci
1427 2901 1629 2962 diocesanum

396 3009 535 3069 admisso
564 3027 597 3068 se
624 3011 795 3086 gerentem,
819 3005 873 3085 qui
901 3024 1007 3065 coram
1039 3005 1130 3066 nobis
1159 3006 1349 3085 judicialiter
1375 3008 1567 3069 constitutus
1591 3009 1631 3070 de

392 3114 531 3194 perjurio
560 3112 619 3171 iuit
644 3111 811 3172 manifeste
830 3111 1003 3181 convictus,
1025 3111 1120 3190 paulo
1139 3117 1214 3172 anta
1236 3113 1407 3173 adventum
1429 3119 1573 3174 nostrum
1588 3115 1628 3174 ad

392 3220 512 3280 dictum
548 3217 722 3298 prioratum
757 3217 837 3277 duos
871 3216 984 3276 calices
1017 3217 1147 3295 argenti,
1183 3217 1235 3296 xiij
1266 3218 1418 3278 coclearia
1445 3219 1575 3298 argenti,
1608 3240 1628 3281 v

392 3345 517 3408 pannos
539 3324 578 3385 de
600 3323 708 3394 serico,
734 3323 932 3383 munimenta
958 3323 1045 3382 varia
1066 3327 1185 3382 statum
1206 3323 1282 3383 dicti
1313 3323 1470 3402 prioratus
1498 3329 1626 3404 tangen-

392 3433 450 3502 cia,
472 3430 605 3511 quedam
638 3429 801 3509 originalia
828 3434 1020 3499 sanctorum,
1042 3434 1074 3488 et
1102 3428 1179 3489 alios
1211 3427 1315 3500 libros,
1344 3449 1380 3489 ac
1404 3431 1539 3509 quedam
1567 3431 1628 3491 alia

390 3539 474 3599 bona
501 3536 540 3597 ad
576 3535 695 3596 dictum
723 3535 897 3615 prioratum
935 3537 968 3594 st
996 3535 1035 3594 ad
1073 3534 1237 3595 ecclesiam
1270 3535 1411 3613 ejusdem
1448 3537 1629 3616 spectancia

393 3648 512 3704 temere
543 3641 656 3702 iecisse
683 3641 723 3700 ad
750 3645 872 3700 remota
902 3639 971 3699 loca
995 3660 1074 3700 ausu
1106 3641 1255 3720 sacrilego
1283 3641 1425 3702 clanculo
1449 3643 1627 3723 asportari;

390 3748 445 3829 qui
469 3747 570 3808 eciam
591 3751 759 3826 postquam
787 3764 893 3805 coram
917 3743 1009 3805 nobis
1030 3744 1070 3804 ad
1092 3745 1322 3805 restituendum
1343 3746 1540 3807 munimenta
1558 3767 1626 3826 pre·

390 3855 475 3916 dicta
502 3858 535 3914 et
564 3852 626 3913 alia
652 3871 709 3930 per
730 3870 802 3911 eum
830 3855 980 3921 ammeta,
1002 3871 1125 3911 necnon
1156 3851 1195 3910 ad
1226 3850 1358 3912 ulterius
1388 3851 1566 3912 iaciendum
1593 3855 1626 3914 in

388 3959 520 4040 negocio
540 3958 631 4019 nobis
652 3959 685 4016 in
706 3957 766 4017 hac
786 3962 876 4036 parte
900 3956 1069 4017 commisso
1097 3961 1218 4016 certum
1245 3957 1492 4035 peremptorium
1519 3959 1625 4019 termi-

388 4088 466 4130 num
481 4065 671 4145 judicialiter
686 4063 865 4142 recepisset,
882 4063 965 4122 idem
983 4062 1157 4122 facinorum
1175 4082 1302 4122 suorum
1320 4063 1465 4122 conscius
1484 4063 1626 4124 clanculo

393 4175 432 4234 de
452 4177 546 4232 nocte
573 4193 592 4232 a
613 4171 697 4231 dicto
722 4169 862 4248 prioratu
884 4169 1034 4229 recedens
1058 4168 1091 4227 in
1112 4168 1230 4248 prefixo
1258 4167 1317 4229 sibi
1342 4167 1477 4229 termino
1496 4169 1628 4231 minime

393 4279 498 4349 rediit,
517 4278 573 4338 sed
595 4274 823 4337 contumaciter
841 4293 875 4334 se
896 4273 1067 4334 absentans
1086 4292 1265 4353 comparere
1287 4273 1373 4333 nullo
1392 4275 1485 4335 modo
1507 4275 1629 4336 curavit

395 4405 496 4465 usque
530 4385 563 4443 in
598 4381 771 4444 crastinum
806 4385 999 4459 expectatus.
1042 4379 1259 4458 Comperimus
1285 4380 1386 4440 eciam
1413 4401 1470 4460 per
1497 4381 1625 4462 inquisi-

396 4491 520 4552 cionem
548 4488 721 4569 predictam
749 4485 870 4545 dictum
897 4484 1070 4545 Falconem
1098 4485 1137 4545 de
1165 4484 1325 4545 adulteriis
1352 4486 1457 4558 variis,
1484 4486 1628 4565 pluribus

394 4594 627 4658 incontinencis
664 4592 763 4663 viciis,
795 4596 827 4651 et
858 4590 928 4651 aliis
952 4590 1214 4652 dissolucionibus
1242 4590 1418 4651 criminosis
1456 4591 1534 4652 adeo
1562 4593 1629 4654 iore

397 4700 583 4783 culpabilem
612 4698 697 4779 quod
729 4698 762 4757 in
785 4697 870 4757 dioto
884 4695 1035 4776 prioratu
1058 4697 1126 4756 sine
1150 4695 1236 4775 gravi
1260 4697 1407 4757 scandalo
1431 4717 1496 4757 non
1522 4703 1629 4777 potest

392 4807 526 4868 ulterius
554 4804 688 4866 tolerari.
731 4802 826 4865 Unde
853 4821 912 4862 nos
939 4801 1048 4862 habita
1072 4801 1251 4881 superbiis
1278 4801 1371 4881 plena
1402 4802 1629 4866 deliberacione

392 4933 474 4975 cum·
487 4910 657 4972 venerabili
676 4909 710 4969 in
731 4907 859 4970 Christo
877 4912 967 4989 patre
1003 4906 1130 4968 domino
1144 4907 1163 4968 J
1167 4953 1184 4978 .,
1210 4907 1270 4968 Dei
1293 4907 1397 4986 gracia
1428 4907 1626 4970 landavensi

392 5020 562 5101 Episcopo,
590 5022 623 5078 et
651 5015 796 5096 religioso
824 5015 892 5075 viro
920 5013 1049 5075 domino
1069 5013 1213 5085 Ricardo‚
1241 5014 1350 5074 eadem
1378 5013 1482 5092 gracia
1506 5015 1628 5077 Abbate
