3850 5917
423 687 463 747 26
796 686 976 766 Begastrum
1002 686 1067 748 Ade
1093 686 1130 747 de
1160 686 1283 748 Orletoa

251 918 309 960 Α-ϋ-
325 920 380 960 ¹³¹⁷·
422 909 566 989 graciam
580 914 612 971 et
633 910 897 971 benediccionem.
953 908 1003 971 Ad
1022 909 1188 971 ecclesiam
1206 909 1419 990 parochialem
1439 910 1479 972 de
1500 910 1658 973 Menstru-

422 1016 534 1087 worth,
554 1015 797 1078 Hereiordensis
815 1017 957 1090 diocesis,
972 1022 1148 1089 vacantem,
1166 1016 1206 1077 sd
1223 1036 1320 1096 quam
1337 1036 1395 1097 per
1414 1017 1659 1080 Serenissimum

422 1121 602 1200 Principem
621 1121 784 1183 dominum
800 1122 1002 1194 Edwardnm,
1022 1123 1083 1183 Dei
1103 1122 1207 1202 gracia
1225 1122 1344 1201 Regem
1362 1120 1474 1201 Anglie
1491 1122 1658 1196 illustrem,

421 1248 531 1289 verum
558 1228 701 1307 ejusdem
728 1228 858 1290 ecclesie
886 1234 1064 1309 patronum,
1091 1227 1183 1289 nobis
1206 1233 1408 1308 presentatus
1435 1228 1554 1301 existis,
1582 1230 1659 1291 sede

421 1331 646 1393 Hereiordensi
673 1332 739 1413 jam
763 1338 903 1405 vacante,
926 1335 1114 1395 auctoritate
1144 1334 1375 1414 metropolitica
1405 1338 1438 1395 te
1460 1334 1495 1394 in
1521 1354 1659 1415 persons

420 1438 540 1500 domini
560 1440 680 1501 Th0me
700 1440 739 1501 de
761 1440 931 1519 Braytone‚
952 1440 1163 1521 procuratoris
1187 1440 1235 1501 tui
1255 1440 1296 1500 ad
1319 1440 1352 1500 id
1378 1440 1558 1520 specialiter
1581 1462 1654 1503 con·

420 1544 535 1615 stituti,
563 1544 761 1606 admittimus
785 1551 818 1608 et
840 1551 996 1607 rectorem
1023 1545 1220 1607 instituimus
1246 1546 1281 1605 in
1308 1546 1428 1617 eadem,
1456 1566 1493 1607 eo
1520 1547 1560 1608 de
1587 1548 1658 1627 ipsa

421 1651 518 1712 etiam
552 1651 748 1713 investimus.
804 1652 844 1711 In
872 1652 964 1733 cujus
993 1653 1048 1724 rei,
1080 1658 1140 1714 etc.
1195 1654 1316 1714 Datum
1349 1654 1434 1735 apud
1469 1654 1657 1726 Immhethe,

421 1756 504 1817 Non.
532 1756 630 1829 Junii,
659 1777 743 1818 anno
771 1758 902 1819 Domini
930 1758 1154 1838 M⁰coc⁶xvije

422 2000 505 2079 Sept.
527 1999 737 2060 17.—Lcttcra
758 1998 923 2078 dimissory
953 2000 1083 2079 gruem
1107 2007 1136 2061 to
1165 2000 1214 2061 the
1234 2000 1512 2063 cboweumtsbued
1541 2002 1655 2063 Rector

543 2080 579 2159 cf
595 2080 826 2141 Mincterwcrth
858 2080 925 2141 chat
946 2080 982 2142 he
1011 2102 1084 2160 arcy
1103 2082 1217 2143 receive
1240 2082 1325 2161 Holy
1348 2082 1458 2145 Orderr
1473 2084 1560 2164 from
1589 2103 1653 2162 aoy

542 2160 660 2241 Bschop
680 2161 716 2241 os
734 2161 783 2222 tire
801 2162 952 2223 Prociace
971 2164 1007 2243 of
1026 2163 1226 2242 Oaaterbary.

502 2318 650 2379 Lmrnan
676 2334 864 2380 nnrrssoam
891 2335 1055 2380 concussu
1086 2319 1289 2380 urnam-Et
1309 2320 1549 2381 memorandum
1569 2320 1656 2400 quod

421 2424 484 2505 xvij
527 2424 577 2485 die
612 2424 731 2485 mensis
774 2423 977 2503 Septembris,
1018 2443 1102 2484 anno
1144 2424 1273 2484 Domini
1303 2424 1527 2505 nocemur,
1569 2426 1655 2506 apud

421 2530 583 2592 Evesham
614 2530 691 2591 visis
711 2530 826 2591 litteris
847 2529 967 2590 domini
999 2529 1235 2610 Archiepiscopi
1265 2530 1448 2591 immediate
1471 2529 1656 2610 prescriptis

419 2656 478 2698 suo
512 2636 626 2697 minori
662 2634 764 2715 sigillo
804 2635 946 2714 signatis,
985 2634 1133 2696 dominus
1168 2636 1346 2715 Episcopus
1385 2636 1426 2695 ad
1464 2636 1656 2697 instanciam

350 2810 367 2835 ι
419 2742 539 2803 domini
560 2740 711 2803 Willelmi
733 2742 772 2801 de
793 2740 984 2819 Ayreminne
1015 2742 1172 2802 concessit
1192 2741 1320 2802 Rectori
1340 2741 1380 2802 de
1406 2740 1654 2802 Menstrsworth

420 2848 562 2928 predicto
583 2868 657 2908 suas
678 2847 800 2908 litteras
821 2846 1015 2908 dimissorias
1043 2851 1211 2908 consuetas
1231 2847 1272 2907 ad
1300 2846 1514 2927 recipiendum
1543 2867 1657 2909 omnes

365 2990 368 2997 =
421 2973 527 3016 sacros
551 2952 677 3014 ordines
701 2974 720 3013 a
744 2972 931 3033 quocunque
958 2952 1118 3034 Episcopo
1142 2953 1379 3015 centuariensis
1403 2952 1580 3033 provincie;
1609 2954 1656 3015 ita

420 3061 504 3140 quod
525 3060 607 3119 inira
627 3059 648 3139 ij
670 3078 797 3120 menses
817 3078 837 3119 a
857 3063 999 3139 tempore
1029 3059 1223 3139 recepcionis
1253 3058 1379 3119 illorum
1409 3059 1538 3121 domino
1559 3059 1655 3121 iaciat

420 3165 548 3245 plenam
575 3164 680 3225 fidem.

421 3410 503 3490 Sept.
532 3406 834 3468 21.-Oommissioc·
863 3412 893 3466 to
934 3405 1042 3484 Henry
1084 3406 1121 3466 de
1162 3404 1296 3467 Schorrre
1335 3406 1400 3467 aad
1441 3407 1583 3468 Richcrd
1617 3407 1655 3468 de

542 3488 731 3559 Hammath,
754 3494 783 3548 tc
804 3506 943 3548 sumptos
965 3488 1062 3568 before
1079 3487 1128 3549 the
1148 3486 1268 3566 Birhop
1291 3506 1354 3565 any
1373 3487 1441 3548 who
1464 3509 1536 3567 may
1557 3488 1653 3568 object

542 3578 572 3631 lo
608 3570 741 3649 Stephen
773 3568 811 3630 de
846 3567 973 3640 Turseli,
1004 3567 1094 3639 cleric,
1125 3588 1193 3629 croto
1224 3566 1260 3628 ia
1288 3568 1338 3629 the
1368 3568 1513 3649 Bislsop'c
1530 3570 1652 3649 praua,

537 3650 674 3731 pergino
696 3650 823 3729 himself
838 3650 874 3730 os
891 3648 940 3710 the
960 3650 1085 3728 offences
1107 3648 1223 3728 allega
1242 3647 1366 3727 araim
1388 3649 1462 3711 him.

502 3812 683 3869 Oouurssro
718 3824 763 3865 nn
799 3823 948 3867 cnsarcrs
979 3822 1175 3865 n1ssnsan1s
1204 3822 1248 3865 na
1283 3822 1420 3865 sarsoris
1454 3824 1655 3869 samsom.—

420 3913 530 3984 Adam,
562 3918 631 3985 etc„
663 3912 808 3973 discretis
834 3912 910 3973 viris
945 3911 1080 3992 filiisque
1111 3911 1145 3971 in
1175 3910 1303 3972 Christo
1336 3911 1460 3973 dilectis
1494 3914 1654 3993 magistris

421 4019 561 4081 Henrico
599 4019 638 4080 de
674 4018 822 4089 Schorne,
862 4016 1100 4087 Archidiacono‚
1138 4021 1171 4078 et
1205 4016 1341 4078 Ricardo
1378 4018 1418 4079 de
1455 4018 1654 4092 Humanash,

420 4125 571 4187 canonico
592 4124 826 4195 Hereiordensi‚
849 4123 994 4194 salutem,
1025 4124 1163 4202 greciam
1193 4130 1226 4183 at
1257 4123 1520 4185 benediccionem.
1571 4124 1652 4185 Cum

419 4251 476 4311 per
496 4230 736 4310 inquisicionem
763 4230 951 4291 auctoritate
980 4235 1090 4290 nostra
1120 4229 1260 4309 legitime
1287 4249 1390 4309 nuper
1419 4229 1536 4291 iactam
1558 4250 1655 4310 super

419 4336 606 4417 quibusdam
628 4334 812 4396 criminibus
841 4335 879 4396 de
911 4334 1025 4415 quibus
1058 4335 1239 4416 Stephanus
1269 4335 1309 4396 de
1332 4336 1484 4407 Tanetha
1510 4335 1653 4407 clericus,

420 4442 539 4503 dudum
560 4462 665 4502 coram
686 4441 818 4503 seculari
849 4441 953 4521 judice
973 4442 1013 4503 de
1040 4441 1124 4503 iacto
1152 4442 1316 4503 convictus
1336 4442 1450 4513 extitit,
1478 4447 1511 4504 et
1531 4442 1572 4503 ob
1592 4442 1655 4503 hoc

419 4554 526 4611 nostre
547 4548 694 4610 carcerali
715 4548 857 4609 custodie
886 4548 1095 4627 mancipatus,
1123 4547 1222 4608 nichil
1242 4548 1370 4626 penitus
1401 4552 1511 4608 contra
1532 4548 1654 4608 dictum

423 4656 619 4736 Stephanum
641 4656 682 4716 sit
702 4654 870 4734 probatum
891 4655 975 4734 quod
996 4654 1096 4733 ipsius
1115 4654 1339 4734 purgacionem
1359 4653 1472 4715 debeat
1492 4654 1654 4733 impedire,

422 4780 480 4823 nos
501 4761 540 4822 ad
561 4760 661 4840 ipsius
689 4759 955 4839 supplicacionem
987 4760 1046 4821 sibi
1067 4766 1196 4840 propter
1226 4759 1459 4820 conviccionem
1480 4761 1655 4839 predictam

421 4869 584 4930 diffamato
604 4868 825 4948 purgacionem
848 4867 1041 4939 canonicam,
1057 4887 1152 4947 quam
1172 4886 1207 4928 se
1226 4886 1320 4947 posse
1337 4865 1469 4945 probare
1491 4867 1652 4937 asseritur,

282 4994 329 5036 sor.
343 4994 378 5035 ra.
420 4974 566 5037 duximus
587 4973 795 5035 indicendam.
838 4974 992 5047 Quocirca
1011 4972 1101 5034 vobis
1121 4977 1230 5033 tenore
1250 4970 1449 5052 presencium
1483 4972 1654 5033 committi·

420 5100 491 5142 mue
526 5084 558 5142 et
592 5080 780 5141 mandamus
814 5079 965 5159 quatinus
999 5078 1033 5137 in
1073 5077 1214 5139 ecclesiis
1253 5082 1287 5138 et
1321 5076 1511 5139 mercatibus
1544 5086 1655 5141 nostre
