3850 5917
419 676 480 737 286
797 673 977 753 Ratiatum
1001 674 1068 735 Ado
1096 674 1133 734 de
1163 673 1286 735 Orletrm

250 908 308 947 Α-ῡ-
324 907 381 947 ¹³2⁴·
420 898 530 969 iordie,
552 898 654 977 ipsam
675 897 839 958 ecclesiam
868 896 901 956 in
929 896 1011 958 festo
1043 897 1145 957 sancti
1172 896 1308 976 Georgii,
1340 896 1415 957 dum
1447 902 1537 957 sacra
1564 895 1662 957 misse

421 1003 609 1083 sollempnia
637 1021 810 1083 ageremus,
825 1001 1026 1081 impudenter
1054 1002 1231 1081 ingrediens
1260 1001 1367 1064 animo
1390 1001 1556 1082 petulanti,
1587 1006 1662 1081 post

420 1110 601 1190 prophanas
631 1107 904 1170 confabulaciones
936 1113 969 1169 et
999 1128 1080 1169 vana
1116 1107 1278 1187 colloquia,
1310 1127 1427 1169 acuens
1458 1112 1494 1169 ut
1521 1108 1661 1188 gladium

419 1214 561 1294 linguam
583 1234 682 1286 suam,
704 1219 737 1274 et
756 1232 966 1292 prorumpens
987 1212 1020 1272 in
1040 1212 1135 1273 verba
1159 1212 1344 1293 blasphema
1363 1217 1396 1275 et
1424 1212 1661 1284 contumeliosa,

420 1340 480 1383 nos
499 1319 733 1399 pontificalibus
757 1323 834 1380 tunc
861 1318 1000 1390 indutos,
1021 1322 1145 1379 astante
1166 1318 1241 1379 cleri
1264 1322 1297 1380 et
1317 1318 1425 1399 populi
1448 1318 1659 1391 multitudine,

421 1424 530 1485 multis
551 1422 700 1486 conviciis
731 1442 796 1482 non
827 1420 952 1483 erubuit
976 1420 1132 1492 lacessire,
1164 1427 1196 1483 et
1227 1423 1356 1483 tandem
1386 1427 1460 1502 post
1490 1427 1523 1483 et
1550 1428 1661 1483 contra

421 1528 616 1589 monitiones
635 1532 760 1589 nostras
781 1525 931 1586 canonice
954 1524 1015 1587 sibi
1038 1524 1148 1596 factas,
1172 1524 1205 1585 in
1226 1526 1295 1606 ipsa
1316 1526 1448 1588 ecclesia
1470 1526 1661 1589 sedicionem

420 1633 596 1704 excitando,
633 1631 918 1693 conclamacionem
959 1632 1124 1703 movendo,
1164 1636 1197 1693 et
1232 1632 1386 1712 impetum
1424 1633 1660 1707 committendo,

421 1740 564 1801 divinum
592 1738 709 1818 pariter
736 1742 768 1798 et
796 1741 905 1798 nostre
932 1736 1127 1799 visitacionis
1165 1736 1303 1799 officium
1331 1738 1505 1800 temerariis
1532 1738 1661 1801 ausibus

421 1837 626 1926 perturbavit,
647 1844 680 1903 in
700 1862 828 1923 gravem
850 1841 967 1903 summi
988 1842 1084 1922 Regis
1107 1842 1230 1922 pacifici
1250 1843 1408 1923 injuriam,
1437 1843 1541 1905 cultus
1562 1844 1661 1906 divini

420 1951 668 2032 derogacionem,
700 1955 733 2011 et
763 1951 877 2011 domus
911 1949 983 2021 Dei,
1011 1970 1106 2030 quam
1134 1950 1225 2012 decet
1259 1951 1440 2013 omnimoda
1471 1950 1660 2025 sanctitudo,

421 2056 625 2119 manifestum
663 2060 890 2135 contemptum,
919 2060 952 2116 et
989 2075 1083 2136 grave
1115 2056 1298 2117 scandalum
1333 2058 1441 2138 populi
1479 2058 1660 2120 Christiani.

422 2164 490 2239 Qus
518 2161 625 2224 omnia
655 2166 687 2227 et
715 2160 839 2241 singula
867 2161 945 2221 adeo
976 2166 1052 2222 sunt
1081 2162 1206 2242 publica
1243 2168 1276 2224 et
1305 2164 1437 2235 notoria,
1460 2165 1544 2244 quod
1575 2166 1662 2226 nulla

421 2274 571 2350 poterunt
598 2266 860 2348 tergiversacione
896 2266 999 2337 celari,
1034 2269 1238 2347 quamobrem
1272 2268 1429 2349 prefatum
1458 2269 1661 2340 Willelmum,

421 2374 614 2436 monachum
640 2373 834 2453 pertinacem
863 2377 895 2433 et
922 2372 1080 2443 rebellem,
1108 2393 1167 2453 pro
1199 2379 1287 2435 tante
1315 2374 1503 2436 temeritatis
1530 2375 1663 2437 notoriis

421 2480 611 2551 excessibus,
640 2478 769 2558 majoris
790 2478 1128 2540 excommunicacionis
1149 2479 1312 2541 sentencia
1339 2480 1569 2552 innodavimus,
1597 2482 1662 2562 jus-

422 2586 498 2647 ticia
539 2584 690 2665 exigente.
740 2583 893 2659 Quocirca
927 2583 985 2644 tibi
1022 2585 1218 2656 mandamus,
1254 2585 1287 2644 in
1321 2584 1438 2646 virtute
1482 2585 1663 2648 obediencie

423 2692 556 2753 firmiter
586 2689 797 2771 injungentes,
835 2688 986 2769 quatinus
1024 2689 1182 2769 prefatum
1221 2689 1425 2761 Willelmum,
1462 2691 1662 2764 monachum,

423 2798 470 2860 sic
490 2796 797 2859 excommunicatum
825 2794 923 2857 fuisse
951 2800 984 2856 et
1008 2814 1078 2857 esse
1109 2796 1143 2855 in
1171 2796 1302 2876 singulis
1330 2796 1470 2858 ecelesiis
1498 2798 1544 2857 tui
1573 2797 1662 2859 deca·

422 2910 528 2975 natus,
549 2901 682 2983 singulis
702 2902 812 2963 diebus
829 2900 1006 2963 Dominicis
1027 2907 1060 2963 et
1080 2901 1203 2964 festivis
1224 2902 1307 2963 intra
1328 2901 1496 2963 missarum
1517 2902 1662 2982 sollemp-

422 3012 477 3072 nia
497 3030 554 3072 seu
568 3009 694 3089 quando
713 3008 813 3087 major
829 3007 930 3068 aderit
950 3006 1059 3087 populi
1080 3006 1259 3080 multitudo,
1281 3027 1372 3068 cruce
1393 3013 1506 3079 erecta,
1524 3008 1662 3069 candelis

423 3117 565 3182 accensis
593 3122 626 3179 et
652 3115 810 3186 extinctis,
838 3135 876 3175 ac
900 3113 1034 3194 pulsatis
1056 3113 1227 3193 campanis,
1249 3112 1373 3193 publice
1394 3118 1426 3174 et
1448 3112 1663 3193 sollempniter

422 3224 556 3285 nuncies
569 3242 626 3285 seu
646 3221 743 3283 iacias
764 3220 916 3291 nunciati,
931 3240 951 3280 a
973 3217 1219 3279 denunciacione
1235 3218 1415 3299 hujusmodi
1430 3239 1494 3280 non
1511 3218 1663 3280 cessando

422 3349 587 3411 quousque
607 3327 692 3389 aliud
713 3326 860 3388 habueris
881 3326 913 3385 in
938 3324 1107 3385 mandatis.

506 3458 686 3521 Consimilis
710 3457 816 3517 littera
846 3455 965 3516 duecte
996 3454 1056 3515 fuit
1086 3454 1246 3535 Episcopo
1276 3454 1497 3534 Wygorniensi
1532 3454 1663 3515 mutatis

423 3564 584 3626 mutandis
606 3563 646 3624 ob
666 3561 878 3623 reverenciam
907 3560 1138 3640 Episcopalom,
1160 3578 1260 3640 usque
1292 3568 1309 3594 ‘⁶
1322 3559 1504 3635 Quocirca,”
1526 3565 1596 3633 etc,
1628 3564 1663 3621 ut

423 3690 528 3751 supra,
558 3675 591 3730 et
619 3674 696 3729 tunc
727 3666 870 3743 sequitur
901 3665 1042 3727 clausula
1063 3666 1124 3727 ista
1137 3665 1230 3725 :-Et
1258 3666 1331 3746 quia
1365 3666 1455 3727 decet
1489 3666 1662 3729 secundum

422 3775 592 3837 canonicas
619 3772 802 3835 sancciones
830 3770 1173 3833 excommunicatorum
1202 3771 1418 3833 nominatam
1442 3772 1553 3834 vicinis
1587 3772 1661 3853 Epi-

422 3881 528 3962 scopis
548 3899 644 3960 quam
663 3877 822 3959 parochiis
842 3875 990 3948 indicare,
1011 3882 1048 3937 ut
1066 3877 1345 3939 excommunicatis
1366 3878 1480 3958 ubique
1501 3878 1661 3941 ecclesias·

423 3986 507 4047 tious
534 3984 639 4046 aditus
660 3983 853 4052 excludatur,
875 3986 979 4043 vestre
1000 3980 1183 4061 paternitati
1204 3980 1237 4041 in
1256 3982 1335 4062 juris
1356 3982 1530 4043 subsidium
1554 3988 1663 4045 mutuo

423 4090 652 4153 vicissitudinis
689 4093 823 4169 optentu
864 4086 1027 4148 humiliter
1064 4086 1280 4166 supplicamus
1316 4088 1465 4168 quatinus
1506 4087 1662 4168 prefatum

424 4196 629 4267 Willelmum,
668 4194 869 4265 monachum,
901 4192 947 4255 sic
988 4192 1295 4255 excommunicatum
1333 4192 1440 4255 fuisse
1462 4198 1494 4255 et
1526 4214 1596 4256 esse
1630 4194 1663 4255 in

424 4302 557 4365 ecclesia
586 4306 691 4363 vestra
726 4298 957 4379 Wygorniensi,
986 4304 1019 4360 et
1050 4298 1182 4360 ecelesia
1217 4298 1417 4361 conventuali
1448 4300 1549 4361 sancti
1577 4299 1661 4361 Pet'

424 4405 681 4477 Gloucestriensi,
713 4410 817 4466 vestre
848 4402 990 4474 diocesis,
1029 4408 1062 4465 et
1089 4402 1122 4461 in
1157 4403 1296 4465 ecclesiis
1323 4404 1396 4466 ville
1426 4404 1578 4483 ejusdem,
1609 4404 1663 4467 ubi

423 4514 605 4594 frequenter
635 4511 718 4572 idem
751 4509 925 4571 monachus
953 4513 1166 4579 conversatur,
1197 4514 1230 4570 et
1250 4508 1390 4571 locorum
1421 4510 1561 4573 ecclesiis
1589 4510 1662 4571 vici·

424 4639 538 4680 norum
560 4616 716 4678 mandetis
744 4614 961 4695 sollempniter
988 4613 1140 4675 nunciari.
