3850 5917
712 658 863 739 Episcopi
890 600 1139 739 Hcrcfordcasis.⁸
1481 665 1542 726 249

108 890 182 927 A-D-
202 890 260 927 ¹³1²·
303 886 522 959 presentantes
540 881 642 943 eidem
662 881 783 942 litteras
797 882 997 961 prescriptae,
1013 887 1046 943 et
1066 888 1277 962 proponentes
1299 904 1410 946 causas
1431 887 1539 964 hujus-

303 986 389 1046 modi
425 986 680 1066 permutacionis,
711 992 744 1047 et
766 986 806 1045 ad
832 986 1014 1063 hujusmodi
1049 986 1200 1048 beneficia
1231 994 1377 1068 petentes
1405 991 1539 1053 admitti.

302 1091 388 1165 Quas
419 1091 546 1171 quidem
582 1111 695 1153 causas
721 1091 806 1151 idem
842 1092 990 1153 dominus
1021 1092 1262 1155 Herelordensis
1290 1094 1455 1174 diligenter
1487 1118 1538 1158 ex-

301 1196 455 1269 aminans,
489 1202 521 1259 et
556 1198 647 1277 juxta
680 1197 847 1258 canonicas
875 1197 1058 1259 sancciones
1089 1205 1257 1279 acceptans
1285 1206 1317 1261 et
1352 1202 1538 1281 approbans,

303 1303 422 1364 dictum
457 1303 661 1375 Willelmum‚
700 1303 768 1364 vice
801 1308 834 1365 et
870 1305 1058 1366 auctoritate
1096 1305 1215 1365 domini
1244 1305 1478 1369 Ooventriensis
1507 1314 1540 1370 et

302 1408 532 1470 lichfeldensis
560 1408 720 1488 Episcopi,
749 1415 786 1469 ut
816 1408 1020 1488 premittitur,
1049 1409 1150 1469 eidem
1189 1410 1366 1483 commissa,
1402 1412 1441 1472 ad
1469 1434 1538 1492 por-

301 1515 424 1575 cionem
453 1515 486 1575 in
524 1514 656 1576 ecclesia
683 1516 723 1575 de
753 1515 966 1575 Wroxcestria
998 1514 1030 1573 in
1067 1535 1180 1576 manus
1218 1536 1292 1577 suas
1328 1537 1384 1596 per
1419 1518 1539 1579 dictum

300 1619 455 1681 Jaoobum
482 1640 521 1681 ex
554 1640 649 1681 causa
686 1620 932 1700 permutacionis
960 1620 1143 1699 hujusmodi
1179 1622 1370 1701 resignatam
1401 1623 1538 1696 admisit,

301 1726 341 1785 ad
362 1726 634 1806 presentacionem
662 1725 796 1787 Oomitis
823 1724 1014 1797 Arundellie,
1036 1726 1100 1787 veri
1122 1726 1246 1805 patroni
1270 1727 1421 1805 ejusdem,
1444 1734 1539 1808 prout

300 1836 426 1892 constat
448 1851 505 1911 per
523 1831 764 1911 inquisicionem
783 1830 899 1891 iactam
919 1850 976 1911 per
998 1831 1161 1893 officialem
1185 1833 1304 1893 domini
1319 1833 1538 1895 Archidiaconi

302 1937 469 2018 Salopsire,
498 1944 530 1999 et
550 1938 686 1999 eundem
714 1938 908 1998 Willelmum
939 1938 1171 2017 porcionarium
1194 1938 1333 2001 instituit
1360 1940 1395 1999 in
1418 1941 1537 2013 eadem,

300 2044 516 2105 obedienciam
544 2049 576 2105 et
610 2043 830 2104 induccionem
858 2044 943 2105 dicto
976 2044 1113 2115 domino,
1142 2044 1361 2107 Goventriensi
1388 2052 1421 2107 et
1445 2046 1537 2107 Lich-

300 2149 431 2211 leldensi
452 2150 620 2230 Episcopo,
641 2149 838 2210 reservando.
881 2148 940 2210 (lui
956 2149 1084 2229 quidem
1110 2149 1267 2211 Willelmo
1287 2150 1373 2211 dedit
1392 2151 1539 2213 dominus

300 2275 395 2334 super
425 2255 488 2316 hiis
526 2255 644 2316 similes
678 2254 800 2315 litteras
829 2255 960 2315 mutatis
995 2255 1156 2315 mutandis
1180 2255 1289 2335 quales
1317 2276 1417 2335 nuper
1451 2257 1539 2318 dedit

301 2361 461 2423 Willelmo
483 2362 522 2423 de
550 2362 714 2423 Mokholm
746 2362 785 2423 de
813 2362 929 2423 vicaria
950 2363 989 2423 de
1011 2362 1183 2435 Bourtone,
1212 2362 1443 2425 Lincolniensis
1471 2364 1535 2425 dio·

300 2468 390 2539 cesis,
418 2473 513 2547 prout
540 2468 574 2527 in
602 2467 735 2547 registro
763 2468 908 2547 superius
930 2468 1118 2529 continetur.

303 2723 367 2785 Oct.
396 2722 530 2783 a-rho
562 2722 681 2802 Bishop
711 2722 852 2801 confimat
880 2743 901 2782 o
928 2729 1019 2800 preat
1048 2722 1085 2800 by
1115 2722 1164 2783 ra
1193 2722 1327 2802 Chapter
1353 2723 1389 2803 of
1419 2724 1539 2785 certain

424 2804 513 2864 lauda
541 2803 578 2863 in
605 2804 655 2864 rra
683 2802 797 2864 suhart
821 2803 856 2883 os
881 2802 1033 2883 Horasord
1062 2810 1090 2863 to
1120 2803 1169 2863 tho
1196 2802 1368 2882 Proschiop
1396 2804 1516 2866 Friors.

382 2960 606 3021 Oourrsusoro
627 2975 857 3019 coucnsuorus
877 2975 1150 3018 munueurouuu
1170 2976 1273 3019 sacru
1305 2975 1369 3017 raa
1400 2957 1535 3019 (larinu-

298 3084 370 3127 nurr
404 3066 675 3128 Hnanrosnnusa
710 3082 891 3125 rueramus
925 3064 1422 3135 rnaa1caroa1aus.-Omnibus,
1465 3071 1534 3138 etc,

299 3171 409 3242 Adam,
444 3176 504 3232 etc.
567 3171 699 3232 Noverit
740 3171 930 3232 universitas
965 3175 1070 3231 vestra
1108 3190 1166 3231 nos
1204 3170 1377 3250 inspexisse
1415 3177 1534 3232 cartam

299 3276 512 3339 concessionis
546 3276 768 3338 canonicorum
801 3276 938 3356 Capituli
973 3281 1080 3337 nostre
1121 3275 1251 3337 ecclesie
1293 3276 1537 3338 Herelordensis

299 3382 416 3443 iactam
440 3381 589 3442 fratribus
610 3380 857 3461 predicatoribus
879 3380 912 3440 in
935 3380 1085 3441 suburbio
1106 3381 1293 3442 Herelordie
1315 3383 1534 3443 commoranti-

300 3488 367 3558 bus,
389 3491 422 3547 et
445 3506 555 3547 eorum
584 3485 827 3557 successoribus,
857 3505 952 3565 super
970 3485 1106 3565 quodam
1128 3489 1310 3546 tenemento
1332 3486 1371 3547 de
1396 3486 1536 3565 ipsorum

299 3590 521 3653 canonicorum
547 3589 638 3651 feodo
654 3589 688 3649 in
710 3590 769 3651 hec
788 3590 883 3651 verba
895 3589 1109 3661 :—Omnibus,
1138 3596 1207 3661 etc..
1230 3589 1372 3650 canonici
1397 3590 1534 3671 Capituli

298 3699 429 3762 ecclesie
467 3697 710 3760 Herelordensis
743 3697 887 3768 salutem,
926 3702 986 3757 etc.
1043 3695 1122 3757 Cum
1165 3695 1311 3756 dominus
1349 3695 1535 3769 Edwardus,

298 3806 383 3867 tilius
410 3804 493 3885 regis
521 3803 679 3875 Edwardi,
712 3803 773 3864 Dei
799 3803 904 3883 gracia
929 3802 1060 3863 illustris
1086 3802 1153 3862 Rex
1184 3799 1303 3881 Anglie,
1331 3821 1387 3881 per
1414 3806 1535 3862 cartam

299 3931 387 3972 suam
418 3910 613 3972 feoffamenti
642 3909 762 3970 dederit
796 3915 829 3970 et
866 3908 1059 3971 concesserit
1089 3906 1238 3967 fratribus
1259 3906 1297 3967 de
1329 3907 1437 3967 ordine
1465 3926 1532 3986 pre·

298 4017 473 4078 dicatorum
501 4034 613 4076 omnes
640 4019 740 4075 terras
768 4018 801 4075 et
821 4014 929 4075 omnia
949 4018 1131 4075 tenemento
1152 4032 1224 4072 cum
1248 4011 1451 4090 pertinenciis
1471 4032 1534 4092 que

298 4120 468 4201 adquisivit
495 4121 534 4182 de
562 4119 710 4199 Philippo
731 4118 760 4180 le
789 4120 926 4199 Waleys‚
948 4119 1070 4190 clerico,
1099 4118 1132 4177 in
1160 4116 1309 4179 suburbio
1339 4117 1532 4189 Herelordie,

298 4226 443 4288 habenda
477 4232 510 4287 st
546 4225 683 4286 tenenda
717 4225 836 4285 eisdem
878 4224 1027 4285 iratribus
1062 4228 1094 4285 et
1123 4222 1356 4284 successoribus
1394 4223 1460 4284 suis
1493 4224 1534 4283 ad

298 4333 457 4413 quandam
481 4332 610 4392 domum
638 4351 696 4411 pro
725 4330 957 4392 inhabitacione
986 4330 1117 4390 fratrum
1139 4327 1215 4389 dicti
1242 4327 1360 4388 ordinis
1388 4328 1426 4389 de
1450 4348 1534 4389 novo

298 4438 552 4508 construendam,
587 4441 619 4497 et
657 4436 697 4497 ad
725 4435 832 4497 divina
865 4436 998 4516 singulis
1032 4434 1142 4496 diebus
1174 4453 1231 4513 pro
1267 4433 1372 4493 anima
1408 4454 1465 4494 sua
1500 4439 1534 4495 et

297 4544 464 4604 animabus
485 4548 721 4603 antecessorum
753 4561 882 4602 suorum
912 4546 944 4602 et
976 4540 1117 4601 omnium
1145 4537 1285 4599 fidelium
1314 4536 1532 4598 dehmctorum

297 4648 519 4711 celebrandurn
546 4646 789 4727 imperpetuum,
818 4667 950 4727 quarum
980 4646 1106 4726 quidem
1135 4651 1287 4705 terrarum
1316 4649 1348 4703 et
1374 4648 1531 4704 tenemen-

298 4760 403 4815 torum
427 4752 563 4832 quedam
595 4757 670 4812 sunt
699 4751 738 4812 de
766 4750 857 4812 feodo
892 4757 1010 4822 nostro,
1038 4755 1071 4811 ct
1106 4750 1145 4810 ad
1174 4768 1232 4809 nos
1260 4752 1295 4807 ut
1323 4749 1375 4826 jus
1404 4747 1534 4809 ecclesie

297 4862 406 4919 nostre
432 4854 591 4917 antedicto
618 4854 742 4916 racione
767 4861 890 4917 escaete
914 4856 1071 4935 pertinere
1095 4852 1253 4923 deberent,
1277 4851 1393 4912 virtute
1421 4854 1532 4913 statuti

298 4960 418 5024 domini
438 4960 534 5040 Regis
561 4979 662 5040 nuper
697 4966 807 5021 contra
841 4960 1003 5040 religiosos
1031 4960 1157 5040 provisi,
1182 4964 1215 5019 et
1252 4977 1314 5038 que
1342 4958 1534 5037 Reginaldus

299 5067 401 5129 Faber
421 5066 581 5147 quondam
605 5065 644 5127 de
671 5065 762 5127 nobis
783 5066 886 5127 tenuit
910 5066 1067 5145 incapite
1091 5064 1125 5125 in
1145 5062 1310 5125 surburbio
1338 5064 1531 5138 Herelordie,
