3850 5917
388 672 449 732 236
763 673 942 752 Rapiatrrrm
972 674 1034 734 ride
1062 673 1099 734 de
1130 673 1253 735 Orlcton

216 904 274 944 A-D-
290 904 346 943 ¹³²²·
388 896 437 957 vel
458 918 514 976 per
535 899 631 957 alium
659 919 715 959 seu
743 899 821 960 alios
843 899 1024 977 hujusmodi
1057 898 1393 961 excommunicacionis
1421 898 1626 970 sentenciam,

389 1001 566 1081 ubicunque
600 1004 745 1082 expedire
780 1004 928 1075 videritis,
965 1008 997 1065 et
1025 1005 1173 1084 precipue
1203 1004 1236 1063 in
1265 1003 1342 1065 locis
1371 1003 1538 1065 maritimis
1569 1024 1626 1065 seu

389 1108 468 1167 mari
489 1108 600 1168 vicinis
621 1109 667 1169 sic
683 1108 864 1189 frequenter
883 1114 915 1169 et
934 1109 1139 1189 solempniter
1155 1109 1331 1189 publicetis,
1349 1109 1433 1189 quod
1454 1109 1623 1171 verisimile

390 1213 432 1273 sit
466 1215 549 1293 quod
584 1215 745 1275 sentencia
773 1215 954 1294 hujusmodi
991 1217 1030 1276 ad
1066 1214 1185 1277 nobiles
1220 1221 1252 1276 et
1280 1220 1444 1295 magnates
1479 1220 1511 1275 et
1547 1214 1625 1275 alios

389 1320 566 1398 pervenerit
597 1321 802 1399 supradictos,
835 1341 892 1381 nec
931 1320 993 1399 ipsi
1023 1321 1147 1400 possint
1176 1320 1389 1400 ignoranciam
1417 1318 1467 1381 vel
1495 1339 1623 1379 excusa·

389 1425 510 1485 cionem
532 1426 726 1504 pretendere,
758 1427 841 1505 quod
863 1426 1024 1487 sentencie
1051 1427 1120 1505 ipsa
1140 1447 1204 1487 non
1225 1426 1403 1506 pervenerit
1424 1425 1463 1485 ad
1484 1425 1622 1497 eosdem,

388 1551 461 1590 cum
496 1530 601 1591 taliter
628 1531 766 1592 extiterit
793 1530 971 1610 publicata:
1007 1552 1072 1592 non
1099 1531 1298 1593 obstantibus
1323 1532 1349 1592 si
1372 1531 1465 1591 alicui
1493 1531 1541 1592 vel
1570 1531 1625 1591 ali·

389 1634 502 1715 quibus
533 1636 592 1695 sub
620 1655 806 1715 quacunque
841 1635 941 1696 forma
969 1636 1019 1698 vel
1050 1637 1258 1715 concepcione
1294 1637 1459 1697 verborum
1488 1657 1506 1697 a
1544 1637 1624 1699 Sede

391 1742 571 1821 Apostolica
605 1741 647 1803 sit
681 1742 838 1801 indultum
877 1742 960 1821 quod
1002 1743 1267 1803 excommunicari
1302 1763 1365 1804 non
1406 1742 1530 1822 possint
1571 1762 1628 1822 per

388 1847 510 1907 litteras
533 1846 622 1907 Sedis
651 1846 793 1925 ejusdem
815 1867 877 1906 non
908 1846 1059 1909 iacientes
1091 1847 1217 1927 plenam
1247 1855 1279 1909 et
1308 1869 1487 1927 expressam
1520 1868 1556 1909 ac
1587 1850 1626 1909 de

389 1952 483 2013 verbo
506 1953 545 2011 ad
564 1950 694 2012 verbum
716 1952 754 2012 de
775 1951 897 2011 indulto
919 1952 1100 2031 hujusmodi
1125 1953 1331 2023 mencionem,
1353 1958 1385 2013 et
1406 1952 1545 2032 qualibet
1566 1952 1628 2013 alia

389 2058 472 2118 dicte
495 2058 584 2118 Sedis
605 2058 804 2137 indulgencia
823 2057 960 2137 generali
981 2058 1030 2119 vel
1052 2057 1179 2137 speciali
1201 2058 1415 2137 cujuscunque
1437 2058 1555 2119 tenoris
1578 2058 1626 2118 vel
1693 2106 1702 2122 .

388 2162 597 2242 expressionis
618 2163 741 2235 existat,
766 2183 937 2243 perquam
964 2162 1097 2225 effectus
1126 2165 1323 2243 presencium
1351 2163 1496 2242 impediri
1524 2165 1626 2243 possit

389 2269 437 2330 vel
473 2269 706 2349 quomodolibet
740 2270 900 2330 retardari.
963 2271 1083 2330 Datum
1119 2270 1281 2341 Avinione,
1320 2270 1367 2350 iij⁰
1408 2270 1490 2331 Non,
1536 2270 1624 2339 Maii,

389 2374 596 2435 Pontificatus
618 2374 718 2435 nostri
738 2394 821 2434 anno
836 2380 934 2435 sexto.
977 2374 1061 2435 Item
1074 2375 1285 2436 :-Johannes
1306 2376 1493 2454 Episcopus,
1516 2395 1626 2436 servus

389 2502 550 2542 servorum
582 2481 651 2553 Dei,
686 2480 915 2541 venerabilibus
943 2480 1101 2551 fratribus,
1131 2481 1350 2542 (lantuariensi
1375 2487 1406 2541 et
1432 2480 1624 2541 Eborecensi

389 2587 650 2667 Archiepiscopis,
692 2607 729 2647 ac
770 2587 884 2647 dilecto
922 2586 987 2647 filio
1025 2587 1156 2667 Rogero,
1196 2588 1308 2648 Electo
1346 2586 1563 2648 Ooventriensi
1591 2591 1625 2648 et

388 2693 620 2764 Lichleldiensi,
649 2693 783 2753 salutem
811 2697 844 2753 et
871 2691 1077 2771 apostolicam
1108 2691 1371 2753 benediccionem.
1429 2690 1624 2770 Significavit

387 2798 477 2859 nobis
508 2800 689 2859 carissimus
717 2799 749 2858 in
782 2799 908 2860 Christo
939 2799 1024 2860 lilius
1054 2804 1162 2859 noster
1194 2798 1378 2869 Edwardus‚
1411 2798 1478 2858 Rex
1510 2798 1622 2878 Anglie

386 2904 527 2976 illustris,
549 2905 632 2984 quod
653 2904 796 2965 nonnulli
815 2905 854 2965 de
874 2923 970 2984 regno
992 2924 1050 2965 suo
1071 2900 1181 2983 Anglie
1204 2902 1237 2962 in
1259 2902 1508 2963 destruccionem
1530 2902 1622 2963 dilec-

387 3015 492 3069 torum
514 3009 658 3080 filiorum,
676 3009 828 3070 nobilium
848 3010 995 3081 virorum,
1015 3009 1161 3088 Hugonis
1181 3008 1211 3069 le
1227 3010 1415 3087 Despenser,
1434 3008 1575 3079 senioris,
1593 3014 1626 3069 et

387 3114 533 3193 Hugonis
554 3114 584 3175 le
612 3115 800 3193 Desponser,
833 3114 889 3173 filii
914 3116 993 3194 ejus,
1014 3114 1156 3189 ¹indebite
1184 3114 1409 3193 conspirantes,
1441 3134 1475 3175 se
1503 3115 1542 3174 ad
1572 3114 1625 3176 de-

387 3220 597 3281 struccionem
620 3220 801 3299 hujusmodi
821 3241 1023 3299 processuros
1044 3220 1231 3299 juramentis
1261 3220 1463 3300 corporaliter
1483 3222 1626 3300 prestitis

387 3325 600 3396 firmaverunt,
622 3326 793 3405 exquibus
814 3326 846 3385 in
868 3327 978 3387 eodem
1000 3345 1095 3406 regno
1116 3325 1216 3385 multa
1235 3331 1267 3386 et
1286 3325 1392 3405 gravia
1412 3333 1625 3404 provenerunt

386 3432 533 3511 pericula,
566 3436 598 3491 et
622 3432 787 3492 innumera
817 3436 849 3492 et
874 3432 1075 3511 dispendiosa
1104 3431 1251 3492 scandala
1273 3437 1348 3492 sunt
1370 3437 1486 3503 secuta,
1508 3436 1540 3493 et
1561 3432 1624 3493 nisi

387 3538 529 3599 celeriter
556 3542 745 3608 occurratur,
777 3544 908 3616 possent
939 3538 1019 3599 forte
1053 3537 1200 3617 subsequi
1230 3538 1382 3617 graviora.
1439 3538 1506 3599 Nos
1529 3539 1625 3619 igitur

387 3645 622 3706 considerantes
639 3644 795 3704 attencius
812 3644 894 3723 quod
916 3644 1098 3723 hujusmodi
1114 3645 1293 3722 juramenta
1310 3645 1426 3705 nedum
1448 3646 1623 3717 temeraria,

388 3756 437 3812 set
458 3751 557 3811 eciam
578 3750 688 3810 illicita
708 3748 804 3810 fuisse
825 3755 1008 3821 noscuntur,
1038 3770 1110 3811 cum
1135 3750 1167 3809 in
1188 3750 1293 3811 divine
1315 3750 1490 3829 majestatis
1511 3751 1623 3811 radun·

388 3859 463 3918 dent
478 3857 641 3927 offensam,
656 3856 735 3917 etin
750 3856 826 3916 dicti
840 3856 945 3935 Regis,
961 3856 1002 3917 ad
1020 3877 1112 3937 quem
1128 3857 1282 3917 dictorum
1298 3856 1453 3936 Hugonis,
1468 3856 1625 3936 patriast

388 3964 543 4042 Hugonis,
566 3962 622 4021 filii
640 3962 718 4041 ejus,
738 3962 892 4022 correccio
911 3966 944 4022 et
962 3962 1098 4041 punicio,
1119 3961 1145 4022 si
1165 3963 1210 4023 sic
1230 3962 1446 4040 conspirantes
1465 3961 1498 4021 in
1518 3961 1623 4043 aliquo

387 4070 592 4139 offenderant,
614 4068 760 4147 pertinet,
792 4067 909 4129 luerint
940 4073 1137 4147 attemptata,
1171 4089 1208 4129 ac
1239 4067 1380 4129 volentes
1411 4068 1558 4147 periculis
1590 4075 1623 4129 et

387 4174 552 4245 scandalis,
574 4174 747 4254 dispendiis
763 4179 796 4235 et
815 4174 946 4251 jacturis
968 4174 1158 4253 hujusmodi,
1179 4180 1309 4253 paterne
1327 4173 1490 4253 diligencie
1509 4174 1623 4235 studiis

387 4282 521 4351 obviare,
543 4281 619 4341 dicti
641 4280 736 4360 Regis
758 4280 1043 4360 supplicacionibus
1066 4281 1208 4342 inclinati
1233 4279 1417 4341 discrecioni
1442 4286 1545 4341 vestre
1567 4300 1624 4359 per

388 4389 560 4469 apostolica
587 4388 704 4467 scripta
731 4388 918 4448 mandamus
939 4388 1088 4466 quatinus
1112 4407 1168 4449 vos
1196 4391 1228 4449 et
1256 4385 1386 4467 quilibet
1406 4391 1547 4447 vestrum
1567 4404 1625 4465 per

388 4516 444 4557 vos
466 4494 515 4556 vel
535 4514 592 4573 per
620 4493 716 4553 alium
737 4513 793 4553 seu
814 4492 892 4553 alios
912 4492 1091 4571 juramenta
1111 4492 1292 4572 hujusmodi
1313 4496 1469 4571 qnatenus
1500 4511 1624 4570 prooes-

389 4606 498 4662 serunt
532 4600 571 4661 de
606 4599 689 4659 lacto
719 4598 865 4669 relaxare,
898 4618 936 4659 ac
967 4598 1190 4659 nichilominus
1217 4598 1305 4658 irrita
1332 4597 1481 4657 nunciare
1515 4602 1626 4658 nostra

388 4706 574 4767 anctoritate
606 4705 731 4776 curetis,
759 4704 902 4783 injuncto
940 4704 986 4765 eis
1018 4704 1071 4784 qui
1099 4704 1278 4782 juramenta
1308 4702 1383 4762 talia
1417 4702 1625 4781 prestiterunt

388 4812 471 4893 quod
492 4812 531 4873 de
551 4812 619 4890 jure
647 4810 742 4870 fuerit
761 4810 999 4890 injungendum.
1042 4812 1161 4870 Datum
1177 4809 1339 4880 Arinione,
1362 4808 1408 4888 iij⁰
1429 4808 1512 4868 Non.
1536 4808 1624 4881 Maii,

237 4938 285 4980 sor.
298 4936 346 4979 ab.
388 4918 596 4980 Pontificatus
617 4916 717 4977 nostri
738 4936 821 4977 anno
850 4922 947 4977 sexto.
990 4916 1034 4977 Et
1065 4915 1138 4977 licet
1171 4916 1209 4976 ad
1241 4914 1460 4976 execucionem
1485 4914 1622 4975 debitam

386 5022 610 5103 premissorum
648 5021 725 5081 totis
756 5021 854 5081 animi
886 5021 1048 5083 desideriis
1086 5020 1127 5081 ob
1161 5025 1270 5081 sancte
1312 5019 1402 5080 Sedis
1444 5018 1625 5098 Apostolice
