3850 5917
691 705 842 784 Episcopi
869 706 1112 786 Haresordcaar's.
1462 712 1522 772 115

134 935 181 974 Ml·
195 937 244 975 ¹³¹⁹·
284 951 421 991 unacum
447 931 577 1010 prefatis
618 931 752 992 testibus
778 951 908 1010 presens
936 932 1074 1001 interfui,
1102 939 1135 993 et
1166 934 1233 1002 hec,
1259 939 1296 994 ut
1316 936 1522 1014 premittitur,

282 1038 346 1098 vidi
367 1038 435 1098 fieri
464 1043 497 1098 et
518 1038 633 1106 audivi,
656 1038 776 1117 scripsi,
799 1045 831 1098 et
852 1039 1010 1118 publicavi
1031 1040 1124 1100 solito
1146 1060 1216 1100 meo
1238 1041 1329 1119 signo
1353 1045 1490 1120 rogatus.

282 1293 363 1353 June
398 1293 556 1353 1.-Jolm
589 1293 625 1353 ds
661 1293 692 1354 lc
726 1293 821 1364 Mors,
858 1293 906 1354 tho
940 1295 1048 1374 Popc’s
1083 1294 1307 1371 Ponitectinry,
1343 1295 1458 1356 admits
1491 1302 1521 1356 lo

425 1393 536 1434 omncs
574 1374 689 1434 Walter
722 1374 759 1434 dc
794 1375 908 1443 Bruto,
945 1397 966 1434 c
1003 1376 1136 1452 banton,
1172 1376 1239 1436 wlco
1276 1375 1338 1436 had
1373 1377 1522 1437 secundm

445 1455 524 1515 aller
548 1455 679 1532 Arcbrcy,
705 1456 816 1516 Hector
835 1457 871 1534 os
892 1456 1005 1516 Sollers
1031 1456 1128 1535 Hopc.

363 1602 510 1660 Lirnnns
542 1620 789 1662 rnnrncucmnn
824 1605 912 1662 Pars
945 1621 1006 1664 nno
1038 1605 1207 1663 Wsnncao
1239 1623 1282 1663 nn
1313 1605 1430 1666 Bsuno
1462 1623 1519 1674 our

281 1725 462 1767 uunrnavm
495 1707 691 1767 Wlnrnann
724 1707 1091 1770 sonans-Venerabili
1123 1711 1155 1769 in
1187 1711 1315 1772 Christo
1347 1713 1437 1792 patri,
1460 1712 1521 1773 Dei

280 1813 385 1892 gracia
421 1812 581 1892 Episcopo
616 1813 851 1884 Herelordensi,
887 1815 937 1874 vel
969 1815 1038 1893 ejus
1066 1816 1183 1876 vicario
1221 1816 1253 1874 in
1293 1817 1518 1895 spiritualibus,

280 1919 378 1979 frater
402 1919 566 1979 Johannes
591 1920 630 1980 de
655 1920 685 1979 la
713 1920 812 1989 More,
838 1921 957 1980 domini
988 1923 1074 2001 Pape
1102 1922 1355 2001 penitenciarius,
1384 1923 1520 1983 salutem

280 2025 312 2084 in
334 2025 484 2086 Domino.
528 2025 704 2087 Walterum
739 2027 778 2087 de
799 2027 916 2098 Bruko,
939 2028 1063 2107 laycum
1086 2034 1190 2090 vestre
1215 2029 1357 2099 diocesis,
1387 2030 1520 2090 latorem

281 2131 491 2210 presencium,
507 2132 560 2210 qui
582 2131 656 2191 olim
675 2132 799 2192 diabolo
820 2131 992 2212 instigante
1008 2133 1177 2212 quemdam
1192 2134 1367 2194 Walterum
1384 2133 1518 2212 Aubrey,

280 2237 447 2296 Rectorem
470 2237 599 2297 ecclesie
621 2237 659 2296 de
680 2237 878 2317 'Solershopa
901 2255 995 2317 prout
1017 2239 1106 2299 robis
1127 2245 1274 2319 exponet,
1294 2239 1460 2310 mutilavit,
1481 2240 1522 2300 ab

278 2341 609 2404 excommunicacione
630 2363 724 2422 quam
746 2349 876 2422 propter
896 2343 956 2404 boc
981 2343 1113 2404 incurrit
1131 2364 1169 2405 eo
1191 2344 1373 2424 hujusmodi
1395 2345 1518 2406 mutila

280 2449 381 2510 sionis
416 2454 505 2509 reatu
541 2449 580 2508 ad
615 2468 671 2510 vos
707 2449 894 2510 anctoritate
929 2449 1049 2510 domini
1084 2450 1170 2529 Pape
1203 2450 1395 2511 remittimus
1430 2451 1519 2530 juxta

279 2554 415 2614 formam
437 2553 568 2615 ecclesie
589 2553 824 2625 absolvendum,
854 2555 1042 2615 mandantes
1073 2555 1102 2616 ei
1133 2555 1217 2616 inter
1241 2555 1302 2617 alia
1332 2555 1392 2616 sub
1413 2555 1520 2616 debito

279 2661 405 2742 prestiti
432 2661 602 2741 juramenti
624 2657 668 2731 ut,
691 2681 748 2740 per
778 2681 889 2722 omnes
917 2663 1054 2739 majores
1079 2662 1228 2723 ecclesias
1259 2661 1343 2722 illius
1373 2661 1434 2722 loci
1466 2660 1520 2721 ubi

280 2773 405 2828 tantum
442 2767 502 2826 luit
537 2767 659 2828 facinus
694 2771 919 2846 perpetratum,
954 2767 1060 2828 nudus
1098 2775 1131 2829 et
1165 2767 1364 2829 discalciatus
1399 2768 1520 2828 braccis

281 2873 446 2934 dumtaxat
476 2873 609 2934 retentis
640 2872 760 2952 virgam
792 2873 896 2934 ferens
930 2873 964 2933 in
997 2873 1144 2935 manibus
1176 2879 1208 2935 et
1244 2873 1409 2953 corrigiam
1436 2874 1520 2934 circa

281 2979 406 3050 collum,
426 2979 452 3039 si
473 2997 582 3039 secure
598 2979 724 3057 poterit,
743 2979 896 3050 intendat,
914 2983 1039 3040 stante
1059 2979 1142 3041 fores
1159 2979 1298 3059 ipsarum
1316 2980 1518 3041 ecclesiarum

280 3105 300 3145 a
319 3083 513 3165 presbyteris
534 3084 704 3145 earundem
727 3084 886 3163 psalmum
907 3084 1150 3163 penitencialem
1172 3085 1349 3146 dicentibus
1370 3105 1405 3146 se
1423 3085 1520 3146 faciat

281 3191 446 3262 verberari,
475 3191 601 3270 qnando
624 3189 656 3249 in
679 3189 757 3269 ipsis
781 3189 922 3251 ecclesiis
951 3190 1053 3270 major
1080 3191 1180 3250 aderit
1204 3189 1312 3270 populi
1338 3191 1517 3262 multitudo,

280 3315 372 3358 sunm
396 3295 520 3375 publice
540 3295 719 3356 confitendo
740 3300 882 3366 reatnm;
904 3295 1035 3356 ecclesie
1053 3315 1137 3366 vero,
1157 3295 1248 3374 cujus
1266 3295 1382 3356 Rector
1401 3295 1519 3366 existit,

280 3401 454 3463 satisfaciat
473 3406 702 3481 competenter:
725 3406 757 3462 et
776 3401 803 3462 si
823 3401 949 3480 aliquod
970 3400 1099 3461 feudum
1121 3400 1159 3460 ab
1181 3400 1312 3461 ecclesis
1331 3400 1400 3479 ipsa
1421 3405 1517 3470 tenet,

279 3509 328 3570 vel
350 3509 403 3588 jus
423 3513 609 3588 patronatus
631 3507 753 3568 obtinet
776 3507 809 3566 in
831 3507 950 3578 eadem,
974 3508 1041 3586 ipse
1062 3527 1099 3567 ac
1120 3506 1189 3586 ejus
1211 3506 1343 3567 heredes
1367 3512 1519 3586 perpetue

282 3616 347 3677 sint
372 3615 496 3695 privati.
551 3614 617 3676 Vos
638 3619 745 3674 autem
777 3613 976 3674 considerata
999 3613 1092 3693 culpa
1115 3612 1216 3692 ipsius
1243 3612 1416 3692 injungatis
1444 3613 1518 3675 inde

279 3721 338 3782 sibi
379 3720 567 3781 auctoritate
594 3719 736 3799 predicta
769 3719 992 3798 penitenciam,
1021 3739 1082 3798 que
1116 3717 1144 3778 ei
1176 3718 1218 3777 sit
1250 3718 1290 3777 sd
1317 3717 1452 3778 salutem
1484 3723 1518 3778 et

278 3829 348 3890 eliis
377 3827 417 3888 ad
445 3833 605 3888 terrorem.
662 3827 819 3896 Ceterum,
844 3826 870 3887 si
898 3845 960 3905 que
989 3825 1179 3885 mandantur
1205 3824 1307 3885 facere
1335 3824 1417 3885 forte
1444 3844 1517 3884 con·

279 3933 432 4003 temserit,
448 3932 479 3991 in
495 3931 612 3993 dictam
627 3931 822 3993 sentenciam
840 3951 877 3993 eo
898 3931 968 4010 ipso
989 3930 1111 3990 noverit
1132 3949 1166 3991 se
1186 3929 1354 4009 relapsum.
1397 3931 1516 3990 Datum

280 4039 443 4108 Arinione,
464 4037 534 4098 Kal.
554 4037 651 4108 Junii,
671 4037 880 4099 Pontificatus
899 4035 1019 4097 domini
1038 4035 1195 4096 Johannis
1214 4035 1299 4114 Pape
1318 4035 1420 4093 XXII
1434 4055 1518 4095 anno

280 4146 387 4207 tercio.

281 4376 363 4436 Iam
384 4373 541 4436 12.-Tln
565 4373 685 4453 Bishop
709 4373 857 4435 instrrccls
883 4371 932 4433 tha
960 4371 1187 4449 Vicar-ccacral
1211 4377 1241 4431 to
1271 4377 1374 4449 accept
1402 4369 1518 4430 Walter

402 4455 439 4516 de
463 4455 569 4517 Bruto
595 4463 624 4516 to
644 4475 788 4535 paramo,
814 4453 955 4515 sincello
980 4453 1035 4514 hos
1057 4472 1158 4513 suma
1180 4458 1209 4512 to
1231 4451 1298 4530 cive
1319 4450 1518 4530 satisfactioa

397 4537 452 4618 sor
481 4536 529 4597 his
553 4535 771 4616 urcem-doing.

363 4693 544 4754 Goumssro
576 4708 676 4750 sacra
708 4707 813 4749 sonna
844 4705 1052 4748 nxnoucronn
1084 4703 1227 4746 rrssauu
1255 4701 1518 4744 nmnscsnum-

282 4797 392 4869 Adsm,
417 4801 487 4866 etc..
512 4794 628 4854 dilecto
651 4794 684 4853 in
710 4792 836 4854 Christo
861 4791 935 4862 filio,
960 4791 1111 4870 magistro
1135 4789 1269 4850 Ricardo
1293 4788 1332 4848 de
1357 4788 1516 4859 Vernoun,

282 4901 433 4964 canonico
455 4898 688 4970 Herelordensi,
710 4897 833 4959 officiali
848 4902 957 4958 nostro
976 4917 1013 4957 ac
1034 4895 1126 4957 nobis
1147 4893 1312 4973 agentibus
1332 4893 1364 4951 in
1386 4892 1516 4953 remotis

280 5010 397 5071 vicano
431 5012 540 5069 nostro
574 5007 607 5067 in
642 5004 856 5086 spiritualibus
891 5001 1038 5083 generali,
1074 4999 1218 5070 salutem,
1255 5004 1313 5058 etc.
1376 4997 1515 5058 Litteras

281 5115 388 5178 iratris
408 5113 563 5175 Johannis
584 5113 622 5174 de
643 5113 674 5172 la
695 5111 794 5182 More,
815 5109 935 5171 domini
956 5110 1042 5188 Pape
1062 5104 1278 5187 penitenciarii
1299 5123 1356 5183 pro
1373 5104 1514 5164 Waltero
