3850 5917
730 680 882 761 Episcopi
908 680 1152 762 Heraforderuis.
1500 686 1560 747 235

125 934 200 975 M)-
217 935 276 974 ¹³²2
319 926 402 988 June
425 928 583 989 Ill—The
609 929 802 1010 Archbishop
828 931 918 992 sends
944 939 973 993 ιο
999 932 1048 993 tha
1072 932 1191 1011 Biston
1217 934 1317 995 letters
1342 935 1377 1013 os
1402 935 1451 995 tlte
1475 936 1558 1015 Pope

155 1510 210 1552 Ful.
223 1512 259 1550 ⁶⁴.

438 1010 653 1089 pronouncinp
676 1011 972 1073 accmnmnnieutton
995 1012 1119 1091 nquinat
1141 1014 1187 1073 αιι
1209 1014 1276 1075 who
1298 1014 1409 1076 should
1433 1016 1508 1077 dara
1531 1024 1561 1078 ιο

444 1096 495 1150 act
518 1090 644 1169 against
668 1091 718 1151 tlte
742 1091 836 1171 Κίος,
861 1092 926 1153 and
945 1094 1096 1171 relaost'nq
1111 1095 1196 1173 from
1216 1095 1297 1155 their
1317 1096 1391 1157 calla
1411 1117 1472 1174 any
1493 1097 1562 1159 who

445 1170 521 1231 hana
535 1170 606 1231 been
618 1171 751 1233 irrduced
766 1180 795 1233 ιο
808 1193 905 1233 swear
920 1181 949 1234 ιο
965 1173 1037 1253 jein
1050 1173 1086 1234 in
1106 1175 1281 1254 destroyed
1297 1176 1345 1237 the
1365 1177 1559 1257 Desponsam.

446 1251 509 1311 Tha
536 1252 656 1332 Birhop
684 1253 712 1313 is
742 1260 770 1315 ιο
798 1274 888 1315 carne
916 1254 997 1316 these
1027 1254 1126 1317 letters
1155 1264 1184 1317 ιο
1213 1256 1246 1317 bc
1272 1257 1347 1319 read
1375 1258 1411 1317 in
1438 1258 1483 1318 all
1511 1258 1561 1320 tta

445 1331 599 1394 (theretes
628 1334 663 1414 of
690 1334 741 1395 the
770 1334 905 1395 Dioneae.

402 1488 596 1549 Mensarum
637 1489 892 1551 Aacnrnrrscorr
934 1509 1117 1553 conrrrnns
1148 1510 1305 1553 nrrrnnas
1347 1511 1560 1555 Arosronrcas

318 1611 381 1654 rao
402 1612 538 1654 scurris
560 1596 603 1654 Η.
626 1614 668 1655 nr
689 1596 732 1655 H.
755 1597 1187 1667 Drsrnnssnrr.-Walterns,
1218 1598 1425 1678 permissione
1453 1600 1561 1660 divina

320 1699 558 1762 Gantuariensis
593 1701 865 1781 Archiepiscopus,
893 1708 963 1773 etc,
995 1702 1165 1764 venerabili
1196 1703 1294 1775 fratri,
1326 1705 1454 1765 domino
1482 1705 1558 1776 Ade,

320 1810 379 1865 ete.
423 1805 560 1866 Litteras
574 1806 763 1886 apostolicas
783 1813 930 1887 exparte
949 1808 1069 1867 domini
1088 1809 1188 1869 nostri
1208 1810 1365 1881 Edwardi,
1386 1810 1558 1889 Anglorum

320 1910 416 1991 Regis
436 1910 577 1983 illustris,
597 1912 718 1973 oblatas
735 1912 771 1991 ij⁰
791 1912 869 1975 Idus
889 1913 987 1985 Junii‚
1005 1914 1196 1994 seriemque
1219 1915 1361 1995 sequitur
1382 1916 1559 1996 recepimus

319 2016 519 2078 continentes
531 2018 743 2080 :-Johannes
770 2019 957 2099 Episcopus,
990 2039 1099 2081 servus
1127 2041 1288 2082 servorum
1325 2023 1394 2093 Dei,
1430 2043 1557 2085 venera-

319 2120 433 2182 bilibus
468 2122 626 2195 fratribus,
665 2124 909 2205 Archiepiscopo
944 2125 1164 2187 (lantuariensi
1200 2132 1232 2189 et
1267 2128 1491 2207 Wyntoniensi
1525 2135 1558 2192 et

320 2226 442 2288 Ellensi
463 2227 640 2308 Episcopis,
662 2229 797 2291 salutem
816 2236 848 2290 et
865 2231 1071 2310 apostolicam
1093 2231 1355 2294 benediccionem.
1386 2234 1558 2295 Personam

319 2332 471 2394 carissimi
506 2333 540 2393 in
575 2334 701 2395 Christo
736 2335 792 2394 filii
826 2336 927 2396 nostri
958 2336 1116 2407 Edwardi,
1152 2338 1247 2417 Regis
1282 2338 1393 2418 Anglie
1417 2339 1558 2411 illustris,

319 2438 450 2517 ejusque
488 2458 618 2518 regnum
647 2439 791 2501 inclitum
829 2460 866 2501 en
904 2439 1085 2502 dileccionis
1109 2442 1291 2504 sinceritate
1328 2444 1556 2524 prosequimur,

318 2550 356 2604 ut
383 2564 476 2605 suum
499 2544 636 2625 dictique
660 2546 747 2625 regni
769 2550 889 2606 statum
920 2568 940 2607 a
968 2567 1150 2627 guerrarum
1178 2548 1337 2610 fluctubus
1364 2549 1497 2611 liberum
1525 2556 1559 2612 et

318 2668 337 2707 a
367 2648 601 2710 discriminibus
629 2650 848 2712 turbacionum
886 2651 1060 2714 immunem
1088 2655 1229 2732 paternis
1267 2654 1429 2717 desideriis
1464 2656 1557 2718 affec-

320 2759 434 2826 tantes,
450 2756 490 2816 ad
508 2757 740 2835 procurandum
762 2757 1022 2837 tranquillitatem
1039 2764 1072 2820 et
1091 2760 1229 2839 quietem
1251 2760 1344 2832 illius,
1366 2768 1557 2841 oportunum

320 2860 500 2941 Apostolice
527 2863 616 2923 Sedis
638 2862 787 2933 favorem,
812 2868 967 2943 quantum
997 2884 1069 2925 cum
1094 2866 1162 2927 Deo
1184 2886 1363 2945 possumus,
1388 2867 1560 2930 liberaliter

319 2967 537 3047 inpendemus,
558 2968 709 3047 quatinus
730 2968 798 3029 Rex
816 2969 884 3048 ipse
906 2969 1076 3030 securitate
1098 2970 1158 3031 sibi
1180 2970 1219 3030 ab
1240 2971 1363 3033 insidiis
1380 2972 1556 3033 emulorum

318 3072 440 3133 indulta
471 3072 661 3134 utilitatibus
696 3073 832 3153 propriis
867 3073 995 3135 liberius
1031 3075 1133 3154 possit
1173 3076 1345 3149 intendere,
1384 3098 1479 3157 seque
1516 3080 1557 3139 ad

317 3178 506 3238 sumendum
526 3178 688 3258 negotium
709 3185 791 3241 terre
812 3186 921 3242 sancte
941 3182 1059 3243 nostris
1079 3182 1250 3261 precordiis
1271 3203 1334 3243 non
1357 3184 1556 3246 mediocriter

318 3282 478 3354 insistens,
500 3284 539 3343 ad
560 3284 644 3363 quod
664 3285 748 3345 idem
778 3285 854 3356 Rex,
883 3290 919 3345 ut
946 3287 1068 3357 asserit,
1091 3286 1248 3348 ferventer
1276 3287 1389 3360 anelat,
1420 3289 1557 3353 habilius

317 3388 421 3449 valeat
441 3409 616 3469 preparare.
652 3390 732 3451 Oum
754 3392 870 3472 itaque,
888 3393 970 3453 sicut
987 3393 1189 3473 displicenter
1208 3394 1393 3466 audivimus,
1412 3397 1555 3457 nonnulli

317 3494 438 3557 nobiles
467 3502 499 3557 et
528 3502 691 3577 magnates
720 3498 839 3577 Regem
868 3498 974 3578 ipsum
1003 3503 1035 3560 et
1066 3518 1197 3578 regnum
1229 3500 1340 3580 Anglie
1373 3522 1409 3562 ac
1438 3507 1554 3564 terram

318 3620 409 3662 suam
431 3601 584 3663 Hibernis
612 3603 758 3665 invadere
788 3624 867 3664 ausu
897 3604 1041 3665 nitantur
1065 3605 1183 3677 illicito,
1215 3626 1402 3667 noseorum
1431 3608 1463 3668 in
1495 3610 1555 3671 hac

319 3713 409 3786 parte
430 3707 595 3770 conatibus
616 3709 780 3789 oportunis
801 3709 926 3771 obviare
957 3711 1104 3772 remediis
1125 3712 1296 3790 cupientes,
1328 3719 1360 3773 et
1388 3715 1427 3774 ad
1450 3714 1482 3774 id
1503 3736 1552 3775 ex-

316 3814 423 3892 pedire
444 3820 609 3876 censentes
633 3815 827 3894 spiritualem
844 3815 982 3895 gladium
1005 3817 1149 3888 exerceri,
1167 3817 1199 3875 in
1219 3837 1329 3879 omues
1351 3823 1382 3879 et
1404 3820 1553 3898 singulos,

318 3920 533 3999 cujuscunque
561 3920 625 3981 sint
656 3921 895 4000 preeminencie,
928 3921 1099 4001 dignitatis,
1132 3927 1186 3981 aut
1208 3927 1320 3994 status,
1350 3924 1403 4003 qui
1424 3924 1553 4003 Regem,

318 4025 423 4104 ipsum
443 4044 575 4106 regnum
596 4031 629 4088 et
656 4032 772 4088 terram
793 4028 976 4106 predictam,
1008 4033 1044 4088 ut
1068 4028 1271 4108 premittitur,
1294 4050 1365 4090 cum
1387 4032 1482 4092 armis
1502 4032 1552 4093 vel

317 4131 386 4192 sine
414 4133 510 4193 armis
540 4132 688 4194 invadere
714 4134 973 4213 presumpserint,
1004 4133 1054 4195 vel
1083 4134 1160 4195 alias
1181 4133 1377 4196 invasoribus
1405 4136 1491 4216 ipsis,
1517 4143 1554 4199 ut

318 4237 520 4315 premittitur,
549 4238 582 4298 in
610 4240 752 4318 pecunia,
774 4238 872 4318 equis,
894 4239 999 4311 armis,
1031 4239 1081 4300 vel
1115 4238 1185 4299 aliis
1219 4238 1327 4300 illicito
1362 4242 1455 4302 modo
1483 4262 1550 4321 pre-

315 4342 455 4403 stiterint
482 4344 642 4415 auxilium,
670 4344 845 4415 consilium,
873 4344 924 4406 vel
951 4345 1090 4406 favorem
1117 4345 1278 4425 publicum
1306 4346 1355 4408 vel
1382 4350 1550 4423 occultum,

316 4450 652 4512 excommunicacionis
680 4452 874 4512 sentenciam
901 4452 1146 4532 promulgamus,
1168 4473 1262 4533 quam
1290 4474 1309 4515 a
1337 4455 1386 4516 die
1414 4456 1551 4535 publica-

319 4556 419 4616 cionis
443 4556 512 4636 ejus
543 4577 635 4617 suum
667 4556 816 4618 effectum
846 4558 992 4619 volumus
1021 4558 1171 4637 optinere,
1193 4563 1226 4619 et
1257 4580 1275 4619 a
1306 4580 1368 4639 qua
1399 4580 1453 4622 eos
1483 4562 1552 4623 sine

318 4662 446 4741 speciali
474 4663 623 4724 mandato
652 4664 742 4725 Sedis
770 4663 958 4744 Apostolice,
990 4664 1052 4725 nisi
1076 4664 1182 4725 forsan
1211 4665 1243 4725 in
1272 4666 1382 4727 mortis
1410 4668 1550 4741 articulo,

317 4766 520 4846 prohibemus
548 4767 675 4839 absolvi,
700 4770 816 4849 inquo
838 4770 1003 4830 siluerint
1031 4769 1174 4841 absoluti,
1206 4775 1238 4831 et
1269 4771 1354 4850 ipsos
1385 4773 1552 4852 contigerit

316 4874 445 4934 sanitati
469 4873 603 4947 restitui,
635 4875 695 4936 nisi
722 4875 932 4937 satisfecerint
952 4876 1035 4937 infra
1065 4896 1216 4947 mensem,
1251 4878 1361 4937 eadem
1388 4880 1550 4940 sentencia

316 4978 412 5059 ligare
431 4979 578 5041 volumus
598 5001 636 5042 eo
662 4981 741 5061 ipse.
794 4982 948 5056 Quocirca
967 4981 1157 5043 fraternitati
1177 4987 1281 5043 vestre
1301 5002 1356 5062 per
1377 4984 1549 5063 apostolica

316 5085 434 5165 scripta
454 5086 642 5147 mandamus
661 5093 818 5167 quatenus
841 5106 899 5150 vos
919 5088 969 5149 vel
990 5089 1052 5149 duo
1073 5092 1128 5148 aut
1148 5107 1231 5149 unus
1250 5094 1389 5148 vestrum
1413 5110 1469 5169 per
1490 5111 1547 5152 vos
