3850 5917
697 699 848 779 Episcopi
875 699 1118 780 Hercsordensis.
1468 702 1527 762 185

111 933 167 974 Μ)-
183 934 245 973 ¹³²¹·
286 926 377 996 cesis,
403 925 458 986 diu
480 931 651 1005 antequam
674 927 791 986 dictam
816 925 981 987 ecclesiam
1009 925 1122 988 fuisset
1150 927 1327 1006 aliqualiter
1354 933 1526 998 assecutus,

288 1031 322 1090 in
359 1031 453 1092 domo
492 1031 599 1092 Sancti
634 1031 790 1092 Johannis
826 1032 972 1111 Baptista
1017 1033 1063 1104 de¹
1098 1033 1264 1094 Lodelowe
1301 1033 1384 1094 dicte
1421 1039 1528 1096 nostre

288 1139 423 1200 diocesis
451 1138 593 1217 pluribus
621 1138 713 1199 annis
741 1138 884 1198 habitum
912 1144 1041 1218 gestans
1069 1138 1242 1218 regularem
1270 1139 1304 1198 in
1339 1141 1448 1200 eadem
1476 1160 1526 1200 ex-

288 1263 398 1323 presse
429 1244 590 1324 professus
611 1244 775 1305 exstiterat
801 1243 942 1323 regulam
970 1244 1184 1324 approbatam,
1213 1245 1384 1326 relictoque
1418 1247 1528 1308 ordine

289 1356 322 1410 et
349 1349 461 1409 habitu
497 1369 555 1410 suo
593 1349 628 1408 in
664 1349 823 1429 apostasia
858 1354 977 1410 temere
1009 1351 1243 1422 conversando;
1279 1371 1449 1432 verumque
1491 1373 1528 1413 ex

288 1454 461 1515 multorum
500 1454 729 1534 fidedignorum
767 1454 923 1515 relacione
960 1453 1127 1516 didicimus
1169 1455 1253 1535 quod
1294 1455 1406 1517 iratres
1445 1457 1528 1518 dicte

286 1561 410 1630 domus,
433 1579 624 1640 quamquam
653 1558 797 1619 habitum
822 1580 842 1619 a
866 1565 952 1620 statu
976 1560 1164 1621 secularium
1186 1561 1362 1641 aliqualiter
1382 1561 1526 1624 differen-

287 1671 353 1727 tem
383 1665 503 1727 deferre
531 1671 711 1735 noscantur,
741 1665 820 1724 nulli
855 1670 962 1726 tamen
993 1665 1184 1745 promittunt
1214 1667 1437 1740 obedienciam,
1467 1689 1526 1731 nec

288 1771 425 1851 propriis
452 1770 649 1841 renunciant,
674 1791 733 1832 nec
764 1771 953 1851 profitentur
975 1771 1111 1851 aliquam
1141 1772 1281 1852 regulam
1310 1775 1525 1854 approbatam,

287 1879 397 1958 sicque
418 1876 555 1956 religiosi
575 1877 705 1937 minime
724 1883 920 1957 reputantur,
943 1883 976 1938 et
999 1878 1069 1938 ideo
1092 1879 1288 1958 egredientes
1308 1880 1437 1941 domum
1458 1901 1526 1961 pre·

286 1985 405 2044 dictam
440 1988 473 2044 et
504 1982 636 2044 seculari
667 1983 778 2044 habitu
805 1988 941 2054 utentes,
979 1984 1097 2045 crimen
1134 1986 1292 2064 apostasia
1330 1987 1528 2049 committere

286 2089 349 2150 dici
384 2109 449 2150 non
484 2094 635 2168 poterunt
673 2109 730 2150 nec
764 2088 931 2150 debebunt.
988 2089 1138 2150 Veientes
1177 2089 1280 2169 igitur,
1310 2097 1466 2170 quatenus
1493 2093 1526 2152 in

287 2195 380 2256 nobis
414 2200 472 2265 est,
504 2200 570 2254 tam
598 2195 696 2255 statui
725 2195 800 2254 dicti
832 2195 870 2254 E.
899 2215 995 2274 quam
1028 2195 1132 2256 anime
1161 2215 1217 2256 sue
1243 2196 1337 2256 saluti
1362 2197 1529 2259 salubriter

289 2302 463 2382 providere,
484 2301 575 2362 vobis
595 2300 825 2362 committimus
845 2306 878 2362 et
905 2301 1102 2372 mandamus,
1124 2301 1274 2382 quatinus
1295 2302 1336 2362 ad
1353 2303 1527 2381 predictam

288 2409 419 2468 domum
442 2409 481 2467 de
509 2407 676 2468 Lodelowe
699 2406 907 2486 personaliter
924 2407 1118 2478 accedentes,
1140 2407 1179 2467 de
1202 2407 1349 2469 omnibus
1364 2410 1528 2488 premissis

287 2521 320 2574 et
352 2513 423 2574 aliie
460 2512 709 2573 circumstanciis
738 2512 771 2570 in
807 2512 867 2573 hac
897 2517 987 2592 parte
1026 2512 1146 2572 vocatis
1177 2513 1327 2574 vocandis
1362 2514 1526 2574 veritatem

287 2618 473 2699 diligencius
492 2617 669 2698 inquiratis,
691 2622 724 2678 et
741 2616 832 2696 juxta
857 2623 1018 2695 comperta
1042 2636 1098 2696 per
1118 2617 1250 2678 eandem
1271 2617 1396 2679 racione
1420 2619 1528 2698 previa

286 2725 474 2805 procedatis,
505 2743 562 2804 pro
594 2729 680 2783 statu
712 2723 789 2782 dicti
820 2723 858 2782 E.
891 2722 995 2783 clerici
1030 2722 1114 2802 quod
1140 2723 1262 2803 justum
1290 2723 1385 2784 luerit
1421 2725 1526 2786 decer-

288 2835 419 2900 nentes;
441 2829 593 2890 facientes
613 2829 697 2909 quod
714 2827 923 2897 decreveritis,
943 2827 997 2887 ubi
1017 2832 1049 2887 et
1069 2828 1194 2907 quando
1212 2827 1354 2888 videritis
1371 2830 1525 2908 expedire,

286 2935 412 3014 publice
440 2934 591 2995 nunciari.
651 2934 697 2993 Ad
725 2953 787 3012 que
814 2932 921 2992 omnia
956 2935 989 2992 et
1023 2931 1145 3011 singula
1173 2930 1261 2992 vobis
1289 2932 1374 2993 vices
1401 2939 1527 2996 nostras

286 3041 526 3112 committimus,
570 3047 629 3102 etc.
693 3041 813 3100 Datum
849 3037 1032 3108 londoniis,
1071 3038 1102 3097 ix
1145 3038 1196 3099 die
1232 3038 1402 3110 Februarii,
1442 3061 1527 3102 anno

288 3147 419 3210 Domini
441 3147 640 3218 M00000110,

288 3430 361 3490 Feb.
392 3427 527 3489 9.-Thc
555 3426 682 3506 Bishcp,
713 3434 742 3488 to
780 3426 891 3487 silence
927 3426 1081 3504 calamnp,
1109 3425 1247 3503 certifica,
1270 3426 1355 3504 from
1384 3425 1432 3484 his
1460 3445 1528 3486 own

415 3508 593 3586 krwwlcdqe,
630 3507 697 3568 thot
736 3508 851 3568 Walter
884 3507 980 3578 Penk,
1008 3527 1029 3566 o
1063 3505 1159 3567 Moab
1186 3506 1221 3584 of
1254 3506 1390 3578 Tialcm,
1426 3507 1479 3566 bat
1506 3527 1528 3567 o

412 3589 517 3650 native
541 3590 576 3669 of
600 3588 761 3667 Hercsord,
792 3588 854 3648 hod
881 3588 997 3666 always
1024 3587 1094 3648 been
1117 3585 1291 3664 recoqaised
1315 3606 1349 3646 os
1374 3607 1428 3648 ocu
1454 3587 1528 3648 bora

412 3671 449 3730 in
477 3670 584 3749 lcwsal
611 3669 752 3730 wcdloclc.

372 3843 520 3903 Lmesu
541 3859 626 3900 narn
649 3859 766 3900 sarrai
788 3841 957 3900 Wsnraao
979 3841 1080 3910 Pasa,
1096 3857 1250 3900 nonnoso
1272 3857 1315 3898 ns
1337 3840 1525 3900 Tauranus.

291 3949 467 4019 Universis,
488 3953 547 4009 etc.
590 3947 723 4008 Justioie
747 3946 887 4007 debitum
910 3946 1020 4025 exequi
1044 3945 1199 4005 credimus
1224 3945 1251 4005 si
1273 3951 1383 4005 contra
1407 3947 1526 4007 detrac-

290 4061 395 4116 torum
437 4055 506 4115 Deo
547 4053 709 4114 odibilium
752 4053 974 4113 estimancium
1016 4051 1238 4130 loquacitatem
1277 4051 1454 4112 facundiam
1494 4059 1528 4115 et

290 4160 476 4220 maledicere
509 4159 704 4220 consciencie
739 4157 820 4218 bone
858 4157 983 4236 signum
1021 4157 1232 4236 calumpniam
1271 4157 1396 4217 veritati
1438 4159 1525 4219 testi-

290 4266 432 4326 monium
453 4263 664 4344 perhibemus.
712 4264 792 4324 Cum
824 4263 919 4342 igitur
949 4262 1082 4322 dilectus
1110 4261 1201 4321 nobis
1231 4261 1264 4320 in
1284 4261 1411 4322 Christo
1430 4261 1527 4324 frater

290 4372 450 4433 Walterus
470 4371 574 4431 dictus
599 4371 695 4440 Penk,
712 4370 888 4430 monachus
909 4368 1045 4429 Abbacie
1066 4369 1104 4428 de
1121 4369 1288 4446 Tynterne,
1310 4369 1526 4431 Landavensis

289 4478 433 4546 diocesis,
467 4496 485 4537 a
523 4476 711 4555 quibusdam
752 4476 819 4536 suis
861 4475 974 4536 emulis
1009 4473 1088 4534 ialso
1131 4474 1253 4534 dicatur
1296 4474 1527 4554 illegitimitatis

290 4587 367 4644 nota
397 4601 568 4661 respersus,
603 4581 801 4642 universitati
836 4587 940 4642 vestre
975 4586 1083 4640 tenore
1118 4580 1315 4659 presencium
1348 4581 1525 4643 innotescat

288 4688 375 4766 quod
411 4687 495 4748 idem
526 4687 695 4757 Walterus,
734 4687 789 4766 qui
826 4687 859 4746 in
894 4686 1044 4765 parochia
1079 4685 1187 4746 Sancti
1224 4685 1354 4745 Martini
1389 4687 1526 4750 civitatis

291 4798 400 4854 nostre
430 4792 615 4853 Herefordie
648 4793 742 4852 traxit
773 4792 935 4872 originem,
967 4811 1004 4852 ex
1026 4797 1115 4870 patre
1144 4791 1283 4852 Henrico
1308 4790 1392 4852 dicto
1427 4793 1524 4864 Penk,

291 4906 325 4962 et
362 4899 519 4978 Margaria
552 4918 647 4979 quam
682 4919 739 4977 pro
774 4917 869 4958 uxore
905 4917 963 4958 sua
997 4897 1138 4976 legitima
1173 4897 1283 4968 tenuit,
1315 4897 1353 4958 de
1387 4897 1528 4977 legitimo

293 5002 495 5064 matrimonio
528 5007 710 5083 procreatus
737 5022 795 5081 pro
822 5001 887 5062 filio
918 5021 1027 5062 eorum
1055 5000 1195 5080 legitimo
1223 5001 1376 5062 hactenus
1403 5002 1528 5081 publice

293 5109 422 5170 habitus
450 5113 499 5169 est
520 5107 553 5166 in
582 5107 666 5168 dicta
693 5107 851 5187 parochia,
873 5112 906 5168 et
934 5106 1003 5167 aliis
1017 5105 1094 5166 locis
1122 5105 1242 5176 vicinis,
1272 5106 1311 5166 de
1338 5125 1401 5186 quo
1425 5109 1526 5182 nobis,
