3850 5917
679 703 830 782 Episcopi
856 701 1100 781 Harafordcmis.
1447 701 1508 760 205

115 936 167 975 M>-
180 936 230 975 ¹³²¹·
270 931 427 1009 Flaxleye,
467 931 576 1001 Adam,
612 935 681 999 etc,
719 929 867 1009 quicquid
905 933 1011 1008 potest
1040 929 1180 989 amicicie
1218 933 1250 988 et
1278 927 1398 997 salutis,
1434 947 1506 986 cum

270 1035 393 1096 sincera
413 1035 445 1094 in
466 1035 604 1096 Domino
625 1035 764 1095 caritate.
807 1035 955 1094 [satorem
976 1035 1174 1114 presencium
1198 1034 1230 1093 in
1251 1035 1364 1114 spiritu
1382 1035 1506 1093 humili-

271 1140 347 1206 tatis
374 1146 407 1200 et
436 1141 541 1200 animo
569 1140 705 1201 contrito
734 1139 979 1200 misericordiam
1008 1159 1070 1200 non
1095 1140 1247 1219 judicium
1275 1139 1509 1200 lacrimabiliter

271 1247 484 1326 postulantem
505 1251 608 1307 vestre
627 1246 796 1307 clemencie
814 1246 1108 1306 recommendamus
1125 1246 1242 1306 affectu
1261 1265 1324 1325 quo
1340 1265 1508 1324 possumus

271 1351 392 1423 cariori,
430 1352 602 1412 affectuose
628 1356 775 1430 rogantes
803 1350 952 1430 quatinus
977 1350 1077 1410 eidem
1115 1350 1189 1411 licet
1221 1350 1286 1411 filio
1310 1349 1440 1428 prodigo
1468 1351 1507 1409 ad

270 1458 371 1537 patris
409 1462 516 1517 tamen
554 1457 780 1535 benignitatem
818 1476 889 1516 cum
926 1474 1009 1525 vera,
1048 1461 1084 1515 ut
1123 1456 1287 1526 credimus,
1329 1455 1509 1535 penitencia

271 1564 444 1625 revenienti
466 1569 606 1624 vestmm
630 1565 734 1623 sinum
756 1564 928 1642 dignemini
952 1565 1082 1643 aperire,
1105 1569 1137 1624 et
1162 1568 1280 1624 statum
1306 1583 1399 1623 snum
1420 1563 1509 1642 juxta

272 1671 391 1731 ordinis
421 1671 517 1730 vestri
552 1670 748 1749 disciplinam
783 1670 816 1728 in
848 1671 960 1731 melius
995 1669 1174 1731 reformare.
1225 1669 1394 1748 Speremus
1423 1668 1508 1729 enirn

272 1778 355 1858 quod
380 1777 598 1857 precedentem
628 1776 829 1837 rebellionem
863 1797 920 1856 per
947 1777 1109 1856 sequentis
1141 1775 1321 1837 obediencie
1349 1775 1508 1845 virtutem,

272 1888 460 1963 cooperante
485 1883 544 1943 Dei
565 1883 677 1962 gracia,
706 1887 738 1943 et
766 1888 871 1942 vestra
902 1883 1044 1943 doctrina
1073 1881 1242 1952 salutifera,
1272 1871 1417 1959 expiabit.
1461 1879 1509 1939 Ad

272 1995 382 2049 sancte
409 1989 567 2067 religionis
595 1988 733 2066 regimen
761 1993 794 2048 et
818 1993 1021 2067 augmentum
1048 1988 1229 2048 Altissimus
1251 2007 1307 2047 vos
1335 1991 1508 2058 conservet,

273 2098 332 2155 etc.
376 2093 536 2172 Scriptum
557 2093 640 2172 apud
661 2092 834 2173 Bosebury,
856 2103 908 2152 xx⁰
928 2093 978 2154 die
1007 2092 1203 2154 Novembris.

273 2323 351 2383 Noc.
366 2326 408 2382 29
419 2321 524 2381 —Tho
545 2321 662 2401 Bishop
676 2322 884 2382 commissione
900 2323 949 2382 tbi
973 2322 1092 2400 Officicl
1108 2329 1136 2382 to
1151 2322 1236 2382 settle
1251 2321 1344 2392 Alica,
1359 2321 1512 2400 daughter

397 2404 432 2481 os
448 2403 549 2481 Roper
566 2403 603 2462 dc
624 2404 772 2481 Atfcrtoa,
794 2423 829 2462 cs
851 2424 870 2462 α
890 2402 1006 2463 recluso
1027 2403 1062 2462 im
1083 2403 1132 2463 the
1156 2403 1279 2463 Obrircb
1292 2404 1327 2482 os
1346 2403 1391 2464 St.
1413 2403 1509 2474 Gilcs,

396 2484 432 2543 ic
455 2505 475 2544 a
499 2484 613 2544 submi)
637 2485 672 2562 os
697 2484 856 2562 Heroford.

356 2638 539 2699 Gouurssm
574 2657 634 2699 nno
666 2657 868 2699 successore
899 2657 1102 2700 sncnoarsrn
1126 2637 1509 2710 Hnausoanrn.-Adam,

275 2749 344 2814 etc,
370 2743 520 2822 magistro
544 2744 581 2803 R.
605 2745 643 2804 de
663 2744 822 2814 Vernoun,
837 2749 897 2805 etc.
951 2743 1160 2804 Attendentes
1181 2743 1382 2804 devocionem
1404 2743 1514 2811 lauder,

275 2849 369 2909 bilem
395 2849 507 2909 dilecte
531 2849 602 2921 filie,
629 2849 735 2920 Alicie,
760 2849 823 2909 tilio
845 2849 958 2928 Rogeri
981 2849 1019 2910 de
1041 2848 1213 2919 Atfertone,
1236 2868 1296 2927 que
1321 2849 1511 2909 anachoreta

275 2955 373 3015 vitam
408 2956 550 3016 ducendo
582 2956 669 3035 cupit
703 2955 865 3016 Altissimo
900 2955 1045 3015 famulari
1080 2956 1163 3034 apud
1198 2953 1361 3014 ecclesiam
1402 2953 1511 3014 Sancti

276 3061 381 3140 Egidii
401 3061 435 3119 in
449 3060 597 3121 suburbio
612 3061 806 3132 Hereiordie,
827 3061 887 3140 piis
910 3061 1089 3122 devocionis
1109 3061 1177 3140 ejus
1194 3059 1338 3139 precibus
1358 3059 1510 3131 inclinati,

277 3166 365 3226 vobis
386 3173 495 3227 tenore
523 3167 720 3245 presencium
741 3167 968 3228 committimus
989 3173 1022 3228 et
1042 3167 1228 3227 mandamus
1258 3165 1415 3246 quatinus,
1437 3185 1515 3234 con-¹

277 3271 421 3332 sideratis
459 3271 708 3332 circumstanciis
739 3271 893 3332 universis
927 3292 989 3351 que
1017 3271 1099 3332 circa
1133 3271 1347 3350 ydoneitatem
1377 3290 1512 3351 persone

277 3377 359 3437 dicte
391 3377 530 3438 mulieris
558 3397 594 3437 ac
622 3377 682 3437 loci
716 3377 769 3437 ubi
802 3378 870 3456 ipsa
898 3378 985 3457 cupit
1013 3377 1130 3438 recludi
1166 3377 1283 3438 fuerint
1311 3377 1510 3448 attendenda,

278 3504 348 3544 cum
370 3503 426 3563 per
453 3485 554 3563 ipsam
582 3483 703 3545 fueritis
731 3503 866 3564 congrue
890 3485 1042 3565 requisiti,
1071 3504 1139 3545 eam
1169 3485 1236 3545 vice
1264 3489 1296 3545 et
1324 3485 1512 3546 auctoritate

278 3597 385 3652 nostra
420 3591 586 3652 recludatis
621 3592 654 3650 in
689 3591 757 3652 loco
792 3593 943 3670 predicto,
979 3592 1115 3652 officium
1146 3593 1229 3672 quod
1257 3591 1290 3650 in
1329 3591 1511 3671 hujusmodi

278 3697 451 3758 reclusione
471 3697 537 3758 fieri
563 3697 726 3758 consuevit
747 3696 851 3758 debite
870 3703 902 3758 et
926 3697 1143 3776 sollempniter
1163 3697 1348 3776 peragendo.
1391 3697 1510 3756 Datum

277 3804 360 3883 apud
381 3803 554 3882 Bosebury,
575 3803 658 3862 xxix⁰
678 3802 728 3863 die
749 3802 945 3875 Novembris,
968 3823 1050 3864 anno
1072 3803 1200 3864 Domini
1223 3802 1431 3864 rimosum.

152 4078 159 4094 ·
278 4045 354 4106 Nov.
370 4047 458 4103 29.-
466 4044 527 4104 Tm
547 4043 666 4122 Bisbop
680 4044 768 4104 smrds
783 4043 884 4104 Adam
903 4044 1098 4105 Matrimonii
1112 4045 1175 4104 arrd
1192 4045 1291 4122 Rogcr
1304 4045 1341 4105 do
1361 4044 1513 4105 Brcintoc

401 4132 430 4185 to
458 4133 609 4204 represent
637 4124 702 4183 bim
729 4132 762 4184 cl
791 4125 840 4185 the
873 4125 1055 4185 Provicciol
1092 4125 1228 4196 Gorrccil,
1257 4126 1432 4186 summam
1456 4127 1512 4205 scr

400 4205 471 4266 Dec.
497 4210 514 4264 1
547 4208 588 4283 [tc
612 4225 726 4266 reverso
751 4205 800 4265 the
823 4205 900 4265 cailc
924 4207 960 4285 of
985 4206 1034 4266 tho
1058 4205 1266 4288 Despcmcrs].

359 4361 638 4420 Paeonasroaruu
670 4377 800 4419 sacrun
832 4378 993 4421 ussrsrao
1024 4361 1060 4420 A.
1093 4361 1303 4421 Mnnrnrours
1323 4379 1365 4420 cr
1386 4379 1512 4422 nomino

278 4467 415 4527 Roanrm
435 4483 479 4524 na
501 4466 702 4525 Baarnrona
727 4484 770 4524 sn
800 4483 1046 4526 ccursannnuu
1068 4485 1128 4526 sno
1158 4485 1283 4527 nonme
1305 4485 1339 4526 in
1361 4485 1512 4528 conomro

279 4571 720 4632 novissmam-Reverendo
747 4571 781 4630 in
809 4571 935 4632 Christo
956 4572 1049 4650 patri,
1082 4572 1209 4632 domino
1241 4571 1301 4642 W,
1324 4571 1384 4632 Dei
1408 4573 1532 4651 gracia*

280 4677 498 4739 cantuariensi
523 4676 775 4756 Archiepiscopo,
794 4683 864 4749 etc,
884 4677 994 4748 Adam,
1015 4683 1075 4738 etc.
1118 4677 1207 4738 Licet
1230 4677 1269 4737 ad
1289 4697 1399 4756 pacem
1423 4678 1520 4756 regni-

279 4790 311 4844 et
338 4783 598 4862 tranquillitatem
621 4783 849 4861 procurandam
877 4788 909 4842 et
936 4783 1069 4843 tirmiter
1095 4785 1264 4843 tenendam
1289 4781 1453 4842 consilium
1478 4787 1512 4843 st

280 4889 430 4948 auxilium
456 4887 558 4967 parati
592 4907 716 4966 semper
743 4887 842 4948 simus
880 4907 1079 4967 summopere
1116 4888 1270 4959 exhibere,
1299 4888 1372 4967 quia
1404 4893 1511 4949 tamen

280 5014 368 5055 sacro
390 4993 522 5054 concilio
542 4999 647 5053 vestro
670 4993 773 5072 primo
793 4993 843 5055 die
863 4995 981 5054 mensis
1002 4994 1186 5054 Decembris
1207 4994 1239 5052 in
1261 4993 1392 5054 ecclesia
1409 4995 1520 5054 sanctis

282 5100 372 5161 Pauli
399 5098 629 5159 londoniensis
656 5103 828 5159 convocato
855 5119 1016 5159 occurrere
1043 5098 1249 5178 personaliter
1268 5116 1331 5158 non
1359 5099 1510 5171 valemus,
