3850 5917
696 649 845 729 Episcopi
873 651 1116 731 Heresordcnsis.
1462 657 1523 719 277

80 867 241 913 134324-
286 862 418 941 notoria,
451 891 546 951 super
574 865 687 953 quibus
715 866 752 935 eir
780 874 975 935 habundanti
1010 897 1066 955 per
1101 878 1228 939 testimo
1239 868 1349 957 [nium]
1393 880 1520 960 fidedig-

286 996 400 1036 norum
434 998 529 1058 super
555 979 617 1040 hiis
645 980 822 1059 specialiter
852 982 1027 1060 juratorum
1062 984 1152 1045 nobis
1180 984 1263 1045 lacta
1294 986 1397 1047 extitit
1426 987 1520 1066 plena

286 1082 373 1143 fides.
429 1082 468 1142 In
491 1104 623 1164 quorum
645 1076 786 1145 omnium
807 1087 1024 1147 testimonium
1052 1096 1084 1149 et
1114 1088 1208 1151 fidem
1233 1091 1404 1170 pleniorem
1434 1093 1519 1154 dicto

286 1187 455 1267 R0[berto]
485 1188 585 1249 Fileul
617 1190 737 1251 litteras
769 1190 870 1271 sigillo
899 1198 1008 1253 nostro
1040 1194 1078 1254 ad
1101 1195 1175 1255 talia
1203 1202 1354 1258 consueto
1379 1197 1518 1277 signatas

286 1293 352 1353 fleri
374 1294 506 1355 fecimus
529 1296 586 1355 has
608 1299 761 1374 patentes.
818 1299 937 1357 Datum
973 1300 1177 1372 Gloucestrie,
1207 1302 1294 1382 xviij⁰
1325 1303 1374 1363 dic
1403 1304 1521 1365 mensis

286 1398 456 1469 Februarii,
479 1421 562 1461 anno
585 1401 712 1461 Domini
735 1403 968 1484 trecennis.

285 1657 357 1716 Feb.
373 1658 527 1717 19.-The
547 1658 666 1737 Bisbop
686 1659 894 1721 commissione
916 1661 1000 1721 John
1020 1661 1106 1731 Roas,
1129 1662 1239 1721 Rector
1255 1661 1291 1740 os
1308 1662 1465 1733 Dorstonc,
1489 1670 1518 1722 ιο

408 1738 507 1798 οιιοιιί
528 1760 548 1798 a
568 1760 632 1799 new
652 1740 746 1800 Prior
766 1743 801 1820 of
818 1742 865 1801 St.
889 1742 1059 1813 Gutbloo's,
1084 1742 1193 1802 should
1214 1763 1268 1803 ono
1290 1743 1322 1803 bc
1340 1743 1509 1822 presented.

370 1909 549 1970 (lonensem
571 1929 632 1971 rso
660 1929 867 1972 rnnsnnraro
887 1931 930 1971 ao
958 1914 1152 1973 Pnionsruu
1174 1914 1523 1973 Hannsounnnsnn.-

287 2016 397 2087 Adam,
432 2022 501 2087 etc,
538 2018 673 2077 discreto
708 2018 774 2078 viro
808 2018 935 2099 filioque
978 2018 1011 2077 in
1047 2019 1173 2080 Christo
1209 2019 1331 2090 dilecto,
1367 2020 1519 2099 magistro

286 2118 425 2181 Johanni
447 2122 536 2191 Reos,
566 2123 692 2183 Rectori
713 2124 843 2184 ecclesie
867 2124 906 2185 de
935 2125 1102 2195 Dorstone,
1129 2130 1237 2185 nostre
1258 2123 1401 2196 diocesis,
1435 2125 1516 2185 salu-

288 2232 362 2298 tem,
397 2233 456 2288 eto.
498 2228 547 2289 Ne
567 2228 724 2306 prioratus
759 2228 1000 2290 Herelordensis
1035 2236 1142 2291 nostre
1176 2230 1309 2291 diocesis
1340 2250 1396 2310 per
1421 2230 1520 2310 ipsius

286 2334 486 2394 vocacionem
514 2333 668 2393 diutinam
696 2334 730 2394 in
760 2334 975 2414 spiritualibus
1002 2340 1034 2396 et
1064 2336 1288 2415 temporalibus
1319 2336 1519 2415 dispendium

287 2441 437 2519 paciatur,
459 2440 499 2500 ad
513 2441 743 2500 admittendum
764 2441 918 2521 ydoneam
939 2461 1107 2520 personam
1128 2462 1184 2520 per
1211 2441 1364 2502 Abbatem
1385 2448 1417 2502 et
1439 2442 1520 2503 (lon-

286 2551 416 2605 ventum
438 2546 709 2607 Gloucestrienses
731 2547 770 2606 ad
790 2546 948 2626 prioratus
969 2546 1110 2626 ejusdem
1140 2547 1277 2627 regimen
1304 2552 1517 2628 presentatum

287 2672 344 2712 seu
364 2652 616 2731 presentandum,
646 2652 738 2713 etad
766 2652 978 2713 inducendum
1008 2653 1139 2713 eandem
1168 2653 1201 2711 in
1229 2653 1421 2735 corporalem
1447 2673 1517 2733 pos-

287 2758 459 2819 sessionem
486 2758 642 2837 prioratus
670 2758 811 2837 ejusdem
839 2778 911 2817 cum
940 2758 1086 2818 omnibus
1114 2756 1235 2837 juribus
1260 2762 1292 2817 et
1316 2758 1519 2837 pertinenciis

286 2866 361 2936 suis,
383 2865 415 2923 in
437 2864 594 2925 delectum
617 2884 725 2926 eorum
753 2863 793 2923 ad
813 2884 892 2943 quos
913 2870 1055 2943 spectare
1077 2863 1258 2935 dinoscitur,
1280 2864 1364 2925 vices
1394 2870 1519 2925 nostras

286 2971 342 3032 tibi
364 2970 591 3031 committimus
612 2989 668 3049 per
694 2974 866 3050 presentes,
890 2974 950 3030 etc.
993 2970 1111 3028 Datum
1133 2968 1217 3049 apud
1238 2968 1434 3030 Gloucestrie
1454 2969 1520 3028 xix‘

285 3078 335 3137 die
356 3076 526 3147 Februarii,
548 3096 631 3136 anno
652 3081 812 3155 utsupra.

286 3330 518 3392 Moderandum
539 3331 606 3390 ιιιοι
628 3330 654 3390 J
660 3329 732 3406 [obn
761 3330 799 3389 dc
828 3328 1059 3407 Aqrrobkmco],
1088 3328 1159 3389 then
1188 3328 1278 3389 Deua
1299 3330 1334 3409 of
1358 3329 1520 3409 Horesord,

408 3412 470 3472 hod
486 3411 566 3491 poid
588 3419 616 3471 ιο
642 3411 691 3472 tce
717 3411 835 3489 Bisbcp
859 3415 900 3469 20
926 3410 1080 3487 stillinps,
1113 3410 1200 3487 bcinp
1226 3410 1272 3470 St.
1294 3410 1407 3471 Potor's
1425 3432 1518 3490 panca

400 3494 485 3572 from
506 3492 554 3552 the
575 3492 716 3569 Deoncry
740 3493 775 3570 os
795 3490 947 3570 Hercsord
962 3491 1016 3570 for
1046 3490 1094 3551 tha
1125 3510 1199 3568 paor
1228 3490 1340 3569 endinp
1362 3492 1444 3571 Sept.
1466 3496 1516 3563 29,

406 3577 495 3634 1317.
540 3571 669 3632 Thomas
699 3571 736 3632 de
766 3572 876 3649 Boleye
902 3572 1052 3651 prodrwcs
1081 3579 1110 3632 ιο
1139 3571 1188 3632 the
1219 3572 1337 3651 Bisbop
1370 3572 1418 3633 bis
1449 3592 1518 3633 own

405 3654 517 3733 roceipt
535 3654 589 3733 sor
614 3652 663 3713 tho
686 3673 777 3713 sanic.

366 3827 418 3885 Da
438 3844 592 3886 ossanna
614 3825 1138 3886 sancrrPnra1.-Msmorandum
1159 3825 1242 3904 quod
1256 3844 1312 3904 per
1328 3824 1517 3896 Johannem,

284 3933 441 4012 quondam
471 3933 634 3992 Decanum
666 3932 940 4001 Herelordensem,
961 3930 1158 3992 satisfactum
1190 3936 1238 3991 est
1268 3931 1395 3991 domino
1414 3932 1453 3991 de
1478 3952 1517 3990 xx

284 4038 391 4100 solidis
412 4058 468 4117 pro
497 4038 633 4098 denariis
660 4037 762 4097 sancti
791 4037 877 4097 Petri
896 4037 1067 4096 decanatus
1098 4035 1338 4096 Herelordensis
1366 4035 1404 4097 de
1432 4056 1516 4097 anno

283 4162 346 4203 uno
368 4143 524 4221 completo
545 4143 578 4201 in
599 4142 681 4203 lesto
702 4142 803 4202 sancti
825 4141 999 4211 Michaelis,
1025 4160 1109 4201 anno
1133 4141 1262 4200 Domini
1292 4140 1514 4222 Mrooouvija

284 4245 377 4311 Unde
398 4249 546 4327 magister
569 4248 706 4309 Thomas
724 4248 762 4308 de
784 4247 902 4327 Boleye
923 4247 1062 4307 ostendit
1083 4246 1185 4307 cidem
1206 4246 1332 4307 domino
1354 4248 1514 4326 aquietan·

284 4355 364 4415 ciam
386 4353 487 4433 sigillo
508 4374 565 4415 suo
586 4354 751 4432 signatam.

284 4610 366 4671 Mor.
388 4610 521 4671 8—ch
541 4610 661 4689 Bistop
695 4610 731 4689 of
747 4608 898 4670 Herciord
924 4615 1062 4688 proscnts
1093 4616 1122 4669 ιο
1154 4608 1203 4669 tho
1223 4608 1341 4689 Bishop
1368 4610 1404 4689 os
1428 4609 1512 4670 Win-

404 4690 519 4752 cbostcr
545 4691 653 4769 chrp
674 4690 711 4751 do
741 4692 886 4761 Eastnor,
919 4697 948 4751 ιο
981 4690 1014 4750 bc
1044 4689 1209 4769 appointed
1241 4696 1270 4749 ιο
1298 4690 1347 4750 tta
1377 4690 1457 4767 office
1483 4692 1520 4770 os

404 4779 514 4851 aram
537 4772 655 4852 aare.

365 4944 528 5004 Osmoruu
550 4942 820 5002 unsaramma
852 4959 1043 5003 couoassun
1076 4940 1229 5000 Hnnmoo
1259 4958 1303 4999 nn
1329 4940 1514 5014 Eernsonn,

284 5046 649 5111 casarea-Venerabili
670 5049 703 5108 in
717 5047 844 5109 Christo
864 5046 955 5127 patri,
978 5046 1116 5107 Domino
1147 5045 1294 5117 Johanni,
1330 5046 1389 5107 Dei
1410 5049 1516 5126 gracia
