3850 5917
397 680 456 738 264
763 678 942 757 Registrcm
972 678 1037 739 Ado
1067 678 1104 739 dc
1135 678 1265 739 Orlctoc.

395 923 433 963 ex
458 903 572 982 quibus
606 904 724 983 liquere
744 904 861 983 poterit
889 901 1009 964 dictum
1038 902 1204 963 eleccionis
1232 903 1395 982 negocium
1424 922 1494 963 esse
1519 902 1631 963 suffici-

394 1013 485 1069 enter
514 1009 714 1080 instructum,
746 1008 779 1068 in
809 1009 945 1089 quadam
972 1008 1078 1087 pixide
1116 1012 1225 1069 nostro
1263 1008 1365 1088 sigillo
1394 1007 1518 1088 signata
1545 1008 1632 1071 vobis

395 1114 552 1174 mittimus
576 1113 772 1174 interclusas.
815 1113 858 1172 Et
882 1112 957 1192 quia
984 1112 1097 1173 merita
1116 1132 1250 1192 persone
1275 1112 1381 1184 electe,
1407 1112 1524 1193 inqua
1546 1114 1632 1174 Deus

396 1220 482 1280 varia
509 1221 591 1281 dona
613 1241 669 1282 sue
692 1220 795 1301 gracie
820 1220 1001 1291 cumulavit,
1030 1219 1121 1281 nobis
1145 1224 1230 1293 nota,
1259 1220 1313 1299 qui
1338 1221 1454 1281 teneris
1482 1220 1522 1281 ab
1543 1222 1634 1283 annis

397 1325 496 1405 ipsius
517 1328 790 1389 conversacionem
812 1327 952 1388 moribus
971 1332 1003 1387 et
1023 1326 1158 1387 sciencia
1174 1328 1320 1388 novimus
1335 1327 1506 1406 plurimum
1523 1348 1632 1407 appro-

397 1431 513 1502 batam,
556 1431 640 1491 fama
678 1431 808 1492 celebris
845 1432 1004 1492 lacessens
1043 1431 1223 1511 divulgavit,
1262 1432 1331 1511 ejus
1364 1432 1633 1493 examinacionem

398 1541 549 1616 tanquam
574 1556 800 1616 supervacuam
824 1537 1047 1616 relinquentes,
1070 1537 1155 1596 hunc
1179 1542 1323 1597 nostrum
1342 1557 1525 1617 processum
1545 1538 1634 1618 juxta

396 1642 493 1702 vestri
514 1642 655 1702 mandati
682 1641 874 1721 exigenciam
901 1647 1006 1703 vestre
1033 1640 1201 1703 reverende
1236 1642 1418 1720 paternitati
1446 1642 1505 1703 sub
1533 1643 1634 1723 sigillo

397 1752 506 1807 nostro
536 1747 732 1808 destinemus
760 1747 926 1807 inclusum.
983 1748 1101 1808 Datum
1133 1748 1216 1826 apud
1249 1747 1495 1827 Whyteboume,
1521 1751 1566 1828 vj⁰
1585 1749 1632 1809 Id.

399 1838 602 1932 Septembris,
623 1871 707 1912 anno
729 1850 859 1911 Domini
880 1851 1070 1929 supradicto.

401 2122 463 2183 Tha
490 2120 618 2201 Bishop,
646 2127 680 2180 al
705 2119 754 2179 ia
778 2118 917 2178 instance
940 2117 976 2196 os
999 2116 1127 2177 Thomas
1152 2117 1189 2179 dc
1215 2117 1459 2190 Ohoddewortho,
1485 2120 1632 2181 instricta

522 2202 571 2262 the
595 2202 685 2263 Daca
707 2201 743 2279 of
766 2198 904 2279 Burfcrd
929 2206 958 2258 to
979 2218 1153 2277 procouncc
1176 2206 1311 2259 scomiaco
1336 2201 1371 2280 os
1395 2202 1632 2262 excommunico-

522 2282 588 2343 tioc
617 2281 741 2360 apcirrst
771 2280 820 2341 the
850 2278 1064 2359 parisbioucrs
1095 2278 1130 2338 ic
1159 2278 1207 2339 the
1236 2280 1376 2357 Deonorg
1403 2281 1470 2341 who
1498 2282 1633 2361 iliopolly

521 2362 671 2424 withtold
694 2361 774 2422 their
799 2360 900 2421 titire.

480 2530 627 2589 Lirenas
648 2546 809 2589 concussa
831 2545 873 2587 sn
894 2544 1091 2587 mereseium
1120 2545 1237 2587 nemsi
1259 2529 1376 2590 Tironis
1407 2550 1450 2591 na
1483 2533 1633 2593 Oscoba-

398 2638 699 2709 weuram—Adam,
730 2641 799 2708 etc,
835 2636 949 2697 dilecto
974 2635 1047 2707 lilio,
1074 2637 1201 2697 Decano
1231 2638 1270 2699 de
1294 2639 1457 2713 Bureford,
1490 2642 1633 2715 salutem,

397 2751 457 2808 etc.
500 2745 590 2806 Licet
613 2745 735 2805 decime
761 2742 925 2822 prediales,
951 2762 1030 2821 quas
1059 2742 1118 2802 sibi
1146 2743 1303 2805 Dominus
1337 2750 1487 2825 tanquam
1518 2749 1635 2810 tributa

397 2852 561 2932 egencium
589 2852 765 2911 animarum
796 2850 830 2909 in
858 2849 984 2928 signum
1014 2848 1144 2909 dominii
1183 2850 1369 2912 universalis
1397 2854 1536 2927 retinuit,
1571 2856 1635 2917 sint

397 2977 435 3018 er
475 2956 581 3017 divino
627 2961 776 3035 precepto
820 2953 961 3016 ecclesiis
1006 2959 1038 3014 et
1077 2954 1298 3017 ecclesiasticis
1336 2958 1479 3037 personis
1517 2960 1634 3041 absque

396 3063 483 3124 omni
511 3082 606 3123 onere
633 3059 828 3139 integraliter
854 3059 1068 3138 persolvendo,
1097 3060 1241 3120 nonnulli
1261 3065 1367 3122 tamen
1395 3065 1576 3142 parochiani
1602 3068 1634 3125 in

397 3168 552 3228 decanatu
579 3166 618 3226 de
649 3163 804 3225 Bureford
835 3164 993 3242 degentes,
1016 3164 1113 3224 divini
1144 3165 1390 3244 prevaricatores
1424 3171 1563 3250 precepti
1602 3177 1634 3232 et

397 3272 522 3352 proprie
549 3270 662 3332 salutis
692 3270 903 3340 immemores,
931 3269 1084 3347 quasdam
1108 3269 1272 3349 porciones
1302 3271 1494 3334 decimarum
1526 3276 1633 3356 hujus-

397 3378 482 3439 modi
513 3374 756 3455 dampnabiliter
789 3374 942 3444 detinent,
984 3378 1017 3434 et
1054 3374 1259 3454 improbando
1301 3396 1356 3437 sue
1397 3382 1634 3443 consuetudinis

397 3482 477 3543 vicio
505 3481 656 3560 sacrilego
680 3480 853 3540 innitentes
877 3499 930 3539 eas
954 3480 1075 3539 solvere
1097 3480 1298 3558 pertinaciter
1323 3484 1551 3558 contradicunt,
1573 3489 1634 3549 nisi

397 3609 416 3648 a
437 3587 580 3667 personis
608 3585 830 3647 ecclesiasticis
857 3584 971 3663 quibus
1000 3583 1108 3645 eedem
1142 3584 1296 3646 debentur
1319 3588 1440 3650 decime
1467 3592 1634 3655 cirothecis

397 3695 446 3755 vel
468 3692 609 3773 prandiis
636 3691 745 3752 illicite
765 3690 969 3751 redimantur.
1013 3690 1092 3752 (lum
1114 3690 1209 3769 igitur
1231 3712 1287 3771 per
1307 3693 1488 3772 hujusmodi
1510 3700 1632 3759 temeri·

290 3792 294 3800 ’
398 3798 474 3860 tatis
518 3798 651 3859 abusum
689 3796 817 3857 libertas
856 3796 1069 3857 ecclesiastica
1110 3797 1252 3869 violetur,
1295 3800 1425 3862 ecclesie
1466 3802 1535 3882 jure
1577 3825 1634 3866 suo

397 3905 543 3984 nequiter
576 3902 808 3974 defraudentur,
848 3908 881 3963 et
920 3902 1064 3981 personis
1098 3903 1319 3966 ecclesiasticis
1358 3906 1495 3986 dampna
1528 3910 1634 3989 gravia

397 4014 581 4083 inferantur,
602 4019 639 4072 ut
659 4012 698 4072 de
719 4017 823 4072 cetero
844 4010 971 4090 penitus
989 4010 1137 4083 deleatur,
1161 4010 1218 4072 tibi
1240 4013 1467 4076 committimus
1489 4021 1521 4077 et
1546 4038 1632 4078 man-

398 4118 510 4179 damus
537 4118 571 4177 in
598 4117 715 4179 virtute
743 4116 920 4177 obedientie
950 4115 1082 4177 firmiter
1112 4116 1313 4197 injungentes
1347 4121 1496 4199 quatinus
1523 4142 1633 4185 omnes

398 4232 431 4287 et
459 4224 598 4304 singulos
625 4225 658 4283 in
685 4223 849 4303 premissis
876 4222 1056 4303 culpabiles,
1092 4243 1171 4303 quos
1199 4230 1323 4285 constat
1351 4226 1479 4305 majoris
1511 4248 1632 4290 excom-

399 4330 625 4392 municacionis
666 4329 862 4390 sentenciam
903 4328 973 4408 ipso
1000 4328 1084 4389 facto
1111 4329 1353 4408 dampnabiliter
1377 4330 1554 4405 incurrisse,
1582 4356 1631 4397 ex-

399 4437 648 4499 communicatos
669 4455 739 4496 esse
761 4434 795 4493 in
815 4434 955 4495 ecclesiis
977 4434 1147 4495 decanatus
1167 4434 1299 4514 predicti
1324 4434 1433 4497 diebus
1458 4437 1633 4502 Dominicis

399 4550 431 4605 et
452 4542 574 4604 festivis
599 4541 682 4600 intra
710 4539 879 4601 missarum
907 4538 1082 4619 solempnia
1109 4539 1233 4618 publice
1264 4544 1296 4601 et
1324 4539 1537 4620 solempniter,
1565 4546 1632 4623 pul·

399 4650 477 4711 satis
500 4646 670 4727 campanis,
695 4644 835 4706 candelis
866 4646 1007 4705 accensis
1031 4649 1064 4707 et
1084 4645 1240 4715 extinctis,
1263 4645 1295 4703 in
1314 4664 1428 4725 genere
1448 4649 1580 4711 nuncies
1601 4656 1634 4713 et

398 4776 456 4835 per
475 4753 553 4815 alios
575 4752 672 4813 facias
700 4750 852 4821 nunciati,
881 4770 900 4809 a
920 4750 1165 4811 denunciaeione
1186 4750 1366 4829 hujusmodi
1387 4771 1451 4813 non
1473 4758 1633 4829 cessando,

400 4864 499 4923 donec
527 4858 745 4921 malefactores
765 4857 898 4937 predicti
918 4856 993 4918 lesis
1014 4856 1154 4918 ecclesiis
1183 4862 1398 4935 competenter
1425 4858 1635 4924 satisfecerint

400 4974 433 5030 et
464 4965 673 5029 absolucionis
704 4963 891 5026 beneficium
922 4962 1077 5023 informa
1104 4962 1183 5041 juris
1211 4962 1381 5024 meruerint
1407 4965 1559 5045 optinere,
1587 4970 1632 5029 in-

401 5074 529 5153 quirens
563 5071 603 5133 de
637 5069 817 5131 nominibus
838 5069 988 5148 ipsorum,
1025 5073 1057 5129 et
1091 5087 1163 5128 cum
1202 5068 1241 5129 de
1274 5068 1320 5130 eis
1354 5069 1412 5131 tibi
1446 5074 1633 5148 constiterit,
