3850 5917
680 689 832 770 Episcopi
859 691 1102 771 Herofordcneis.
1468 695 1509 755 31

121 915 234 956 ’Μ’-1117·
275 910 338 972 Oct.
361 912 497 973 3.-Tie
517 911 636 994 Bisbop
660 913 803 993 oppoioio
825 914 968 976 Ricbord
988 915 1025 976 dc
1049 916 1168 977 Vernos
1189 923 1218 977 to
1245 917 1280 978 bc
1304 916 1353 978 tis
1377 917 1507 995 Officiol.

352 1041 535 1105 Oouurssso
549 1061 803 1107 orrscramrsrrs
818 1063 917 1107 riori
940 1065 1105 1108 naursrno
1120 1048 1267 1110 chsnoo
1289 1067 1333 1109 nu
1354 1049 1508 1111 Vesuuii.

271 1147 424 1220 -Adsm‚
446 1153 516 1220 etc,
547 1149 683 1212 discreto
712 1150 788 1224 viro,
819 1156 888 1224 eto,
924 1153 1075 1232 magistro
1106 1153 1240 1216 Ricardo
1274 1155 1314 1215 de
1347 1155 1508 1228 Vernoun,

272 1253 417 1326 salutem,
460 1259 520 1316 etc.
590 1255 638 1315 Ad
685 1257 945 1336 cognoscendum,
988 1258 1180 1320 audiendum
1225 1264 1257 1321 et
1298 1259 1362 1321 fine
1401 1261 1508 1323 debito

272 1359 508 1420 terminandum
544 1379 655 1422 ceusas
700 1381 756 1422 seu
796 1363 926 1442 negocia
968 1384 1029 1444 que
1071 1369 1213 1426 nostram
1251 1365 1507 1446 jurisdiccionem

272 1463 539 1526 Hersiordensem
574 1466 769 1546 spiritualem
791 1467 989 1548 contingunt,
1025 1490 1149 1530 necnon
1193 1471 1232 1532 ed
1274 1471 1507 1551 inquirendum,

272 1570 491 1650 corrigendum
512 1576 544 1632 et
575 1573 770 1652 puniendum
798 1573 996 1635 subditorum
1024 1580 1204 1637 nostrorum
1231 1597 1387 1649 excessus,
1409 1583 1442 1639 et
1474 1579 1506 1638 in

272 1677 376 1737 musis
397 1675 647 1756 appellacionum
668 1683 700 1739 st
722 1679 917 1758 querelarum
938 1700 1026 1741 more
1045 1681 1138 1742 solito
1162 1681 1396 1743 rescribendum
1417 1683 1508 1745 vobis

272 1783 356 1843 vices
377 1788 504 1844 nostres
525 1801 597 1844 cum
624 1784 825 1846 coercicionis
848 1786 998 1847 canonice
1019 1792 1178 1866 potestate
1199 1789 1428 1851 committimus
1450 1810 1509 1870 per

272 1893 445 1966 presentes.
487 1887 527 1948 In
555 1895 689 1968 quorum
723 1890 864 1950 omnium
885 1890 1113 1965 testimonium,
1145 1898 1205 1954 etc.
1261 1895 1380 1954 Datum
1405 1895 1507 1958 Here-

271 1992 379 2064 fordie,
408 1993 443 2074 iij
465 1993 515 2055 die
536 1993 691 2066 Octobris,
720 2015 804 2056 enno
831 1996 961 2057 Domini
983 1997 1247 2079 MMOOOfflxvijt

274 2239 337 2301 Oct.
358 2238 656 2381 d-Disnpeosatioo
679 2239 828 2332 iouHuph
849 2241 886 2301 de
908 2242 1042 2314 Bomos,
1065 2243 1178 2335 Dcctor
1200 2245 1236 2336 os
1250 2245 1349 2306 Acten
1361 2246 1505 2325 Inphom,

391 2320 460 2381 thot
535 2339 607 2399 moy
628 2340 748 2382 remen
766 2321 893 2382 oooibor
912 2341 988 2400 poor
1007 2330 1041 2384 at
1063 2324 1111 2385 boe
1132 2325 1259 2387 studies.

351 2479 574 2539 Drsruusaom
608 2495 669 2538 rso
703 2478 859 2538 Rnororu
893 2496 1053 2540 uoounsnr
1087 2498 1131 2540 nn
1161 2481 1292 2543 Assone
1327 2483 1510 2544 iucem.-

272 2583 382 2654 Adem,
411 2589 481 2654 etc..
512 2582 636 2655 dilecto,
665 2587 734 2656 ete,
760 2583 889 2663 Hugoni
918 2585 957 2645 de
987 2585 1128 2658 Barswe,
1158 2587 1285 2648 Rectori
1306 2588 1437 2650 ecclesie
1466 2589 1506 2650 de

272 2689 390 2751 Astone
413 2688 546 2768 Ingnyn,
567 2695 675 2750 nostre
695 2689 829 2749 diocesis
850 2689 1051 2762 subdiacono,
1076 2691 1221 2765 salutem,
1245 2698 1305 2754 eto.
1348 2693 1429 2754 (ium
1449 2715 1508 2774 per

271 2796 394 2858 littores
414 2793 600 2856 venerabilis
617 2795 716 2874 patris
732 2795 766 2855 in
781 2795 907 2857 Christo
928 2797 1049 2857 domini
1065 2797 1201 2871 Ricardi,
1221 2818 1323 2878 nuper
1336 2799 1507 2862 Hereiord-

271 2901 355 2963 ensis
381 2899 541 2980 Episcopi,
566 2899 794 2979 predecessoris
815 2901 924 2973 nostri,
946 2901 1048 2981 sigillo
1075 2902 1176 2982 ipsius
1206 2903 1347 2983 signatas
1367 2904 1508 2985 legitime

271 3007 361 3069 nobis
382 3011 508 3068 constet
529 3006 612 3086 quod
633 3007 716 3067 idem
737 3006 923 3068 venerabilis
943 3013 1035 3086 pater
1065 3013 1171 3069 tecum
1202 3009 1439 3090 dispensaverit,
1469 3018 1506 3073 ut

271 3114 302 3174 iu
324 3112 489 3175 ordinibus
513 3112 670 3192 susceptis
690 3133 746 3193 per
767 3113 937 3174 triennium
958 3134 978 3174 a
999 3118 1142 3194 tempere
1162 3115 1220 3176 tibi
1242 3117 1404 3180 commissi
1425 3119 1506 3198 regi-

271 3220 364 3282 minis
381 3219 525 3299 proximo
539 3220 768 3281 numerandum
782 3220 867 3281 licite
887 3241 999 3282 vacere
1011 3239 1122 3300 posses
1136 3221 1310 3284 scolasticis
1330 3224 1507 3305 disciplinis

270 3327 445 3388 secundum
466 3325 728 3387 constitucionem
748 3325 903 3386 Boniiacii
924 3326 1042 3387 editam
1062 3327 1096 3386 in
1119 3327 1180 3388 hac
1202 3333 1302 3408 parts,
1323 3348 1382 3390 nos
1399 3335 1506 3393 autem
1548 3382 1550 3385 .

270 3437 323 3494 tue
364 3429 533 3511 probitetis
574 3432 687 3492 merita
721 3431 921 3493 attendentes
969 3437 1003 3493 et
1043 3437 1098 3493 tue
1132 3433 1312 3496 devocionis
1359 3436 1506 3515 precibus

270 3537 424 3608 inclinati,
437 3541 474 3597 ut
494 3535 528 3596 in
548 3537 668 3599 eisdem
688 3536 849 3598 ordinibus
863 3557 919 3617 per
939 3557 1039 3599 unum
1059 3559 1179 3599 sunum
1193 3539 1313 3600 dietum
1333 3541 1506 3602 triennium

269 3644 412 3726 proxime
433 3643 678 3723 subsequentem
709 3663 819 3704 vacere
850 3644 953 3723 possis
983 3644 1157 3706 scolasticis
1188 3645 1362 3726 disciplinis
1396 3651 1504 3708 tecum

268 3751 358 3829 juxte
399 3748 662 3809 constitucionem
695 3749 870 3829 predictam
904 3754 1014 3811 tenore
1040 3750 1239 3830 presencium
1273 3752 1505 3833 dispensemus,

270 3857 397 3938 proviso
425 3861 542 3927 tamen,
570 3860 629 3917 etc.
671 3855 712 3915 In
740 3856 830 3936 cujus
856 3856 911 3928 rei,
932 3861 993 3917 etc.
1045 3858 1165 3918 Datum
1187 3859 1271 3938 apud
1297 3859 1436 3939 Sugwas,
1458 3861 1504 3942 iiij

270 3963 320 4025 die
340 3961 462 4024 mensis
483 3960 638 4034 Octobris,
661 3981 744 4021 anno
765 3961 894 4022 Domini
915 3962 1179 4043 Mmocomxvijo,

272 4209 354 4290 Sept.
376 4208 538 4270 3.—Pster
557 4208 594 4268 dc
617 4206 759 4279 Toicric's,
781 4207 908 4269 Prootor
922 4215 951 4268 to
973 4208 1023 4269 ihc
1042 4208 1241 4270 Arcbdcucon
1252 4211 1288 4290 os
1300 4210 1503 4290 Oanicrbory,

391 4309 552 4368 conposuere
574 4287 623 4350 the
643 4288 840 4350 Arcbdcooon
858 4289 893 4369 os
911 4288 1064 4369 Horesord
1085 4297 1115 4351 io
1134 4290 1279 4351 cothrooe
1300 4291 1350 4353 the
1373 4292 1504 4373 Biehop.

394 4370 459 4432 rie
478 4368 660 4449 coitioniop
680 4389 743 4430 wos
764 4369 840 4448 dely
857 4369 1031 4450 performed
1051 4390 1091 4430 on
1111 4370 1252 4449 cornay,
1276 4371 1341 4433 Oct.
1362 4376 1392 4433 2.

352 4529 589 4589 Irrnosrzsrro
626 4526 837 4590 nonius-Iu
859 4527 988 4588 nomine
1016 4527 1145 4588 Domini
1173 4525 1283 4590 Amen.
1339 4529 1432 4591 Anno
1466 4531 1507 4592 ab

273 4635 494 4698 Incarnatione
549 4635 678 4696 Domini
721 4633 984 4713 Mm0000ffi⁰xvij⁰‚
1027 4634 1211 4695 indiccione¹
1262 4634 1506 4714 quintodecimo,

273 4741 390 4804 mensis
408 4740 602 4820 Septembris
628 4741 678 4801 die
704 4740 759 4819 iij0.
802 4740 923 4801 Notum
942 4740 985 4800 sit
1013 4739 1160 4800 omnibus
1188 4759 1319 4819 presens
1345 4740 1508 4820 publicum

270 4848 519 4909 instrumentum
547 4845 661 4908 visuris
689 4845 739 4907 vel
760 4845 913 4906 audituris
945 4845 1030 4925 quod
1060 4845 1094 4904 in
1114 4845 1278 4925 presencie
1299 4844 1362 4907 mei
1390 4848 1506 4907 notarii

271 4951 464 5032 infrascripti
492 4956 524 5012 et
545 4951 676 5013 testium
706 4951 954 5030 subscriptorum
982 4949 1030 5012 vir
1064 4949 1250 5012 venerabilis
1278 4955 1312 5012 et
1341 4949 1507 5026 discretus,

332 5087 418 5129 i-'i'bc
431 5085 548 5128 indiction
561 5085 582 5127 is
592 5097 606 5128 n
618 5087 683 5134 cycie
695 5085 720 5128 oi
735 5088 758 5127 11
766 5098 844 5134 were,
858 5086 971 5133 seuerior
983 5085 1046 5128 irem
1059 5087 1102 5128 the
1114 5097 1173 5134 vens
1183 5087 1230 5127 tit.
1255 5087 1321 5128 Thus
1329 5087 1372 5128 tiss
1388 5099 1446 5134 vus·
1459 5089 1511 5130 isit

269 5139 290 5182 is
303 5139 344 5181 tire
359 5139 418 5184 iste.
432 5148 460 5179 or
476 5137 526 5178 last
542 5148 600 5184 year
612 5136 637 5178 oi
650 5138 691 5178 tire
704 5138 757 5178 67111
772 5136 895 5178 indiction.
