3850 5917
397 678 437 740 66
771 678 950 758 Recistrsem
976 678 1043 740 Ade
1068 677 1106 739 de
1135 677 1259 740 Orletcn

224 908 282 949 M)-
297 908 352 948 ¹³¹⁸·
395 903 511 964 diocesi
532 902 757 964 Hersiordonsi
777 901 862 964 vices
891 923 965 964 suas
985 903 1020 962 in
1048 903 1109 963 hac
1139 907 1229 982 parte
1249 901 1447 981 exequendas
1468 901 1628 963 commisit

395 1009 545 1088 magistro
574 1008 640 1069 Ade
665 1008 828 1081 Carbonel,
850 1007 1002 1071 canonico
1030 1007 1264 1078 Hereiordensi,
1294 1008 1327 1067 in
1356 1006 1458 1068 iorma
1485 1007 1630 1086 superius

395 1119 557 1175 annotata.

395 1367 506 1429 March
530 1367 855 1430 25.-Memorcredum
879 1367 947 1428 ilici
971 1389 992 1430 c
1014 1366 1209 1429 cormaissecre
1231 1388 1295 1428 was
1319 1368 1408 1446 picen
1433 1375 1462 1429 to
1490 1367 1633 1428 Richcrd

516 1450 553 1509 de
578 1447 744 1510 scaniae
769 1456 798 1510 ic
822 1447 891 1510 take
910 1449 1021 1527 cheres
1040 1451 1076 1528 os
1097 1448 1147 1510 the
1166 1448 1400 1528 Arctdecconry
1420 1448 1456 1528 os
1477 1448 1629 1526 Heresord

516 1529 708 1672 &emim
734 1549 869 1608 occcncy
896 1530 1008 1591 cosmed
1036 1530 1074 1609 by
1103 1529 1152 1591 the
1178 1530 1370 1609 restoration
1395 1529 1432 1609 os
1459 1528 1567 1607 ΗΜ
1594 1530 1633 1590 dc

477 1765 658 1827 Oouurssm
677 1783 778 1826 sacra
795 1783 956 1826 uriersrno
975 1765 1124 1826 chrano
1143 1783 1187 1826 na
1205 1766 1397 1827 Sinuessae
1416 1783 1461 1825 nn
1480 1783 1630 1825 soniare-

394 1889 555 1932 rascioun
584 1889 817 1932 sararrusnruu
845 1888 1148 1934 sacernrsoomrus
1178 1870 1631 1932 Huaaroanarsrs.—Memo-

394 1979 528 2038 randum
562 1978 645 2058 qnod
680 1987 752 2038 xxv⁰
783 1978 833 2038 die
868 1977 987 2038 mensis
1022 1977 1143 2049 Marcii,
1181 1997 1265 2038 anno
1299 1977 1428 2038 Domini
1461 1977 1628 2039 millesimo

394 2083 572 2164 coc0xviij⁰
605 2084 775 2163 incipiente
809 2085 893 2164 apud
928 2083 1071 2163 Kilpeke‚
1102 2083 1261 2146 commisit
1295 2083 1442 2145 dominus
1477 2084 1629 2163 magistro

395 2189 530 2251 Ricardo
550 2191 588 2250 dc
611 2189 778 2252 Sidenhnle
799 2189 1108 2250 administracionem
1127 2188 1338 2269 spiritualium
1358 2189 1632 2250 archidiaconatus

396 2294 636 2356 Hersiordonsis
678 2296 819 2356 vacantis
856 2315 912 2374 per
949 2295 1197 2375 resignacionem
1242 2295 1384 2374 magistri
1419 2294 1550 2355 Henrici
1590 2294 1630 2354 de

396 2399 536 2462 Schome
552 2402 584 2460 in
602 2401 703 2462 forma
719 2420 782 2481 qua
798 2401 826 2462 ei
844 2401 1003 2462 commisit
1019 2401 1329 2462 amministracionem
1349 2400 1515 2480 Salopsire,
1534 2407 1630 2480 prout

396 2506 540 2585 superius
561 2507 750 2568 continetur.

395 2759 507 2820 March
533 2759 858 2820 26.-Memorcndem
885 2759 953 2819 that
982 2759 1031 2819 the
1057 2759 1167 2837 cherpe
1194 2760 1230 2838 of
1258 2759 1307 2820 the
1338 2760 1571 2838 Arctdeccenry
1598 2762 1634 2839 of

518 2841 668 2982 Heresford
699 2861 761 2901 wce
792 2840 882 2918 picen
909 2847 938 2901 to
966 2839 1108 2900 Rechcrd
1134 2841 1171 2900 dc
1200 2841 1367 2902 semaco
1394 2841 1457 2901 cred
1488 2841 1630 2901 Williom

519 2921 556 2981 de
610 2928 721 2982 tretton
742 2920 868 3000 joictly.

477 3076 718 3137 Memorandum
748 3077 832 3157 quod
866 3077 951 3155 xxvj⁰
985 3076 1035 3137 die
1066 3077 1185 3138 mensis
1220 3076 1342 3148 Marcii,
1377 3097 1461 3138 anno
1499 3077 1629 3137 Domini

396 3182 630 3262 Mecocexviija
652 3183 735 3262 apud
757 3183 887 3264 Sugwas
908 3183 1067 3244 commisit
1089 3183 1236 3244 dominus
1260 3183 1410 3263 magistro
1432 3182 1568 3245 Ricardo
1589 3185 1629 3245 de

397 3289 564 3350 Sidenhale
595 3293 627 3350 et
655 3289 814 3350 Willelmo
845 3289 884 3350 de
916 3289 1086 3361 Strettoue,
1117 3289 1245 3350 Rectori
1276 3290 1407 3352 ecclesie
1438 3289 1477 3352 de
1508 3289 1629 3360 Rethir,

395 3393 636 3456 Hersiordonsis
655 3393 797 3466 diocesia
818 3393 1074 3474 spiritualitatem
1093 3395 1365 3457 archidiaconatus
1385 3395 1627 3457 Hersiordonsis

397 3499 430 3560 in
458 3499 558 3561 forms
583 3499 795 3579 suprascripta
823 3498 1017 3578 conjunctim
1041 3505 1075 3561 et
1102 3501 1237 3563 divisim.

396 3768 508 3830 March
531 3773 580 3830 27
585 3769 686 3830 -The
710 3768 837 3849 Bielrep,
862 3769 953 3848 qoinp
978 3777 1008 3831 to
1031 3771 1227 3842 Aliensmore,
1251 3779 1285 3832 at
1310 3772 1359 3832 the
1384 3779 1501 3850 requeet
1525 3773 1560 3852 os
1582 3772 1631 3832 the

514 3849 736 3929 perictionem,
761 3857 790 3911 to
811 3857 981 3911 consecrate
1004 3871 1025 3911 c
1046 3859 1199 3930 comtery,
1222 3851 1349 3913 receives
1373 3873 1394 3912 c
1412 3860 1529 3933 protest
1544 3854 1631 3931 from

518 3939 575 3992 two
598 3931 718 3992 eamve
742 3931 809 3992 thet
834 3930 896 3992 itis
921 3931 1023 3992 would
1047 3932 1081 3992 bc
1104 3952 1147 3993 cn
1170 3932 1290 4011 icfrinc
1290 3939 1388 3994 merit
1407 3934 1443 4013 of
1461 3933 1510 3995 the
1529 3934 1629 4012 rictu

518 4013 553 4090 os
584 4011 633 4072 ilie
662 4011 830 4074 Ociliedrcl
859 4011 991 4073 Ohcrch.
1056 4011 1118 4073 The
1141 4013 1353 4092 peristroma
1380 4015 1563 4172 ecstasim]
1580 4015 1630 4074 the

515 4099 631 4172 protest
653 4099 682 4154 to
707 4091 741 4152 te
763 4093 832 4152 well
849 4091 997 4170 s‚oreoded
1023 4091 1073 4153 ilie
1096 4093 1194 4154 Bisho
1240 4093 1371 4158 inhibita
1395 4115 1457 4174 any
1482 4115 1519 4155 m
1514 4095 1630 4173 fricco·

519 4181 599 4234 owni
626 4174 661 4254 os
686 4173 734 4234 the
761 4173 911 4234 admitted
931 4173 1097 4253 pricileces
1119 4174 1155 4254 os
1179 4115 1228 4235 tie
1257 4174 1425 4236 Octtedrel
1453 4176 1586 4237 Oturch

263 4379 278 4410 0
350 4396 355 4408 ,
480 4341 625 4400 erruaa
646 4357 764 4400 noumr
785 4357 828 4399 un
845 4356 1065 4402 consuessem
1087 4359 1251 4402 crmraau
1271 4360 1315 4403 na
1337 4343 1436 4404 Mosa
1456 4345 1562 4404 Anam
1582 4363 1634 4406 err

396 4463 640 4507 eaucunrcraurs
661 4463 818 4506 accusem
852 4445 1331 4510 fiscamnenses—Ummium
1351 4455 1459 4528 pateat
1482 4469 1540 4530 per
1559 4471 1628 4530 pre-

396 4558 502 4614 sentes
537 4549 621 4632 qnod
654 4551 749 4630 xxrij⁰
787 4551 838 4613 die
871 4552 991 4614 mensis
1026 4553 1147 4626 Marcii,
1182 4575 1266 4616 anno
1297 4555 1427 4616 Domini
1461 4555 1629 4618 millesimo

395 4657 572 4737 cccxvii?
599 4677 704 4718 coram
732 4657 832 4730 nobie,
863 4658 939 4730 Ada,
969 4664 1039 4730 etc,
1070 4659 1105 4719 in
1128 4661 1283 4722 cimiterio
1311 4660 1442 4724 ecclesie
1470 4663 1510 4723 de
1539 4663 1631 4724 Mora

396 4765 496 4838 Alani,
531 4768 638 4825 nostre
676 4763 818 4835 diocesis,
853 4764 893 4824 ad
928 4763 1136 4826 dedicandum
1177 4765 1298 4827 dictum
1338 4767 1529 4828 cimiterium
1569 4789 1627 4848 per

394 4871 601 4952 parochianos
622 4869 763 4949 ejusdem
788 4869 950 4932 humiliter
968 4870 1128 4950 requisito,
1150 4878 1394 4951 comparuerunt
1413 4872 1542 4934 discreti
1558 4874 1627 4944 viri,

395 4975 544 5056 magister
564 4973 664 5034 Adam
689 4973 851 5044 Carbonel,
873 4979 906 5036 et
927 4974 1075 5037 dominus
1094 4975 1233 5038 Jacobus
1253 4976 1293 5038 de
1317 4976 1452 5056 Henley,
1481 4979 1625 5040 canonici

394 5088 501 5144 nostre
522 5081 651 5143 ecclesie
673 5079 869 5142 Gathedralis
900 5079 1152 5151 Hersiordonsis,
1173 5081 1301 5143 nomine
1321 5087 1354 5142 et
1385 5082 1453 5143 viee
1483 5083 1626 5163 ejusdem
