3850 5917
398 653 456 747 ica
770 687 950 766 sustam
978 688 1042 748 ra
1068 687 1105 748 a
1135 687 1258 748 oreas

224 920 353 961 A-D·18¹⁶·
395 917 604 972 memoratum
642 913 760 972 dictam
798 913 1090 991 appropriacionem
1126 917 1158 972 et
1191 911 1298 972 omnia
1335 911 1396 972 alia
1437 916 1468 971 et
1510 911 1635 989 singula

395 1017 575 1096 supradicta
605 1021 707 1076 ratam
748 1017 902 1078 habentes
936 1022 969 1078 et
1011 1022 1173 1096 acceptam
1207 1037 1245 1076 ea
1279 1021 1434 1096 quantum
1470 1016 1503 1074 in
1541 1015 1634 1076 nobis

395 1129 443 1184 est
472 1123 694 1184 confirmamus
725 1143 782 1202 per
811 1128 975 1202 presentes
1003 1123 1105 1202 sigillo
1130 1128 1239 1184 nostro
1270 1121 1430 1183 communi
1460 1121 1633 1181 roboratas.

395 1229 514 1288 Datum
536 1228 569 1287 in
591 1228 737 1307 capitulo
761 1234 879 1300 nostro,
901 1228 947 1288 iii⁰
964 1229 1046 1290 Non.
1071 1227 1169 1300 Junii,
1191 1248 1274 1288 anno
1296 1227 1425 1288 Domini
1440 1227 1631 1306 supradicto.

397 1499 460 1560 Oct.
485 1500 641 1559 22—le
671 1500 805 1578 Chapter
828 1500 863 1579 of
887 1499 1039 1579 Hereford
1063 1499 1191 1578 appoirrt
1220 1499 1369 1560 Nr'clrolos
1397 1498 1434 1558 dc
1461 1497 1539 1568 Ara,
1565 1499 1631 1558 arrd

516 1580 617 1640 Adam
640 1580 677 1640 de
704 1580 868 1658 Aylirrtorrc
893 1588 922 1641 to
947 1581 981 1640 be
1007 1579 1087 1640 their
1113 1580 1255 1641 Proctcrs
1277 1580 1332 1658 sor
1357 1579 1463 1657 taking
1487 1599 1557 1638 over
1583 1580 1633 1638 tlrc

518 1661 641 1721 Choreb
669 1663 704 1740 os
733 1661 896 1739 Sbinficld.

476 1803 758 1877 Puocuscroruuu
799 1817 957 1877 Osrrrum
999 1817 1278 1877 Hanaronuausm
1319 1835 1362 1875 so
1405 1833 1633 1876 rccrrmuouu

393 1941 634 1983 rossussmuau
670 1941 828 1982 sconasur
870 1941 914 1980 ns
959 1921 1397 1982 &naumurum—Tenere
1431 1921 1631 1999 presencium

393 2034 500 2109 pateat
521 2029 676 2090 universis
697 2029 780 2108 quod
800 2049 868 2100 nos,
891 2029 1072 2108 Capitulum
1093 2029 1224 2088 ecclesie
1243 2026 1440 2088 Oathedralis
1461 2027 1632 2087 Hereford-

393 2136 488 2206 ensis,
510 2135 643 2195 iacimus
671 2141 703 2194 et
728 2134 950 2194 constituimus
972 2133 1103 2194 dilectos
1134 2133 1225 2194 nobis
1247 2133 1279 2191 in
1309 2132 1445 2203 Christo,
1467 2131 1632 2192 dominum

395 2240 584 2301 Nicholaum
609 2241 647 2301 de
669 2241 744 2312 Aka,
777 2245 810 2300 et
840 2240 1002 2299 dominum
1034 2239 1134 2298 Adam
1163 2239 1202 2299 de
1234 2238 1431 2318 Aylinetone,
1463 2237 1632 2298 Rectorem

394 2346 525 2407 ecclesie
554 2346 593 2422 de
625 2345 833 2415 Mordelorde,
856 2344 1098 2405 Herefordensis
1130 2344 1273 2414 diocesis,
1302 2343 1480 2422 capellanos
1502 2362 1630 2402 venera·

394 2450 466 2511 bilis
492 2451 524 2510 in
563 2451 689 2511 Christo
723 2451 830 2530 patris,
873 2449 993 2510 domini
1031 2448 1106 2520 Ade,
1149 2449 1209 2509 Dei
1245 2450 1349 2528 gracia
1387 2449 1632 2510 Herefordensis

393 2557 553 2636 Episcopi,
579 2561 796 2636 procuratores
839 2561 965 2617 nostros
993 2576 1083 2616 veros
1118 2561 1150 2616 ot
1177 2555 1335 2634 legitimos
1367 2555 1563 2634 conjunctim
1598 2559 1632 2616 et

393 2664 519 2724 divisim
554 2668 587 2724 et
621 2663 792 2743 quemlibet
813 2682 921 2723 eorum
952 2661 1132 2733 insolidum,
1161 2661 1206 2721 ito
1240 2661 1324 2740 quod
1348 2681 1412 2721 non
1448 2660 1489 2720 sit
1520 2661 1633 2721 melior

393 2769 535 2830 condicio
557 2768 750 2847 occupantis,
772 2767 812 2828 ad
840 2767 1093 2847 prosequendum
1123 2786 1228 2826 coram
1252 2765 1422 2826 venerabili
1447 2766 1479 2824 in
1501 2765 1630 2826 Christo

392 2879 491 2953 patre,
520 2873 648 2932 domino
671 2872 730 2932 Dei
761 2871 865 2950 gracie
893 2869 1118 2932 sarisburiensi
1138 2870 1306 2950 Episcopo
1326 2889 1383 2930 seu
1402 2869 1471 2930 aliis
1498 2869 1626 2949 quibus-

393 2998 516 3058 cunque
540 2977 697 3057 judicibus
719 2976 971 3056 competentibus
995 2977 1028 3035 in
1056 2977 1116 3036 hae
1140 2984 1238 3056 parte,
1260 2975 1425 3055 negocium
1451 2975 1630 3054 appropria·

394 3084 494 3145 cionis
536 3083 666 3144 ecclesie
706 3082 895 3162 parochialis
933 3083 972 3143 de
1015 3081 1265 3162 Schenyngieldc
1308 3101 1380 3141 oum
1425 3080 1545 3159 capella
1594 3081 1634 3142 de

394 3189 578 3250 Swalelelde
599 3189 700 3250 eidem
726 3209 848 3249 annexa
868 3188 934 3249 sive
959 3189 999 3248 ab
1023 3189 1132 3248 eadem
1153 3187 1359 3267 dependente,
1390 3187 1632 3248 Sarisburiensis

394 3297 536 3366 diocesis,
559 3296 592 3354 in
611 3315 673 3374 qua
692 3295 744 3374 jus
765 3294 943 3355 obtinemus
965 3298 1160 3373 patronatus,
1182 3293 1346 3372 ipsamque
1366 3292 1532 3353 ecclesiam
1557 3312 1631 3353 cum

394 3400 513 3480 capella
543 3399 576 3459 in
600 3400 743 3479 proprios
771 3418 849 3459 usus
879 3403 1004 3459 nostros
1039 3397 1167 3458 nomine
1194 3401 1304 3458 nostro
1336 3397 1574 3469 admittendam,
1599 3400 1632 3456 et

393 3505 587 3585 corporalem
608 3505 839 3584 possessionem
861 3505 1032 3565 earundem
1053 3523 1125 3564 cum
1145 3503 1267 3582 juribus
1288 3503 1354 3564 suis
1375 3507 1408 3562 et
1428 3503 1632 3582 pertinenciis

393 3612 654 3674 nansciscendam
676 3617 708 3672 et
728 3612 935 3682 retinendam,
950 3611 1040 3690 juxte
1058 3611 1132 3682 vim,
1147 3610 1289 3682 formam,
1307 3614 1339 3670 et
1356 3609 1505 3670 effectum
1526 3610 1630 3688 gracie

394 3725 427 3780 et
461 3719 649 3799 provisionis
683 3738 740 3797 per
772 3718 884 3779 Sedem
913 3716 1127 3796 Apostolicam
1158 3715 1248 3776 nobis
1287 3721 1319 3776 et
1353 3715 1484 3776 ecclesie
1525 3720 1634 3776 nostre

396 3824 620 3885 Herefordensi
642 3824 675 3882 in
703 3824 763 3884 hac
787 3829 876 3902 parte
901 3822 1064 3894 factarum,
1090 3839 1214 3882 necnon
1238 3821 1345 3883 omnia
1366 3821 1427 3881 alia
1451 3827 1484 3881 et
1508 3819 1633 3899 singula

395 3929 538 3989 facienda
576 3934 608 3988 et
644 3928 817 3988 exercenda
855 3947 916 4007 que
952 3928 986 3986 in
1018 3927 1180 4006 premissis
1215 3931 1248 3987 et
1279 3927 1361 3986 circa
1398 3925 1553 4005 premissa
1592 3926 1632 3986 de

393 4036 462 4115 jure
483 4035 600 4095 fuerint
621 4040 785 4114 oportuna,
818 4035 917 4095 eciam
946 4033 974 4095 si
997 4034 1182 4094 mandatum
1209 4032 1335 4112 exigant
1356 4031 1500 4111 speciale,
1525 4037 1631 4092 ratum

394 4142 532 4202 habituri
570 4147 602 4201 et
633 4147 759 4220 gratum
787 4140 935 4220 quicquid
964 4141 1057 4200 iidem
1090 4143 1308 4219 procuratores
1340 4137 1440 4198 nostri
1469 4157 1525 4198 seu
1552 4137 1634 4198 alter

394 4248 567 4308 eorundem
590 4248 623 4306 in
641 4247 804 4327 premissis
826 4252 858 4308 et
881 4247 1034 4327 premissa
1064 4245 1319 4326 contingentibus
1340 4244 1486 4306 duxerint
1515 4245 1631 4306 iacien-

395 4353 480 4413 dum.
533 4353 574 4412 In
595 4355 686 4433 cujus
706 4355 761 4426 rei,
783 4359 842 4415 etc.
895 4354 1015 4414 Datum
1036 4353 1069 4412 in
1095 4351 1240 4432 Capitale
1261 4357 1371 4412 nostro
1396 4351 1632 4424 Herefordensi,

395 4461 440 4538 xj⁰
467 4459 538 4520 Kal.
561 4460 759 4533 Novembris,
781 4480 864 4520 anno
894 4458 1023 4520 Domini
1049 4457 1251 4520 Maccus.

396 4733 447 4792 An
466 4733 648 4794 altewratice
662 4734 748 4812 form
760 4732 815 4812 sor
829 4731 878 4792 the
899 4730 1136 4811 appropriatiorr
1151 4731 1187 4811 os
1204 4729 1253 4792 the
1276 4729 1400 4791 Ohurcb
1413 4730 1449 4810 os
1466 4729 1631 4808 Shinficld.

479 4889 567 4972 Irsu
599 4906 675 4948 snm
704 4906 813 4949 rosus
847 4906 909 4949 rso
943 4902 1220 4949 seraorsrsomun
1250 4901 1438 4946 nurusuour
1473 4901 1633 4945 exurens

396 5013 461 5054 rus
491 4993 683 5054 Errscorou
717 4989 1242 5062 Hssssonnausau.-Universis,
1271 4993 1330 5050 eto.
1373 4989 1525 5068 Rogerus,
1562 5009 1631 5070 per-

396 5098 546 5160 missione
573 5098 689 5174 divina,
709 5096 769 5162 etc.
812 5099 950 5160 Litteras
975 5097 1164 5179 apostolicus
1192 5115 1273 5180 cum
1289 5094 1342 5156 filo
1370 5095 1470 5157 serico
1499 5100 1531 5156 et
1558 5117 1635 5158 vera
