3850 5917
408 696 470 757 150
784 697 965 778 quetram
991 699 1058 761 Ado
1085 700 1122 762 dc
1152 701 1275 763 Orleion

239 925 298 966 Α-ὓ-
313 925 369 965 ¹⁸²⁰·
410 921 535 982 diaconi
561 922 712 984 Barkerie
739 924 873 996 officiali,
895 926 1042 997 salutem,
1066 931 1126 988 ete.
1181 928 1333 990 Volentes
1361 930 1456 990 certis
1484 929 1651 993 decausis

409 1027 449 1088 de
469 1048 544 1088 vero
563 1028 669 1089 valore
697 1030 789 1090 annis
817 1031 1038 1093 communibus
1069 1033 1211 1094 omnium
1233 1034 1426 1095 minutarum
1455 1035 1650 1097 deeimarum

406 1132 540 1193 ecclesie
572 1134 611 1194 de
639 1133 872 1213 Schenyngleld
892 1140 926 1196 et
950 1137 1070 1216 capelle
1094 1137 1133 1198 de
1163 1137 1358 1200 Swalwefeld
1380 1141 1588 1220 dependentis
1610 1141 1650 1202 ab

407 1237 528 1309 eedem
550 1243 659 1300 nostre
679 1239 822 1312 diocesis,
838 1241 964 1319 plenius
978 1241 1150 1314 informari,
1172 1243 1335 1304 devocioni
1356 1250 1461 1306 vestre
1482 1245 1651 1307 committi-

407 1363 480 1404 mus
505 1348 537 1404 et
566 1345 755 1406 mandamus
786 1350 944 1424 quatenus
973 1367 1046 1407 cum
1076 1347 1282 1410 festinacione
1313 1349 1465 1428 possibili,
1501 1351 1653 1430 inquisita

407 1468 503 1528 super
523 1450 584 1510 hoc
611 1470 668 1530 per
688 1451 772 1512 viros
801 1451 976 1532 fidedignos
998 1458 1030 1514 et
1060 1454 1191 1532 juratos,
1214 1455 1471 1534 inquirendorum
1500 1457 1651 1518 noticiam

407 1544 622 1616 verisimilitei
651 1557 842 1637 optinentes,
878 1558 1063 1637 diligencius
1090 1559 1232 1631 veritate,
1261 1559 1337 1640 quid
1366 1559 1503 1622 feceritis
1532 1567 1565 1623 et
1604 1561 1650 1622 in·

406 1662 558 1723 veneritis
579 1662 612 1721 in
633 1662 693 1723 bac
714 1668 804 1742 parte
822 1683 880 1742 per
897 1669 1020 1724 vestras
1042 1664 1165 1725 litteras
1184 1664 1297 1724 herum
1316 1665 1428 1726 seriem
1451 1666 1651 1728 continentes

407 1767 488 1829 citra
507 1767 625 1829 festum
653 1769 756 1829 sancti
784 1768 951 1840 Leonardi,
984 1769 1033 1830 vel
1063 1770 1151 1850 prius
1182 1771 1209 1831 si
1237 1771 1384 1850 poteritis
1415 1773 1589 1844 commode,
1612 1773 1650 1834 de

406 1874 590 1954 hujusmodi
611 1875 750 1947 decimis,
773 1895 834 1954 que
856 1875 930 1945 sint,
946 1879 979 1936 et
1001 1875 1136 1955 qualiter
1156 1877 1312 1948 estimate,
1333 1881 1366 1937 et
1387 1898 1448 1957 que
1469 1877 1534 1938 sint
1555 1897 1651 1939 onera

406 1983 474 2040 tam
512 1979 670 2040 ordinaria
698 1999 792 2059 quam
832 1979 1080 2040 extraordinaria
1122 1980 1205 2041 dicte
1243 1980 1375 2042 ecclesie
1413 2001 1484 2042 cum
1531 1982 1650 2061 capella

405 2082 635 2155 incumbencia,
656 2088 690 2144 et
718 2083 760 2143 ad
787 2103 882 2163 quam
912 2103 947 2144 se
975 2083 1147 2144 extendant
1175 2083 1307 2163 pecunie
1336 2084 1557 2164 quantitatem,
1579 2105 1649 2165 par·

407 2190 583 2252 ticulariter
612 2190 730 2252 curetis
764 2191 936 2252 rescribere
964 2197 997 2252 et
1028 2192 1186 2252 distincte.
1243 2193 1364 2252 Datum
1400 2192 1584 2264 Londoniis,
1619 2203 1651 2256 v⁰

407 2296 479 2357 Kal.
501 2296 692 2358 Novembris
713 2316 797 2357 anno
822 2297 953 2357 Domini
979 2297 1119 2359 M⁰ooo⁰
1139 2297 1298 2358 vicesimo.

409 2547 474 2609 Oet.
505 2546 682 2608 ‹sa-John
714 2546 763 2624 [dc
793 2545 1001 2628 Morimcuih],
1034 2547 1153 2626 Bishop
1184 2548 1220 2627 os
1248 2547 1409 2626 Lirrrrdaff,
1439 2547 1649 2608 commissione

532 2628 582 2688 tho
602 2628 693 2688 Deua
712 2628 748 2707 os
771 2626 989 2705 Aberqovenny
1012 2634 1040 2688 to
1058 2635 1185 2707 prooem
1206 2628 1255 2688 the
1276 2627 1405 2707 Boiliffe
1426 2628 1462 2707 of
1487 2629 1651 2689 Grcrnwni

534 2708 636 2769 Cautio
651 2709 738 2788 srom
757 2707 938 2787 interserinq
958 2708 1036 2768 with
1058 2709 1107 2770 the
1127 2709 1227 2787 riqizis
1248 2709 1283 2788 os
1301 2709 1350 2770 the
1370 2708 1465 2769 Prior
1484 2709 1548 2769 ond
1571 2709 1648 2771 Goo-

531 2796 601 2850 veni
625 2790 661 2868 os
680 2789 898 2867 Aberqovenrry
922 2788 959 2848 in
984 2789 1033 2851 the
1059 2789 1183 2851 Choreb
1207 2790 1242 2869 os
1263 2790 1435 2850 Groemont.

488 2945 684 3005 Manassen
714 2945 870 3005 Errscom
904 2945 1135 3006 Lsunsvuusrs
1166 2962 1292 3005 course
1336 2963 1494 3006 esnnrvos
1530 2946 1649 3007 (insuar

407 3069 452 3112 na
474 3051 603 3112 Gnosso
625 3049 973 3122 Merra—Johannes,
1002 3050 1209 3130 permissione
1237 3049 1343 3110 divine
1371 3050 1502 3112 ecclesie
1526 3051 1648 3113 Lenda

406 3156 514 3219 vensis
541 3156 697 3228 minister,
728 3155 848 3217 decano
872 3156 912 3216 de
941 3156 1136 3235 Bergeveny,
1168 3155 1304 3217 salutem
1331 3161 1364 3216 et
1392 3155 1647 3218 benediccionem

404 3263 556 3324 divinem.
608 3262 771 3341 Experto
799 3261 1018 3342 religiosorum
1041 3263 1189 3334 virorum,
1218 3262 1336 3323 Prioris
1364 3267 1396 3324 et
1421 3263 1648 3324 monachorum

406 3368 566 3448 prioratus
594 3367 694 3429 Beate
718 3367 820 3428 Mario
841 3367 880 3427 de
908 3367 1103 3446 Bergeveny,
1125 3366 1216 3427 nobis
1237 3371 1286 3426 est
1307 3366 1393 3446 gravi
1422 3367 1649 3446 conquestione

405 3479 617 3535 monstratum
646 3473 740 3554 quod,
770 3473 844 3534 licet
871 3473 1005 3535 ecclesia
1035 3472 1224 3552 paroehialis
1246 3473 1285 3534 de
1317 3473 1546 3534 Grossomonte
1574 3493 1648 3534 cum

406 3580 555 3642 omnibus
575 3579 642 3641 auis
659 3579 781 3659 juribus
802 3584 835 3640 et
862 3579 1066 3658 pertinenciis
1087 3577 1182 3638 fuerit
1209 3583 1241 3638 et
1264 3578 1306 3639 sit
1326 3579 1468 3657 predicto
1495 3577 1647 3658 prioratui

406 3691 440 3748 et
475 3685 639 3746 monachis
680 3685 749 3746 Deo
790 3684 1001 3746 servientibus
1035 3683 1068 3744 in
1103 3683 1214 3746 eodem
1249 3684 1399 3746 canonice
1435 3685 1645 3765 appropriate,

406 3791 571 3871 ipsamque
596 3790 642 3852 sic
663 3788 898 3870 appropriatam
922 3809 995 3850 cum
1017 3789 1084 3850 suis
1103 3789 1225 3869 juribus
1246 3795 1279 3851 et
1299 3790 1503 3869 pertinenciis
1522 3791 1645 3852 univer·

408 3898 463 3969 sis,
483 3897 632 3977 porcione
662 3896 807 3976 perpetui
833 3895 941 3955 vicarii
973 3895 1115 3974 ejusdem
1147 3895 1277 3957 ecclesie
1305 3895 1471 3956 dumtaxat
1505 3901 1644 3974 excepte,

407 4002 606 4083 possederint
626 4001 764 4081 religiosi
785 3999 869 4060 dicte
890 4000 1004 4060 domus
1025 3999 1154 4079 pacifice
1175 4005 1207 4060 et
1229 4000 1334 4080 quiete
1355 4020 1373 4060 a
1393 4005 1536 4079 tempore
1554 4000 1646 4079 cujus

405 4107 558 4170 contrarii
578 4107 730 4168 memoria
749 4125 814 4166 non
842 4105 959 4177 existit,
982 4105 1128 4166 nunnulli
1149 4111 1256 4166 tamen
1284 4104 1421 4166 ministri
1452 4124 1509 4166 seu
1541 4103 1646 4166 ballivi

406 4213 528 4274 domini
559 4211 691 4272 Henrici
722 4211 761 4271 de
795 4209 982 4270 lancastrie
1012 4209 1045 4268 in
1077 4209 1253 4270 custodiam
1284 4207 1415 4269 ecclesie
1443 4206 1482 4268 de
1514 4207 1645 4268 Grosso-

407 4323 517 4379 monte
537 4316 678 4397 predicte
699 4315 910 4396 pertinentie,¹
924 4319 960 4375 ut
981 4314 1184 4394 premittitur,
1207 4314 1246 4374 ad
1267 4314 1395 4374 eosdem
1422 4311 1643 4385 intromittere,

407 4426 584 4506 disponere,
605 4428 639 4484 et
666 4422 700 4482 in
727 4421 899 4482 utilitatem
927 4425 1110 4482 convertere
1135 4420 1218 4480 dicte
1246 4419 1359 4480 domus
1383 4417 1534 4497 impedire
1565 4437 1645 4479 ausu

407 4530 560 4609 sacrilego
591 4527 774 4599 moliuntur,
795 4526 836 4586 ad
859 4525 1034 4604 dampnum
1057 4525 1197 4605 ipsorum
1220 4523 1436 4603 religiosorum
1460 4541 1524 4582 non
1547 4522 1644 4583 modi·

405 4655 482 4696 oum
505 4638 539 4695 et
568 4650 747 4712 gravamen.
802 4629 958 4704 Quocirca
996 4628 1054 4690 tibi
1082 4627 1310 4689 committimus
1334 4631 1367 4688 et
1395 4626 1583 4688 mandamus
1611 4626 1644 4686 in

405 4741 524 4803 virtute
568 4737 749 4800 obediencie
781 4736 916 4796 firmiter
949 4735 1152 4815 injungentes
1186 4738 1352 4815 quatenns,
1389 4733 1428 4794 ed
1469 4733 1644 4812 predictam

406 4846 572 4909 ecclesiam
615 4844 655 4904 de
699 4843 928 4904 Grossomonte
967 4840 1174 4920 personaliter
1215 4840 1376 4910 accedens,
1418 4837 1445 4898 si
1486 4838 1644 4900 inveneris

407 4953 540 5014 ballivos
567 4949 672 5014 Gaetri
694 4947 827 5028 predicti
854 4947 895 5007 ad
915 4946 999 5008 bona
1019 4945 1150 5008 ecclesie
1174 4945 1313 5026 predicte
1341 4963 1455 5005 manus
1475 4963 1642 5024 apponere,

468 5084 833 5133 1-Themdinroirheus
851 5083 908 5125 heve
930 5083 952 5124 is
970 5081 1156 5129 unintelligible:
1175 5077 1313 5124 ‘'custodie
1330 5079 1411 5124 castri
1428 5079 1458 5121 de
1474 5079 1648 5122 Grossomonte

404 5139 510 5189 maiore
523 5137 724 5187 „eminentibus”
