3850 5917
410 679 451 740 se
785 680 965 759 saetam
992 679 1055 741 see
1082 681 1119 741 ee
1149 681 1271 742 erem

239 911 297 952 M)-
313 911 368 951 ¹³¹⁸·
409 903 555 984 poteritis
592 903 790 984 diligenciam
819 904 976 975 adbibere,
1008 905 1145 965 scientes
1172 905 1265 984 quod,
1293 904 1356 966 nisi
1383 905 1417 964 in
1455 905 1643 967 execucione

408 1007 510 1088 ipsius
537 1013 570 1069 et
594 1008 726 1069 aliorum
750 1010 972 1070 mendatorum
992 1015 1173 1071 nostrorum
1196 1011 1314 1090 pluries
1334 1011 1423 1072 vobis
1443 1011 1642 1084 directorum,

409 1113 443 1174 in
478 1115 592 1194 quibus
619 1135 676 1176 vos
714 1116 837 1177 desides
872 1117 1026 1177 hactenus
1053 1116 1151 1178 fuisse
1178 1118 1388 1196 comperimus
1421 1124 1453 1178 et
1485 1118 1644 1190 remissos,

409 1222 511 1302 magis
533 1227 674 1282 exactam
693 1221 892 1301 diligenciam
916 1222 1092 1302 apponatis,
1111 1243 1184 1282 cum
1206 1223 1373 1284 severitate
1390 1223 1517 1302 justicie
1535 1229 1646 1284 contra

409 1348 467 1390 vos
494 1327 661 1407 proaedere
689 1327 871 1388 nullatenus
898 1327 1092 1388 omittemus.
1147 1327 1360 1406 Expectamus
1390 1333 1497 1388 autem
1525 1332 1561 1389 ut
1589 1347 1646 1408 per

409 1433 572 1513 sequentis
592 1433 772 1494 obediencie
791 1432 942 1494 virtutem
962 1433 1134 1511 precedens
1153 1438 1259 1494 vestra
1279 1431 1407 1494 rebellio
1425 1453 1482 1494 seu
1500 1433 1645 1494 remissio

409 1539 560 1618 expietur,
583 1543 616 1599 et
639 1539 709 1599 idco
728 1559 786 1599 nos
809 1558 903 1617 super
928 1538 990 1599 hiis
1013 1543 1046 1598 et
1065 1538 1135 1598 aliis
1155 1558 1217 1618 que
1234 1539 1323 1600 vobis
1342 1539 1526 1619 scripsimus
1550 1560 1645 1619 super

408 1644 580 1705 collacione
607 1643 727 1704 decime
756 1643 934 1705 sexannalis
964 1664 1021 1723 per
1051 1649 1172 1706 vestras
1203 1646 1319 1707 curetis
1350 1646 1473 1707 litteras
1502 1646 1645 1707 celeriter

407 1748 537 1816 reddere
558 1747 719 1809 cerciores.
761 1748 890 1818 Datum,
915 1753 976 1808 etc.

407 2021 480 2081 Dec.
505 2019 661 2080 19.-Thc
685 2017 813 2098 Bishop,
839 2017 876 2095 by
902 2017 950 2077 the
976 2018 1085 2095 Kinp's
1110 2017 1278 2088 commod,
1298 2016 1400 2078 writes
1426 2025 1455 2078 to
1480 2017 1530 2079 the
1554 2019 1644 2079 Deae

531 2100 594 2161 and
631 2099 765 2179 Chapter
797 2098 909 2177 urginp
945 2098 1013 2158 that
1049 2098 1097 2158 the
1127 2100 1225 2175 yccr’s
1258 2099 1343 2159 tenth
1372 2100 1500 2177 granted
1532 2106 1561 2160 tc
1594 2100 1642 2161 the

530 2181 614 2260 Kinq
642 2180 724 2241 shall
752 2180 785 2241 bc
811 2179 906 2257 ready
935 2179 1032 2259 before
1059 2179 1131 2240 Feb.
1146 2183 1174 2239 2.

490 2337 670 2398 Coun1ss1o
699 2354 761 2396 rao
792 2353 916 2395 numus
939 2353 1058 2394 surram
1079 2352 1244 2394 usrusrus
1275 2336 1642 2406 concinnans-Adam,

408 2447 478 2513 etc,
501 2440 729 2502 venerabilibus
750 2439 826 2501 viris
846 2440 982 2519 filiisque
1003 2440 1036 2499 in
1057 2440 1184 2500 Christo
1204 2439 1336 2510 dilectis,
1358 2440 1493 2501 dominis
1514 2441 1643 2502 Decano

410 2554 444 2610 et
472 2546 617 2626 Capitulo
643 2545 936 2624 Hereiordensibus,
962 2546 1106 2615 salutem,
1131 2551 1190 2606 etc.
1233 2545 1370 2607 Litteras
1397 2547 1516 2607 domini
1541 2548 1641 2608 nostri

407 2653 504 2733 Regis
527 2649 585 2712 sub
611 2671 668 2712 suo
687 2670 801 2731 magno
824 2651 925 2730 sigillo
944 2656 977 2711 et
998 2651 1075 2710 elias
1096 2651 1196 2729 ipsius
1216 2651 1337 2712 litteras
1360 2652 1418 2713 sub
1437 2672 1495 2712 suo
1519 2653 1643 2732 privato

408 2757 512 2838 sigillo
549 2757 725 2836 recepimus
768 2761 894 2816 tenores
929 2755 984 2834 qui
1029 2762 1204 2835 sequuntur
1247 2756 1376 2817 inferius
1419 2757 1641 2820 continentes:

408 2863 586 2924 Edwardus
608 2862 668 2922 Dei
689 2861 792 2941 gracia
823 2861 889 2922 Rex
912 2860 1033 2940 Anglie,
1057 2868 1127 2932 etc,
1148 2862 1317 2922 venerabili
1344 2863 1377 2921 in
1405 2863 1532 2925 Christo
1558 2865 1642 2945 patri

406 2967 484 3040 Ade,
505 2974 565 3029 etc.
608 2967 688 3042 Quia
712 2986 769 3047 pro
789 2967 920 3027 diversis
939 2972 972 3028 et
1003 2966 1109 3027 arduis
1127 2968 1265 3047 negociis
1282 2989 1340 3029 nos
1361 2973 1393 3029 et
1412 2975 1531 3029 statum
1553 2971 1641 3050 regni

405 3076 507 3137 nostri
538 3075 740 3154 tangentibus
768 3074 936 3154 pecuniam
966 3074 1134 3154 plurimam
1169 3075 1354 3154 indigemus,
1385 3096 1442 3137 vos
1469 3077 1641 3139 affectuose

405 3181 594 3262 requirimus
619 3187 651 3242 et
675 3200 821 3260 rogemus
845 3181 995 3259 quatinus
1023 3180 1215 3241 solucionem
1243 3181 1363 3241 decime
1390 3201 1451 3260 que
1478 3182 1511 3240 in
1536 3189 1641 3244 vestra

405 3287 532 3357 diocesi,
563 3286 652 3365 juxta
682 3285 917 3346 concessionem
949 3304 1045 3363 quam
1077 3284 1179 3345 clerus
1215 3284 1450 3347 Cantueriensis
1481 3289 1640 3366 provincie

404 3393 497 3454 nobis
521 3392 594 3453 inde
616 3391 699 3462 iecit,
719 3393 753 3450 in
771 3391 853 3452 festo
876 3390 1112 3452 Purificacionis
1136 3391 1226 3452 beate
1246 3391 1345 3453 Meris
1368 3393 1509 3471 proximo
1533 3392 1640 3455 futuro

405 3498 485 3560 solvi
513 3498 614 3569 debet,
643 3498 747 3559 velitis
779 3497 881 3557 modis
914 3503 946 3557 et
976 3497 1037 3557 viis
1067 3497 1213 3557 omnibus
1243 3498 1356 3576 quibus
1384 3498 1497 3559 melius
1524 3500 1641 3578 poterit

404 3611 583 3676 maturare,
605 3605 650 3664 ita
670 3604 754 3683 quod
774 3603 908 3682 pecunia
929 3603 1003 3664 inde
1027 3604 1214 3682 proveniens
1228 3603 1261 3662 in
1284 3604 1368 3664 dicto
1390 3605 1471 3666 iesto
1492 3612 1641 3685 prompta

404 3712 448 3774 sit
472 3718 504 3773 et
542 3717 652 3791 parata
676 3710 715 3770 ed
749 3709 934 3770 solvendum
968 3709 1100 3770 ulterius
1128 3710 1168 3769 ad
1196 3710 1379 3770 mandatum
1410 3718 1554 3771 nostrum
1581 3732 1641 3792 pro

404 3819 606 3898 expedicione
633 3816 812 3878 eorundem.
855 3817 899 3875 Et
921 3816 1004 3876 sicut
1025 3835 1084 3876 nos
1108 3821 1140 3877 et
1162 3817 1313 3877 honorem
1335 3822 1478 3878 nostrum
1501 3838 1538 3879 ac
1554 3838 1638 3879 com·

404 3925 534 3985 modum
559 3923 646 4002 regni
667 3922 768 3982 nostri
788 3922 917 4000 diligitis
945 3923 1048 3982 modis
1066 3922 1212 3982 omnibus
1235 3921 1366 3983 faciatis.
1408 3923 1502 3984 Teste
1518 3925 1640 4003 meipso

404 4030 488 4110 apud
517 4029 712 4107 Wyndesore
740 4037 772 4086 x⁰
800 4027 849 4087 die
882 4026 1074 4097 Decembris,
1103 4047 1186 4088 anno
1213 4028 1301 4107 regni
1328 4027 1428 4088 nostri
1462 4029 1638 4090 undecimo.

406 4136 542 4196 Edwerd
564 4154 621 4214 par
645 4133 675 4194 la
702 4151 794 4211 grace
816 4133 854 4194 de
879 4133 962 4192 Dieu
977 4132 1047 4210 Roy
1068 4131 1281 4212 Dengleterre,
1303 4137 1372 4203 etc,
1395 4134 1425 4193 al
1448 4133 1640 4196 honoureble

403 4242 490 4322 piore
514 4261 554 4302 en
587 4239 669 4300 Dieu
701 4238 802 4298 Adam
825 4259 883 4318 par
907 4238 937 4298 la
965 4258 1085 4324 mesine
1111 4257 1203 4318 grece
1230 4239 1376 4318 Evesque
1410 4239 1449 4300 de
1484 4239 1640 4301 Hereiord

404 4347 517 4408 selutz.
559 4345 649 4405 Nous
668 4363 746 4404 vous
769 4343 957 4404 maundoms
976 4348 1008 4403 et
1027 4343 1211 4423 chargeoms
1230 4348 1300 4404 tant
1322 4365 1410 4405 come
1426 4364 1506 4406 nous
1528 4365 1639 4424 peoms

404 4473 466 4533 que
490 4453 520 4513 le
538 4451 764 4512 maundement
788 4470 848 4529 que
869 4469 950 4510 nous
973 4471 1051 4511 vous
1073 4450 1190 4511 fesome
1213 4470 1270 4530 per
1288 4450 1356 4511 broi
1379 4451 1525 4512 denotre
1546 4459 1639 4530 grant

403 4558 470 4620 scal
494 4578 533 4618 en
558 4557 640 4617 droit
664 4557 703 4617 de
725 4555 812 4634 iayre
834 4555 940 4616 hester
968 4556 999 4616 le
1018 4556 1105 4617 levee
1126 4557 1164 4617 de
1185 4557 1216 4616 la
1235 4557 1335 4616 disme
1356 4563 1487 4636 munte
1511 4576 1530 4616 a
1556 4577 1639 4619 nous

402 4685 461 4745 par
481 4664 512 4724 la
532 4663 633 4742 cierge
654 4663 693 4723 de
714 4667 802 4722 votre
822 4663 938 4722 diocise
959 4662 1046 4751 iaces
1064 4663 1237 4743 pariormer
1257 4683 1333 4723 sanz
1352 4662 1408 4722 nul
1428 4663 1519 4742 delcy
1537 4663 1639 4724 solom

403 4771 435 4832 la
466 4777 578 4832 tenonr
609 4769 719 4829 dudit
744 4768 819 4838 bref,
845 4767 939 4828 issint
969 4787 1031 4847 qne
1059 4788 1139 4829 nous
1162 4788 1310 4848 pussoms
1333 4773 1417 4830 estre
1444 4775 1639 4848 prestement

403 4878 506 4940 serviz
528 4877 582 4937 des
606 4877 719 4937 deners
743 4895 803 4954 que
826 4875 1068 4935 ensourdrerent
1092 4895 1111 4934 a
1141 4875 1172 4934 la
1196 4873 1435 4935 Obaundeloure
1458 4877 1640 4956 procbeyne

403 5005 424 5045 a
444 4983 533 5045 venir
554 4987 586 5043 et
617 5001 677 5061 que
699 5001 757 5041 nos
778 4980 947 5058 buaoignes
972 4999 1012 5040 ne
1037 4979 1138 5040 scient
1161 4979 1327 5040 desturbez
1355 4998 1396 5039 ne
1422 4981 1553 5042 erreries
1580 5003 1640 5062 pas

404 5073 471 5150 cele
491 5088 680 5148 enchcsoun.
736 5085 780 5145 Et
805 5105 860 5145 ceo
891 5105 932 5145 en
958 5083 1033 5144 nule
1061 5103 1189 5144 manere
1220 5103 1261 5144 ne
1284 5083 1384 5145 lesssz
1412 5085 1530 5147 sicome
1556 5107 1640 5150 nous
