3850 5917
677 677 828 759 Episcopi
854 670 1100 760 Heresordcasis.
1447 680 1508 743 287

81 936 137 975 un.
156 934 224 973 ¹³²⁴·
270 927 333 988 The
357 926 414 988 Bis
494 926 593 988 isam
616 928 715 988 letters
739 926 927 988 testimoniet
949 935 979 989 to
1009 927 1093 988 John
1120 927 1276 1005 Harretyu
1296 927 1361 988 ond
1392 927 1509 988 Walter

391 1007 594 1150 beabitis&
614 1008 721 1069 monta
741 1009 777 1087 os
796 1008 932 1107 Tintem,
962 1008 1030 1068 thol
1055 1008 1124 1087 they
1148 1028 1224 1068 were
1245 1008 1320 1069 born
1340 1007 1375 1067 in
1400 1008 1509 1087 mosol

351 1258 496 1318 Lruuuas
517 1275 765 1319 rusuruoumnrs
781 1275 950 1318 uersurum
972 1274 1198 1317 uouronouou
1218 1276 1262 1317 nu
1277 1257 1508 1317 Timauus.-

270 1364 380 1436 Adam‚
415 1368 484 1435 etc,
520 1363 666 1433 omnibus
695 1383 827 1444 quorum
855 1363 987 1423 interest
1018 1362 1153 1424 salutem
1188 1362 1220 1421 in
1256 1383 1329 1423 vero
1363 1364 1505 1424 omnium
1576 1364 1578 1368 ’

270 1470 440 1531 Salvatore.
482 1469 532 1530 Ne
553 1470 592 1529 de
612 1474 699 1530 statu
722 1468 879 1529 Johannis
904 1468 1065 1547 Hamelyu
1089 1474 1121 1529 et
1143 1468 1275 1529 Walteri
1295 1469 1334 1530 de
1356 1468 1503 1541 Marisco,

268 1574 409 1645 ordinem
427 1573 668 1635 cisterciensem
689 1573 722 1632 in
744 1573 881 1633 Abbaoia
901 1574 940 1634 de
961 1572 1121 1653 Tynterne
1142 1574 1261 1633 dudum
1282 1572 1504 1653 ingressorum,

269 1685 422 1760 quantum
457 1680 497 1739 ad
533 1678 652 1740 natalia
686 1679 814 1740 sinistra
848 1678 987 1759 suspicio
1021 1679 1148 1749 oriatur,
1177 1678 1374 1739 universitati
1402 1684 1507 1741 vestre

268 1792 377 1848 tenore
407 1786 605 1866 presencium
633 1786 816 1845 intimamus
858 1786 941 1865 quod
976 1784 1071 1845 iidem
1099 1784 1261 1845 Johannes
1289 1790 1322 1845 ct
1343 1784 1503 1847 Walterus

269 1891 358 1953 liberi
386 1896 469 1961 sunt,
495 1892 534 1951 de
561 1890 701 1969 legitimo
732 1890 933 1952 matrimonio
956 1891 1121 1970 procreati,
1142 1893 1237 1970 prout
1261 1890 1351 1951 nobis
1379 1895 1505 1951 constat

269 2018 326 2077 per
345 1996 486 2077 legitima
512 1997 709 2057 documenta.
766 1996 806 2055 In
834 1996 934 2077 cujus,
962 2002 1022 2057 etc.
1275 2010 1277 2013 ’

269 2258 419 2319 Mundote
449 2258 485 2337 os
514 2256 646 2319 citatiore
675 2256 779 2318 issacd
810 2257 907 2337 before
939 2257 988 2319 the
1020 2257 1163 2337 Bishop’s
1194 2256 1358 2319 visitetioa
1388 2259 1423 2337 os
1455 2258 1504 2319 tlte

395 2338 548 2399 Cburcbes
576 2338 612 2399 r'rr
638 2359 658 2398 o
685 2339 836 2416 Deonery.

351 2506 544 2566 Mrunsrou
578 2523 621 2565 un
652 2522 821 2565 crurunuu
855 2522 982 2565 cousus
1013 2506 1406 2579 vrsrrrorouuu.—Adum,
1436 2512 1506 2580 etc,

269 2611 384 2672 dilecto
406 2611 439 2669 in
463 2610 590 2671 Christo
615 2609 687 2681 filio,
723 2609 852 2671 Decano
887 2610 925 2670 de
945 2610 995 2681 B.,
1017 2610 1152 2671 salutem
1180 2616 1213 2672 et
1240 2610 1504 2673 benediccionem.

271 2718 353 2794 Quia
372 2739 411 2779 ex
432 2718 526 2779 officii
550 2717 650 2778 nostri
671 2716 776 2778 debito
796 2716 973 2796 pastoralis,
996 2716 1046 2777 die
1068 2716 1124 2777 tali
1144 2716 1308 2777 ecclesiam
1330 2718 1368 2778 ds
1390 2718 1433 2790 0,
1456 2719 1507 2780 die

270 2826 327 2886 tali
346 2824 511 2885 ecclesiam
535 2823 574 2884 de
595 2822 643 2894 E,
675 2828 707 2884 et
728 2823 778 2883 die
808 2822 864 2882 tali
884 2822 1048 2884 ecclesiam
1081 2824 1119 2884 de
1141 2824 1189 2895 G.,
1211 2843 1334 2885 necnon
1355 2829 1502 2896 rectores,

268 2930 410 3000 vicarios,
441 2929 640 3008 presbiteros,
672 2928 810 2999 clericos,
842 2933 874 2989 et
903 2928 999 2990 laicos
1031 2929 1201 2990 earundem
1234 2928 1445 3001 ecclesiarum,
1471 2934 1504 2991 et

268 3034 470 3096 ecclesiarum
491 3054 528 3094 ac
550 3033 739 3113 capellarum
758 3033 941 3110 vicinarum,
965 3039 1124 3095 annuente
1141 3034 1278 3107 domiuo,
1300 3036 1505 3114 proponimus

268 3139 403 3210 visitare,
425 3139 513 3200 vobis
535 3144 643 3200 tenore
674 3138 872 3218 presencium
903 3139 1133 3200 committimus
1163 3144 1195 3201 et
1217 3140 1404 3201 mandamus
1428 3160 1503 3221 qua-

266 3246 354 3306 tinus
373 3250 519 3317 rectores,
541 3244 682 3315 vicarios,
698 3243 897 3324 presbiteros,
916 3250 949 3305 et
967 3244 1096 3305 clericos
1112 3244 1268 3305 dictarum
1289 3244 1501 3317 ecclesiarum,

266 3352 362 3413 etde
390 3351 528 3432 qualibet
559 3350 708 3430 parochia
735 3350 874 3429 ipsarum
899 3350 942 3431 xij
981 3350 1063 3412 viros
1099 3351 1282 3431 fidedignos,
1315 3372 1439 3429 necnon
1468 3356 1500 3413 et

266 3457 469 3519 ecclesiarum
490 3478 528 3533 sc
550 3455 740 3535 capellarum
764 3456 938 3517 vicinarum
966 3461 1111 3529 rectores,
1141 3456 1282 3528 vicarios,
1304 3456 1503 3537 presbiteros,

266 3689 323 3730 seu
343 3668 535 3749 paucitatem
550 3667 695 3747 plebium.
705 3667 884 3737 earundem,
907 3666 1011 3729 citetis
1026 3688 1082 3728 seu
1101 3668 1198 3729 citare
1217 3667 1340 3728 faciatis
1359 3688 1509 3748 peremp-

267 3774 346 3836 torie
367 3774 451 3855 quod
471 3779 673 3853 compareant
701 3793 806 3834 coram
828 3772 918 3834 nobis
939 3773 1049 3834 diebus
1074 3778 1106 3834 ct
1127 3773 1204 3834 loeis
1225 3773 1374 3853 predictis
1395 3771 1502 3834 uisita-

265 3880 366 3941 cionis
393 3884 501 3940 nostre
521 3878 657 3940 officium
686 3877 866 3956 subjecturi,
899 3883 931 3940 et
962 3898 1058 3957 super
1088 3878 1281 3957 requirendis
1313 3878 1352 3938 ab
1373 3878 1418 3939 cis
1441 3897 1502 3958 que

264 3986 374 4046 limam
395 3984 601 4046 correccionis
615 3988 788 4063 exposcunt
809 3982 914 4044 debito
934 3983 1028 4044 modo
1048 3982 1162 4044 dicturi
1179 3983 1313 4044 fideliter
1326 3983 1503 4044 veritatem.

265 4091 310 4152 Et
330 4090 405 4172 quid
434 4090 571 4152 feceritis
591 4089 625 4149 in
645 4089 817 4169 premissis,
846 4094 905 4150 etc.
947 4089 1077 4161 Datum,
1107 4093 1166 4149 etc.

265 4358 342 4437 Moy
373 4358 529 4419 13.-Tbe
562 4356 682 4437 Bishop
706 4355 854 4416 irutroets
886 4354 936 4417 the
956 4355 1047 4417 Deera
1069 4356 1105 4434 of
1131 4355 1180 4415 the
1200 4354 1308 4416 Forest
1340 4362 1369 4417 to
1389 4354 1504 4433 compet

389 4438 439 4499 the
459 4438 556 4499 Abbor
576 4437 640 4498 aad
666 4438 800 4499 Ooaverrt
821 4438 855 4516 of
875 4436 1050 4497 Giooeester
1079 4444 1108 4497 to
1132 4456 1197 4515 puy
1227 4436 1276 4496 tlte
1301 4434 1508 4514 procuretiou,

387 4520 448 4580 due
470 4526 499 4579 to
514 4518 563 4579 the
585 4517 702 4597 Bisbop
716 4525 750 4578 ot
765 4517 813 4578 bre
826 4516 992 4578 visitetion
1011 4518 1046 4597 os
1058 4516 1107 4577 the
1131 4516 1254 4577 Oburcb
1267 4516 1302 4596 os
1315 4515 1498 4585 Oburcbam,

388 4598 607 4680 oppropriotcd
629 4607 658 4660 to
683 4598 771 4659 them.

349 4766 543 4826 Msuusruu
583 4783 626 4825 sn
668 4782 849 4825 nsvsunurr
890 4781 1162 4824 raoouusorosuu
1197 4781 1259 4825 rso
1300 4782 1504 4826 usmsorouu

266 4869 530 4944 uncus—Adam,
551 4875 621 4943 etc,
649 4870 764 4931 dilecto
788 4870 862 4941 filio,
884 4871 1014 4931 Decano
1035 4870 1073 4931 de
1104 4870 1246 4942 Forestu,
1268 4870 1412 4944 salutem,
1444 4877 1504 4933 etc.

266 4977 374 5050 Vobis,
396 4977 430 5037 in
460 4976 577 5039 virtute
603 4975 784 5037 obediencie
811 4976 944 5037 firmiter
974 4976 1177 5056 injungendo,
1209 4976 1397 5038 mandamus
1429 4998 1504 5057 qua·

267 5084 355 5147 tinus
389 5082 544 5145 moneatis
581 5087 614 5145 et
651 5082 819 5144 efficaciter
853 5081 1011 5143 inducatis
1049 5080 1203 5143 Abbatem
1240 5086 1274 5143 et
1306 5081 1505 5161 Conventum
