3850 5917
692 700 843 781 Episcopi
869 700 1112 781 Heresordeneia.
1458 704 1519 763 253

107 924 236 971 wlm-
282 923 466 1003 Capitulum
487 922 594 996 adivit,
615 923 669 985 ubi
690 923 853 986 absolutus
873 924 942 997 luit,
965 932 1001 986 ut
1021 926 1100 986 dixit
1125 927 1157 985 in
1182 926 1338 997 extremis,
1359 945 1519 1006 regressus

281 1028 429 1109 penitens
451 1030 491 1090 ad
519 1030 648 1091 domum
678 1050 767 1091 suam
796 1031 897 1103 rediit,
926 1036 959 1092 et
990 1031 1082 1112 petiit
1111 1032 1159 1093 sui
1188 1032 1307 1093 ordinis
1334 1033 1519 1112 ingressum,

281 1155 379 1215 quem
415 1135 527 1197 iratres
561 1136 638 1197 dicti
674 1136 793 1197 ordinis
829 1137 888 1198 sibi
927 1137 1130 1217 denegarunt.
1187 1138 1226 1197 In
1263 1138 1323 1199 hac
1363 1138 1520 1219 peticione

283 1240 462 1302 infirmatus
486 1248 546 1313 est,
562 1247 594 1303 et
616 1243 805 1323 supplicavit
825 1243 938 1304 ultima
959 1244 1121 1305 voluntate
1142 1244 1260 1305 iaciens
1275 1244 1413 1325 legatum
1435 1246 1518 1325 quod

282 1367 399 1427 corpus
419 1367 513 1408 suum
534 1348 719 1428 sepeliretur
753 1349 786 1409 in
807 1350 961 1411 cimiterio
990 1350 1144 1410 dictorum
1176 1350 1317 1411 fratrum.
1371 1351 1519 1411 Mortuus

281 1458 342 1526 est,
367 1458 400 1515 et
422 1454 584 1533 sepultura
603 1454 704 1535 petita
731 1461 781 1516 est
808 1455 837 1516 ei
858 1456 1019 1536 denegata,
1049 1461 1081 1517 et
1109 1456 1154 1517 sic
1182 1476 1295 1536 corpus
1324 1476 1416 1517 suum
1436 1456 1521 1536 jacet

282 1558 493 1620 inhumatum.
536 1560 696 1640 Rogamus
732 1561 827 1641 igitur
853 1562 1076 1641 paternitatem
1114 1568 1251 1624 vestram
1286 1562 1403 1623 affectu
1432 1562 1520 1623 filiali

281 1670 440 1745 quatenus
475 1666 660 1726 mandatum
694 1672 835 1727 vestrum
873 1672 905 1727 et
937 1666 1104 1728 consilium
1133 1668 1316 1729 litteratorie
1354 1668 1380 1729 si
1416 1668 1521 1747 planet

282 1770 375 1832 nobis
403 1771 517 1832 vestris
539 1773 665 1833 mittere
685 1773 799 1833 velitis.

366 1901 482 1962 Rector
510 1901 609 1963 eciam
639 1902 765 1982 scripsit
786 1903 913 1964 domino
933 1906 1071 1983 petendo
1099 1904 1365 1967 consultaoionem
1394 1904 1426 1964 in
1460 1904 1520 1965 hac

283 2011 383 2087 parte.

285 2260 350 2322 Tho
380 2260 508 2341 Bistop
541 2260 577 2322 in
606 2282 724 2323 aruwcr
755 2270 784 2323 to
816 2262 866 2324 the
895 2263 988 2324 above
1019 2264 1113 2335 letter,
1144 2265 1247 2326 writes
1278 2264 1345 2326 thot
1376 2264 1519 2325 Riobard

407 2342 518 2420 Moylc,
545 2341 658 2421 bavinq
681 2343 754 2404 died
774 2345 922 2423 peniteat,
946 2365 1018 2423 ntoy
1047 2345 1080 2405 be
1107 2345 1258 2418 obsolvcd,
1288 2344 1401 2424 though
1428 2345 1516 2407 dead.

406 2423 441 2501 is
468 2422 517 2484 the
541 2422 693 2503 Priores
716 2424 846 2485 Ludlow
876 2424 945 2485 still
968 2426 1082 2505 rosacea
1111 2425 1285 2487 absolutiora
1312 2426 1375 2486 aad
1404 2425 1517 2497 barini,

409 2503 457 2565 the
485 2503 596 2564 Rector
622 2503 651 2565 ia
678 2505 909 2566 commissioaed
937 2513 967 2566 tc
994 2506 1114 2567 absolve
1141 2506 1205 2568 arrd
1233 2508 1309 2585 bary
1338 2506 1387 2568 the
1414 2526 1497 2567 man.

369 2674 513 2734 Lr'r'rsas
543 2692 683 2735 mauors
705 2676 853 2736 Rsororu
885 2694 927 2736 nr
955 2696 1184 2739 suaseramus
1205 2696 1249 2739 na
1281 2678 1522 2739 munnam.-

283 2781 395 2852 Adam,
417 2786 487 2853 eto,
509 2780 632 2842 dilectis
652 2780 686 2841 in
707 2781 834 2843 Christo
855 2782 937 2854 tiliis,
959 2782 1086 2844 Rectori
1107 2783 1237 2845 ecclesie
1259 2788 1292 2845 et
1313 2783 1521 2863 burgensibus

282 2886 358 2949 ville
379 2887 418 2948 de
440 2887 615 2959 laodelowe,
637 2887 781 2959 salutem,
803 2893 862 2949 etc.
920 2889 953 2950 Si
980 2888 1076 2950 irater
1105 2889 1258 2951 Ricardus
1280 2888 1367 2961 Moil,
1397 2890 1436 2951 de
1457 2908 1521 2970 quo

282 3012 344 3053 noe
368 2992 571 3054 consuluistis
589 3012 646 3072 per
667 2999 788 3055 vestras
809 2993 931 3055 litteras
958 2994 1009 3055 die
1037 2993 1246 3057 conieccionis
1265 2994 1463 3075 presencium
1487 2994 1520 3054 in

283 3098 467 3178 crepuscolo
494 3099 579 3179 apud
601 3100 731 3179 Sugwas
759 3105 910 3181 receptas,
932 3101 1043 3162 habitu
1060 3101 1218 3180 religionis
1239 3107 1357 3162 temere
1379 3100 1519 3172 dimisso,

283 3202 319 3262 in
345 3203 505 3282 apostasia
541 3202 734 3283 aliquamdiu
770 3203 876 3265 extitit
908 3202 1069 3283 fugitivus,
1097 3223 1162 3264 non
1199 3208 1248 3265 est
1282 3202 1412 3264 dubium
1442 3204 1520 3283 quin

283 3308 480 3369 sentenciam
514 3308 850 3370 excommunicacionis
878 3309 1045 3370 incurrerit
1069 3308 1138 3389 ipso
1160 3308 1252 3369 iacto.
1303 3308 1392 3371 Licet
1412 3314 1520 3371 autem

283 3432 396 3475 omnes
430 3414 558 3493 maioris
596 3414 933 3476 excommunicacionis
971 3414 1133 3475 sentencia
1168 3414 1320 3485 innodati,
1349 3414 1415 3495 ·qui
1455 3435 1519 3477 non

284 3522 434 3597 suscepto
454 3517 606 3580 beneficio
634 3519 844 3581 absolucionis
864 3519 1030 3590 decedunt,
1059 3539 1164 3581 carere
1187 3518 1322 3581 debeant
1346 3521 1519 3582 secundum

284 3642 392 3685 sacros
413 3642 550 3684 canones
571 3623 784 3685 ecclesiastica
804 3625 975 3705 sepultura,
1005 3625 1079 3706 quia
1099 3630 1216 3698 tamen,
1239 3632 1275 3686 ut
1303 3632 1408 3688 vestra
1435 3646 1520 3689 com·

284 3728 472 3789 memoravit
488 3729 630 3808 epistola,
653 3731 692 3791 de
712 3730 788 3791 dicti
809 3730 915 3791 fratris
935 3732 1072 3793 viventia
1091 3732 1271 3812 penitencia
1286 3753 1342 3813 per
1357 3734 1520 3795 evidencia

284 3834 375 3914 signa
402 3835 577 3907 constabat,
602 3841 709 3914 potest
729 3842 762 3898 et
793 3836 886 3899 debet
916 3838 953 3908 ei,
980 3838 1007 3898 si
1033 3838 1078 3898 ita
1099 3858 1149 3899 res
1178 3858 1213 3900 se
1233 3838 1356 3910 habeat,
1388 3839 1520 3902 ecclesie

284 3938 437 4001 beneficia
464 3939 633 4012 subveniri,
654 3946 691 4001 ut
719 3941 868 4003 defuncto
894 3943 994 4003 eciam
1024 3944 1234 4005 absolucionis
1255 3944 1440 4006 beneficium
1462 3946 1519 4005 im-

285 4047 450 4125 pendatur,
493 4051 526 4107 et
559 4048 761 4127 postmodum
804 4048 947 4108 tradatur
988 4048 1199 4110 ecclesiastice
1240 4049 1409 4129 sepulture.
1472 4050 1520 4111 Ad

285 4151 403 4211 dictam
424 4157 532 4214 autem
553 4152 785 4213 absolucionem
802 4153 925 4232 prefato
945 4160 1071 4214 mortuo
1093 4152 1345 4233 impendendam,
1367 4174 1427 4234 que
1447 4174 1518 4215 cum

285 4255 463 4335 specialiter
487 4255 561 4317 Sedi
588 4277 652 4317 non
677 4256 771 4318 inerit
802 4258 980 4337 Apostolice
1008 4263 1168 4319 reservata
1194 4258 1226 4317 in
1255 4278 1330 4319 casu
1357 4259 1520 4339 proposito

284 4360 397 4423 ceteris
420 4366 470 4422 est
507 4361 638 4434 indulta,
674 4362 730 4423 tibi
768 4362 895 4425 Rectori
929 4369 1038 4426 tenore
1065 4365 1263 4444 presencium
1291 4366 1519 4428 committimus

283 4465 369 4528 vices
401 4472 535 4528 nostras.
591 4467 810 4530 absolucionis
837 4475 944 4530 autem
973 4469 1074 4531 forma
1101 4475 1251 4543 servetur,
1288 4477 1324 4532 ut
1362 4470 1417 4531 fiat
1445 4492 1518 4532 curn

284 4572 482 4652 penitentiali
509 4573 646 4645 Psalmo,
669 4574 824 4646 Miserere,
846 4581 916 4647 eto„
938 4580 1053 4637 ettam
1073 4576 1218 4638 oracione
1241 4576 1408 4638 Dominica
1423 4596 1519 4658 quam

284 4677 347 4739 alia
368 4683 520 4740 consueta
543 4699 604 4759 que
623 4680 734 4760 incipit
751 4680 835 4742 Deus
856 4680 910 4742 cai
925 4680 1090 4762 propriam
1113 4688 1158 4742 est
1184 4680 1323 4743 miserm
1349 4702 1464 4762 semper
1490 4690 1520 4744 et

280 4803 416 4864 parcere,
451 4790 511 4845 etc.
566 4784 767 4848 consulimus
805 4791 911 4848 tamen
953 4787 1037 4868 quod
1071 4786 1225 4866 premissa
1261 4786 1406 4867 religioso
1442 4788 1519 4861 viro,

285 4888 387 4950 Priori
423 4889 606 4952 Conventus
639 4891 677 4952 de
716 4891 890 4964 ludelawe,
928 4890 1048 4952 ordinis
1087 4888 1188 4952 sancti
1230 4890 1407 4970 Augustini,
1445 4900 1520 4955 ante

284 4993 392 5056 omnia
412 5001 609 5076 exponantur
632 5001 669 5057 ut
688 5016 745 5077 per
771 4996 876 5077 ipsum
900 4997 986 5057 dicto
1006 4996 1154 5057 defuncto
1173 4994 1264 5074 juxta
1288 4995 1387 5076 ipsius
1409 4998 1518 5059 volun-

285 5104 394 5174 tatem,
422 5100 462 5163 de
494 5121 557 5181 qua
580 5101 726 5175 scribitis,
753 5102 963 5164 absolucionis
991 5107 1024 5163 et
1047 5101 1207 5182 sepulture
1234 5100 1421 5163 beneficium
1443 5123 1516 5165 con·
