3850 5917
408 680 467 739 300
783 681 962 760 Rapiatram
989 683 1054 743 Ade
1082 657 1119 743 de
1150 683 1272 743 Orleton

236 910 294 948 M)-
310 909 365 949 ¹³²⁴·
408 903 634 986 inquisicioque
656 907 695 967 ad
717 909 901 968 mandatum
923 914 1063 969 vestrum
1092 928 1187 988 super
1214 886 1382 969 vacacione
1411 909 1495 969 dicte
1516 909 1645 970 ecclesie

408 1011 542 1072 etaliis
570 1018 618 1071 art
606 1012 710 1073 ticulis
738 1013 832 1073 debit
811 1020 852 1074 trs
890 1020 922 1075 et
960 1014 1129 1084 consuetis,
1165 1019 1259 1093 prout
1295 1014 1390 1074 moris
1425 1018 1483 1085 est,
1521 1014 1580 1075 rite
1614 1012 1645 1074 et

408 1116 482 1195 leg't
439 1116 546 1176 σιιιιιιο
577 1116 661 1178 faeta
691 1138 747 1198 pro
778 1119 862 1210 dicto
893 1119 1085 1180 sufficienter
1115 1119 1302 1180 fecissett
1269 1124 1302 1180 et
1333 1118 1428 1179 faeiat
1415 1124 1567 1198 tpresen
1569 1124 1644 1189 t,ato

409 1222 549 1302 nihilque
574 1222 633 1283 sibi
655 1224 795 1285 obviaret
816 1229 870 1285 aut
857 1224 1007 1285 tobviet
1039 1225 1077 1285 de
1109 1224 1268 1285 canonicis
1293 1224 1448 1285 institutis
1476 1224 1646 1303 quominus

402 1329 447 1389 'ad
469 1330 533 1389 dict
521 1335 587 1388 tam
614 1330 778 1391 eeclesiam
812 1332 936 1392 admitti
966 1331 1146 1392 deberetet
1167 1330 1319 1391 Rector'
1312 1350 1361 1391 ins
1364 1330 1469 1390 titui
1461 1350 1495 1388 m
1526 1330 1645 1399 eadem,

408 1456 464 1496 vos
497 1441 604 1496 tamen
638 1437 678 1495 ad
720 1437 908 1497 instanciam
944 1457 1000 1497 seu
1035 1436 1273 1515 opposicionem
1308 1436 1458 1515 injustam
1503 1436 1645 1515 magistri

409 1542 558 1602 Willelmi
580 1542 618 1603 de
647 1542 822 1613 Lodelowe,
851 1544 904 1623 qui
933 1542 1013 1601 nihil
1040 1542 1118 1621 juris
1147 1542 1179 1600 in
1207 1542 1292 1602 dicta'
1313 1541 1444 1601 ecclesia
1465 1541 1561 1601 hahet
1592 1542 1646 1601 ali-

408 1649 542 1729 qualiter
569 1649 619 1709 vel
647 1649 686 1709 ad
720 1670 801 1720 eam,
837 1649 995 1729 prelatum
1026 1648 1189 1710 dominum
1221 1647 1424 1727 Radulphum
1454 1650 1494 1708 ad
1529 1648 1647 1708 dictam

408 1754 572 1815 ecclesiam
589 1754 768 1842 admittere,
784 1760 816 1815 et
837 1755 1004 1816 Rectorem
1026 1755 1059 1813 in
1080 1756 1189 1815 eadem
1211 1754 1385 1824 instituere,
1408 1775 1445 1814 ac
1459 1760 1564 1815 cetera
1584 1775 1647 1834 que

407 1867 512 1922 vestro
529 1860 760 1921 ‘incumbebant
779 1862 881 1921 officio
903 1862 935 1920 in
960 1861 1020 1920 hac
1039 1865 1129 1940 parte
1146 1879 1295 1940 peragere
1321 1881 1384 1921 non
1406 1861 1549 1929 curastis,
1568 1862 1646 1941 quin

408 1967 514 2047 potius
549 1967 726 2037 recusastis,
762 1987 819 2027 seu
854 1967 924 2046 plus
959 1968 1065 2028 debito
1100 1966 1268 2027 distulistis
1304 1966 1408 2026 minus
1443 1964 1538 2044 juste,
1573 1966 1649 2027 licet

408 2071 548 2132 fuissetis
568 2093 607 2133 er
631 2078 719 2151 parte
754 2073 830 2133 dicti
865 2073 1024 2152 Radulphi
1056 2074 1162 2152 sepius
1197 2078 1229 2134 et
1264 2092 1400 2152 congrue
1425 2073 1577 2153 requisiti,
1613 2074 1648 2132 in

409 2176 508 2255 ipsius
535 2176 742 2255 prejudicium
772 2198 834 2237 non
864 2178 1022 2238 modicum
1052 2183 1084 2239 et
1119 2186 1296 2257 gravamen.
1360 2178 1454 2239 Unde
1485 2199 1522 2238 ex
1558 2184 1649 2257 parte

408 2282 550 2362 ejusdem
585 2282 753 2361 Radulphi,
789 2284 959 2343 sancientis
988 2303 1022 2344 se
1054 2304 1091 2344 ex
1126 2284 1186 2343 hoc
1225 2302 1281 2362 per
1316 2302 1371 2343 vos
1394 2283 1542 2344 ¹indebite
1578 2303 1649 2362 pre·

408 2388 538 2467 gravari,
576 2387 615 2447 ad
650 2387 777 2448 (iuriam
809 2388 1069 2451 Gantuariensem
1098 2368 1211 2459 extitit,
1243 2394 1279 2449 ιιι
1310 2388 1469 2459 asseritur,
1508 2388 1649 2466 legitima

408 2494 609 2573 appellatum.
648 2494 751 2568 Quare
774 2496 860 2556 vobis
889 2516 961 2555 cum
983 2500 1030 2556 ea'
1051 2514 1114 2575 qua
1144 2496 1234 2555 decet
1255 2495 1434 2555 reverencia
1454 2494 1646 2567 inhibemus,

405 2605 441 2660 et
468 2620 524 2679 per
552 2620 608 2660 vos
629 2600 776 2661 omnibus
804 2606 836 2661 et
857 2602 989 2681 singulis
1014 2602 1128 2682 quihus
1146 2602 1198 2681 jus
1219 2601 1314 2679 exigit
1343 2601 1477 2661 inhiberi
1500 2602 1647 2662 volumus

408 2709 441 2765 et
477 2706 672 2776 mandamus,
706 2726 754 2777 ne,
776 2696 934 2786 pendente
962 2708 995 2766 in
1014 2696 1115 2768 'Ouria
1143 2706 1363 2767 cantuariensi
1383 2707 1565 2785 hujusmodi
1594 2728 1649 2788 ap·

408 2810 590 2891 pellacionis
612 2832 716 2883 causa,
736 2812 904 2892 quicquam
925 2812 986 2872 hac
1006 2813 1171 2873 occasione
1185 2812 1318 2873 indicte
1337 2813 1437 2892 partis
1457 2813 1648 2891 appellantis

408 2916 615 2995 prejudicium
630 2919 827 2997 attemptatis
841 2918 891 2979 vel
905 2922 1106 2998 attemptent,
1126 2918 1249 2979 faciatis
1263 2924 1318 2979 aut
1340 2918 1457 2979 iaciant
1472 2919 1650 3000 aliqualiter

409 3022 600 3102 attemptari,
636 3024 821 3102 quominus·
839 3024 942 3085 eidem
969 3024 1052 3104 parti
1081 3024 1252 3104 appellanti
1282 3025 1380 3086 libera
1414 3030 1522 3104 pateat
1552 3046 1646 3086 suem

409 3128 655 3208 appellacionem
683 3130 865 3208 hujusmodi
892 3130 1103 3210 prosequendi
1128 3130 1270 3191 facultas.
1296 3130 1431 3192 ‘Gitetis
1466 3132 1566 3192 eciam
1591 3152 1647 3193 seu

408 3234 498 3294 citari
519 3233 642 3295 faciatis
669 3236 878 3314 peremptorie
906 3237 1026 3297 dictum
1054 3236 1240 3316 magistrum
1269 3236 1463 3298 Willelmum
1484 3237 1524 3297 de
1546 3238 1645 3299 Lode-

300 3417 306 3430 ·
343 3418 349 3429 q
389 3340 496 3409 lewe,
528 3344 660 3418 partem,
690 3345 726 3400 ut
754 3342 957 3419 premittitur,
985 3340 1176 3421 appellatam
1211 3342 1295 3421 quod
1322 3348 1503 3420 compareat
1538 3362 1644 3403 coram

408 3445 499 3506 nobis
535 3445 585 3505 vel
612 3451 721 3507 nostro
750 3445 974 3507 Commissario
997 3436 1030 3505 in
1059 3447 1191 3508 ecclesia
1219 3448 1309 3507 beate
1345 3448 1445 3508 Mario
1470 3449 1509 3508 de
1539 3448 1644 3509 Alder·

409 3551 625 3623 marichirche,
663 3552 845 3624 Londoniis,
882 3549 995 3633 quinto
1041 3553 1091 3613 die
1114 3552 1248 3633 juridico
1275 3559 1349 3633 post
1384 3553 1499 3614 lestum
1543 3554 1644 3615 sancti

410 3657 571 3736 Botulphi,
607 3657 640 3716 in
676 3657 760 3732 dicta
794 3657 1018 3737 appellacionis
1054 3678 1149 3719 causa
1183 3678 1397 3737 processurus,
1429 3659 1580 3731 tacturus,
1616 3666 1649 3721 et

406 3768 591 3842 recepturus
619 3763 703 3843 quod
731 3763 858 3842 justicia
886 3763 1039 3824 suadebit.
1092 3765 1153 3825 De*
1170 3764 1219 3824 die
1243 3784 1317 3825 vero
1350 3765 1544 3844 recepcionis
1577 3785 1646 3844 pre·

409 3868 559 3939 sancium,
591 3873 650 3929 eto.
707 3868 826 3928 Datum
860 3869 1042 3940 Londonris,
1078 3869 1125 3949 iij⁰
1170 3869 1240 3930 Kal.
1269 3869 1366 3939 Junii,
1404 3890 1488 3931 anno
1517 3870 1646 3932 Domini

409 3973 655 4053 M0ooc0xxiiij⁰.
698 3974 756 4036 Cui
777 3976 904 4054 quidem
926 3976 1076 4036 mandato
1100 3968 1206 4035 restro
1230 3975 1401 4054 paruimus,
1423 3981 1517 4059 prout
1547 3976 1646 4037 decet.

408 4082 528 4141 Datum
548 4080 632 4160 apud
651 4080 875 4160 Wormesleye,
897 4090 949 4141 ιιιο
966 4080 1016 4141 die
1036 4081 1154 4142 mensis
1173 4080 1270 4151 Junii,
1292 4064 1524 4175 annolDomini
1539 4101 1646 4169 suppa

409 4185 503 4246 dioto.

408 4454 485 4531 Moy
509 4456 558 4512 26
560 4453 746 4513 —Wa'lla'am
769 4453 806 4514 de
833 4454 973 4525 Ladlow,
998 4454 1146 4532 clarimiaq
1172 4460 1201 4514 to
1230 4454 1305 4514 have
1334 4455 1405 4515 beera
1422 4486 1423 4489 ¹
1427 4454 1588 4534 presented
1616 4463 1647 4516 ιο

532 4534 581 4595 the
614 4534 737 4595 Οιιινοι
764 4534 799 4614 oj
830 4534 983 4595 Marulow
1012 4534 1050 4612 by
1079 4534 1163 4595 John
1189 4535 1226 4594 de
1254 4534 1392 4614 Hastinq
1393 4556 1417 4605 s,
1447 4536 1496 4597 the
1522 4543 1645 4615 patron,

532 4615 587 4675 hes
612 4636 654 4694 cp
652 4614 760 4694 pmled
788 4622 817 4676 ιο
847 4614 896 4675 ιιι
925 4615 1020 4676 Goart
1044 4616 1080 4695 of
1106 4616 1306 4693 Oaarertary.
1364 4615 1441 4676 The
1453 4615 1572 4696 Biahop
1596 4636 1647 4678 ae·

532 4695 716 4775 karowledqea
739 4695 788 4756 the
808 4696 919 4775 receipt
932 4696 968 4774 of
987 4696 1035 4756 the
1055 4696 1200 4757 mandate
1214 4696 1278 4776 oft
1267 4696 1315 4757 the
1339 4696 1432 4758 Ocuri
1454 4698 1648 4777 summoninp

533 4776 598 4836 him
626 4784 655 4838 ιο
672 4796 799 4861 appear
826 4776 923 4856 before
947 4776 984 4837 a.

491 4967 794 5029 Onamrrosroaruu
823 4986 1057 5030 soeaasrroars
1082 4986 1237 5029 auersum
1265 4969 1444 5029 Wmasnrrr
1465 4986 1518 5029 ,οιι
1541 4970 1648 5031 lons-

408 5092 512 5147 town,
533 5092 734 5135 raasaarnrr
755 5092 798 5134 ιο
819 5091 1003 5135 necansrsir
1034 5092 1078 5134 na
1100 5075 1324 5146 Mosssnown,
1356 5092 1504 5135 ascarrn
1527 5084 1568 5135 rr
1588 5094 1647 5136 οιιι
