3850 5917
691 672 842 753 Episcopi
869 670 1112 753 Hercfordemis.
1458 672 1519 733 255

78 904 158 944 M)-
176 904 237 943 ¹³²²·
282 896 440 957 distincte.
482 897 602 957 Datum
625 898 708 976 apud
730 897 904 975 Bosebury,
926 898 1017 975 xviij·
1037 897 1086 957 die
1108 896 1262 965 Octobris,
1285 917 1368 956 anno
1390 896 1519 958 Domini

283 1001 506 1081 Mucouxijr,
529 1008 589 1063 eto.

764 1084 841 1130 [Folio
854 1089 880 1128 ω
893 1087 913 1129 ia
927 1084 1049 1134 misrinsl.

79 1330 152 1369 sn.
174 1330 235 1369 rm
283 1305 360 1383 Jcly
380 1306 547 1365 14.-Enc
567 1307 602 1386 os
623 1326 666 1367 ac
689 1314 776 1385 cotry
796 1308 862 1385 (ihc
882 1307 995 1368 earlier
1011 1308 1137 1387 portion
1158 1308 1244 1386 ὑείοις
1267 1309 1339 1387 lost)
1360 1308 1396 1367 io
1415 1307 1518 1367 which

112 2055 171 2095 For.
185 2056 222 2093 7⁰.

405 1385 453 1446 the
474 1387 602 1466 Bishop,
624 1408 659 1447 ac
681 1387 707 1447 it
727 1388 829 1448 would
852 1409 938 1459 seam,
965 1388 1027 1449 hod
1050 1389 1191 1449 destircd
1215 1409 1236 1449 o
1256 1388 1424 1468 prehendat
1442 1408 1515 1468 por-

405 1467 471 1527 tico
490 1488 525 1527 or
540 1467 681 1546 portioris
704 1469 739 1527 in
759 1490 838 1530 somc
861 1468 985 1530 Ohurcb
1005 1471 1040 1549 os
1059 1470 1107 1530 ihc
1128 1470 1254 1531 Dioocsc
1275 1477 1304 1529 to
1327 1470 1359 1529 bc
1380 1470 1516 1529 immane

396 1549 482 1627 from
506 1548 555 1608 tae
579 1568 650 1609 cure
670 1550 705 1628 os
725 1550 817 1609 sortis.
875 1550 923 1610 On
947 1550 995 1611 ihc
1020 1570 1101 1610 sonae
1125 1550 1187 1628 (icy
1212 1550 1275 1609 ccci
1300 1550 1334 1609 io
1360 1550 1407 1609 the
1432 1569 1516 1609 sanic

397 1629 490 1708 form,
527 1630 658 1690 mutatis
692 1630 882 1700 nominibus,
918 1630 968 1691 tie
998 1631 1166 1709 prehendet
1196 1630 1335 1710 portione
1372 1630 1441 1690 heti
1476 1630 1515 1707 by

404 1710 524 1770 Gitbert
546 1709 583 1769 dc
609 1710 781 1771 Middictort
804 1711 868 1771 ond
893 1712 1024 1771 Thomas
1049 1712 1085 1772 de
1113 1712 1236 1772 Orlctorr
1260 1711 1295 1770 οη
1319 1712 1367 1771 the
1392 1710 1517 1772 Choreb

403 1790 439 1950 pp
459 1790 606 1931 rLciiisbm
634 1811 708 1851 wore
735 1792 801 1851 also
825 1791 966 1852 declarari
995 1800 1024 1852 to
1049 1792 1082 1853 bc
1107 1792 1240 1852 immicos
1261 1794 1347 1872 from
1372 1792 1420 1852 ihc
1444 1812 1515 1852 oure

367 2027 486 2086 Dstum
514 2032 547 2086 et
581 2032 686 2086 actum
727 2026 759 2085 in
784 2027 903 2107 capella
931 2028 1062 2088 manerii
1097 2028 1197 2089 nostri
1224 2028 1262 2088 de
1301 2027 1520 2099 Whitbourue,

285 2131 336 2192 die
370 2130 440 2210 xiij·
471 2130 590 2191 mensis
624 2130 710 2201 Julii,
755 2152 838 2192 suno
884 2131 1013 2192 Domini
1052 2132 1191 2193 M00000
1225 2132 1373 2193 vicesimo
1417 2132 1522 2205 tortio,

286 2236 468 2297 Indicoione
490 2236 532 2315 vj,
554 2236 758 2316 pontificatus
779 2238 971 2298 sanctissimi
992 2238 1096 2298 Patris
1117 2238 1236 2298 domini
1263 2238 1419 2300 Johannis
1435 2239 1523 2318 Papo

284 2342 386 2401 XXII
417 2362 501 2403 anno
532 2342 677 2421 septimo,
705 2342 904 2422 presentibus
929 2343 1065 2404 dominis
1097 2344 1219 2405 Thema
1240 2344 1357 2423 Gyras,
1386 2345 1522 2406 Rectore

284 2447 415 2509 ecclesie
452 2448 491 2508 de
527 2447 716 2519 Wolirelow,
756 2424 997 2510 Hsreiordensiis
1032 2450 1174 2521 diocesis,
1209 2456 1242 2510 et
1276 2450 1444 2530 deulpho
1482 2450 1522 2512 de

284 2553 455 2625 Malverne,
489 2553 672 2633 presbitero,
701 2553 940 2633 Wygorniensis
981 2554 1123 2626 diocesis,
1153 2575 1190 2615 ac
1225 2554 1368 2615 Gilborto
1399 2554 1522 2628 Talbot,

284 2658 373 2730 laico,
400 2658 535 2720 testibus
565 2659 684 2720 adhoc
705 2660 834 2721 vocatis.

365 2790 409 2850 Et
437 2809 504 2869 ego,
525 2790 717 2869 Regiualdus
742 2792 780 2851 de
808 2790 1012 2863 Monselowe,
1034 2791 1165 2853 clericus
1188 2791 1430 2853 Hereiordcnsis
1455 2792 1520 2853 dio·

281 2896 373 2967 cesis,
409 2894 596 2956 auctoritate
630 2896 803 2975 apostolica
828 2896 971 2957 notarius
1005 2896 1158 2976 publicus,
1189 2896 1351 2975 promissis
1382 2916 1519 2957 unacum

283 3000 376 3061 dictis
404 3000 538 3061 testibus
564 3020 693 3079 presens
717 2999 772 3071 fui,
801 3020 900 3080 eaque
924 3000 963 3061 de
991 3001 1141 3062 mandato
1168 3000 1244 3061 dicti
1272 3000 1376 3061 Patris
1407 3002 1519 3082 scripsi

282 3111 315 3168 et
336 3106 501 3187 publicavi,
530 3107 718 3187 signumque
749 3126 856 3167 meum
884 3126 1020 3167 unacum
1043 3107 1145 3186 sigillo
1169 3106 1311 3186 ejusdem
1338 3107 1443 3169 Petris
1465 3128 1519 3189 ap-

283 3213 374 3292 posui
395 3217 583 3273 consuetum
604 3212 637 3271 in
666 3212 883 3273 testimonium
912 3211 1147 3291 premissorum,
1173 3218 1232 3273 otc.

366 3343 410 3403 Et
428 3342 665 3403 memorandum
683 3342 766 3422 quod
785 3342 903 3403 eisdem
924 3362 1017 3414 anno,
1033 3342 1092 3413 dis,
1107 3362 1224 3413 mense,
1239 3342 1317 3413 loco,
1336 3341 1522 3415 indiccione,

284 3456 317 3511 et
336 3450 534 3530 pontificatu,
564 3449 678 3530 quibus
706 3468 810 3528 supra,
845 3448 1046 3529 presentibus
1076 3468 1135 3519 me,
1168 3448 1300 3519 notario,
1329 3452 1362 3508 et
1385 3448 1521 3510 testibus

284 3556 516 3637 suprascriptis,
538 3556 642 3615 dictus
663 3554 849 3615 venerabilis
870 3555 966 3615 Pater
987 3554 1208 3634 pronunciavit
1232 3558 1264 3614 et
1287 3552 1523 3615 sentencialiter

284 3661 454 3724 declaravit
482 3661 540 3721 sub
561 3661 670 3732 forma,
703 3660 818 3731 animo,
846 3665 879 3720 et
907 3659 1107 3721 continencia
1128 3659 1292 3719 verborum
1315 3658 1459 3738 superius
1486 3659 1521 3718 in

283 3768 425 3848 predicte
453 3766 614 3827 sentencia
642 3785 869 3844 expressorum,
894 3765 1026 3825 mutatis
1057 3764 1237 3825 nominibus
1261 3764 1463 3824 ecclesiarum
1488 3769 1522 3826 et

284 3892 499 3953 personarum,
530 3871 706 3952 prebendas
737 3891 816 3951 quas
847 3871 990 3950 magistri
1020 3870 1180 3931 Gilbortus
1208 3870 1247 3930 dc
1272 3869 1467 3931 Middletone
1487 3875 1522 3931 st

284 3980 423 4040 Thomas
450 3980 489 4040 de
511 3978 661 4039 Orietone
682 3983 792 4039 tenent
816 3978 849 4037 in
870 3978 1003 4038 ecclesia
1027 3978 1065 4037 de
1091 3977 1237 4055 Ledbury
1266 3996 1335 4037 osse
1362 3976 1521 4039 immunes

285 4106 305 4146 a
324 4104 399 4145 cura
423 4084 608 4154 animarum,
637 4082 764 4143 domino
789 4082 948 4143 Willelmo
981 4083 1086 4143 Denot
1118 4088 1194 4141 tuuc
1224 4087 1377 4161 perpetuo
1404 4082 1521 4143 vicario

284 4189 415 4251 ecclesie
435 4188 556 4268 prefate
582 4188 620 4248 de
642 4187 789 4266 Ledbury
816 4188 980 4249 existente.

286 4455 363 4535 July
384 4456 517 4517 15.-Irr
538 4454 721 4515 accordante
743 4454 821 4515 with
841 4475 862 4515 o
885 4454 971 4514 letter
988 4454 1073 4532 from
1096 4452 1144 4513 the
1168 4454 1275 4532 Popc’r
1303 4453 1519 4533 Parcitentiory

409 4536 458 4597 the
477 4536 597 4615 Bishop
617 4535 756 4613 moires
777 4535 843 4595 icto
865 4534 914 4595 ihc
934 4554 1002 4594 case
1016 4534 1050 4613 of
1069 4532 1153 4594 John
1172 4534 1209 4594 dc
1229 4534 1403 4606 Kclnucott
1426 4535 1519 4596 Vioor

407 4619 442 4697 of
462 4617 575 4677 Dittorr
598 4616 715 4687 Priors,
739 4617 805 4677 who
831 4616 886 4676 hos
912 4614 1006 4675 killed
1031 4635 1051 4674 a
1075 4634 1148 4674 naon
1171 4615 1207 4675 ira
1228 4614 1426 4694 sels-dejeres,
1454 4616 1518 4676 and

404 4718 593 4778 prorrormocs
618 4696 685 4757 thar
711 4697 746 4756 hc
769 4718 839 4775 moy
863 4695 1006 4756 minister
1030 4695 1065 4755 ira
1090 4694 1137 4754 his
1162 4694 1264 4756 orders
1289 4716 1324 4755 cs
1350 4696 1455 4776 before.

369 4866 515 4926 errass
528 4882 647 4925 nouuu
668 4864 886 4933 Bassuossur,
906 4860 1348 4931 Errsoor1Tosounss1,1³so
1366 4861 1520 4923 Josssur

286 4990 332 5034 οη
353 4972 587 5043 Kruuuscora,
618 4986 975 5041 rsassrruso,nou1so
1005 4966 1363 5029 munera-Universis
1391 4968 1520 5042 Christi,

287 5083 359 5150 eto,
396 5077 505 5149 Adam,
528 5080 587 5137 etc.
647 5075 806 5136 Noveritis
828 5094 886 5135 nos
909 5074 1032 5134 litteras
1063 5072 1225 5133 reverendi
1253 5072 1365 5144 Patris,
1398 5074 1519 5135 domini
