3850 5917
664 709 815 790 Episcopi
842 709 1087 788 Horefordcnsis.
1454 708 1496 766 95

123 945 162 982 tv-
175 945 216 982 ¹³¹⁹·
255 954 310 995 sue
346 934 488 995 debitum
524 940 556 995 et
575 934 744 1014 'religionis
782 935 994 1005 honestatem,
1027 919 1118 1013 ⁸quod
1152 932 1295 994 dolenter
1322 932 1497 1002 referimus,

256 1041 461 1111 commisisse,
491 1061 527 1101 ac
559 1061 627 1111 nos,
650 1040 754 1101 anime
776 1061 832 1100 sue
853 1040 948 1100 saluti
978 1039 1159 1119 prospicere
1188 1038 1361 1117 cupientes,
1391 1037 1496 1116 ipsum

256 1145 384 1206 fratrem
413 1146 593 1208 iohannem
623 1147 662 1206 ad
691 1145 891 1206 Oonventnm
920 1144 1103 1206 monasterii
1131 1145 1233 1205 sancti
1261 1143 1430 1221 Augustini
1458 1143 1499 1203 de

254 1250 426 1320 Brietollio,
454 1256 558 1312 vestre
586 1251 729 1322 diocesis,
759 1252 878 1312 ordinis
906 1257 938 1312 et
967 1251 1126 1330 religionis
1154 1251 1306 1331 ejusdem,
1335 1251 1375 1310 ad
1408 1248 1497 1329 peni-

255 1357 392 1416 tenciam
422 1357 594 1418 salutarem
623 1358 662 1417 ad
691 1363 819 1436 tempus
840 1356 917 1416 inibi
938 1357 1159 1436 peragendam,
1185 1355 1367 1417 duxerimus
1394 1360 1496 1415 trane-

255 1463 456 1532 mittendum,
485 1483 521 1524 ao
542 1463 695 1524 Abbatem
717 1469 749 1524 et
769 1463 970 1524 Conveniam
996 1462 1178 1522 monasterii
1203 1461 1305 1522 sancti
1328 1460 1498 1540 Augustini

257 1570 294 1629 de
315 1568 480 1630 Bristollio
512 1570 647 1649 predicti
675 1589 732 1648 per
760 1569 838 1629 alias
860 1574 987 1629 nostras
1010 1569 1133 1629 litteras
1160 1567 1374 1646 rogaverimus
1403 1571 1438 1626 ut
1457 1566 1497 1626 ad

255 1674 312 1734 hoc
333 1675 440 1753 ipsum
462 1675 675 1746 admitterent,
698 1676 798 1735 donec
818 1675 922 1754 ipsum
944 1675 1125 1735 duxerimus
1147 1674 1368 1744 revocandum,
1391 1678 1433 1743 et,
1456 1693 1498 1732 ne

146 1833 168 1862 ο,
213 1855 217 1864 Ι
254 1780 366 1840 domus
396 1799 454 1840 sua
482 1781 647 1841 occasione
676 1800 762 1840 more
805 1800 861 1840 sue
898 1780 970 1858 plus
1006 1779 1112 1840 debito
1150 1785 1341 1858 gravaretur,
1376 1778 1496 1839 eisdem

256 1885 551 1944 denunciaverimus
593 1891 629 1944 ut
666 1885 802 1964 aliquem
845 1886 884 1946 de
921 1885 1071 1945 iratribus
1112 1884 1179 1945 suis
1215 1904 1309 1964 quem
1351 1884 1498 1944 duxerint

256 1990 435 2068 eligendum
455 1991 524 2050 loco
548 1990 624 2050 dicti
644 1990 800 2051 iohannis
820 1991 859 2050 ad
882 1990 1040 2070 prefatum
1061 1991 1288 2052 monesterium
1311 1991 1350 2050 de
1372 1990 1498 2069 Wigge·

257 2114 342 2155 more
377 2095 507 2156 interim
535 2102 730 2157 moraturum
759 2097 886 2158 mittere
915 2105 1056 2176 possent,
1086 2099 1113 2158 si
1141 2099 1267 2169 vellent,
1301 2099 1352 2159 cui
1380 2098 1497 2159 ibidem

257 2200 288 2258 in
317 2200 504 2260 necessariis
538 2201 762 2278 providebitur,
800 2203 882 2262 sicut
910 2204 1009 2274 decet,
1048 2203 1214 2283 Abbasque
1248 2209 1282 2265 et
1314 2204 1498 2265 Conventus

257 2306 440 2367 monasterii
464 2306 565 2366 sancti
588 2307 756 2386 Augustini
777 2308 911 2387 predicti
936 2309 976 2368 ad
999 2309 1104 2388 ipsum
1126 2309 1256 2370 fratrem
1280 2309 1497 2388 recipiendum

257 2413 398 2473 difficiles
438 2433 471 2472 se
500 2412 676 2483 exhibeant,
705 2419 738 2474 et
765 2414 866 2474 eciam
894 2415 1077 2486 renitentes,
1106 2422 1244 2477 vestram
1272 2417 1497 2495 paternitatem

256 2518 288 2577 in
324 2519 405 2598 juris
442 2518 617 2579 subsidium
655 2524 764 2580 mutue
801 2519 1030 2581 vicissitudinis
1065 2525 1200 2600 optentu
1233 2520 1422 2601 requirimus
1464 2528 1498 2582 et

257 2643 404 2704 rogamus
421 2624 571 2703 quatinus
591 2623 746 2685 Abbatem
760 2630 793 2685 et
809 2623 1009 2686 Conventum
1024 2626 1191 2704 predictos,
1207 2626 1351 2687 subditos
1364 2631 1498 2697 vestros,

258 2731 341 2810 quod
371 2731 476 2809 ipsum
504 2731 658 2809 recipiant
685 2731 775 2809 juxta
794 2730 874 2809 juris
895 2731 1089 2810 exigenciam
1117 2731 1323 2811 compellatis.

340 2852 407 2913 Sub
440 2853 502 2912 ista
537 2851 638 2912 forma
675 2852 802 2931 scripsit
839 2852 987 2912 dominus
1024 2852 1183 2932 Episcopo
1218 2852 1428 2913 Bathoniensi
1466 2858 1502 2913 et

257 2959 409 3020 Wellensi
434 2979 491 3038 pro
512 2959 634 3019 Thomu
655 2959 791 3018 Pichard
809 2959 989 3038 recipiendo
1011 2959 1044 3018 in
1066 2959 1205 3021 Abbacia
1218 2960 1257 3021 ds
1283 2959 1498 3038 Keynesham.

258 3190 330 3250 Jon.
353 3188 652 3250 12.—Gommission
681 3195 709 3249 to
739 3188 788 3248 ilco
818 3187 1025 3266 Commisscrp
1063 3188 1196 3249 Garmai
1224 3196 1253 3249 to
1291 3196 1341 3249 oct
1370 3188 1496 3267 sortire

380 3270 499 3350 Bisbop
528 3270 564 3328 ic
585 3270 634 3330 ite
655 3275 767 3330 mutter
797 3269 832 3347 of
857 3269 905 3330 the
930 3269 1142 3348 presentatioa
1168 3271 1204 3349 of
1227 3269 1370 3329 Rictcrd
1397 3269 1435 3329 de
1464 3269 1497 3330 lc

379 3351 775 3509 Zagebirbeilirlmmqe
799 3351 834 3429 os
856 3351 1001 3411 Ooroome
1025 3351 1063 3428 by
1086 3351 1136 3410 the
1156 3350 1254 3410 Abbot
1274 3350 1338 3410 and
1360 3351 1496 3411 Conveni

334 3580 474 3639 Vrcsara
509 3597 553 3638 na
590 3577 1050 3639 (lausana-Memorandum
1086 3578 1171 3656 quod
1205 3577 1262 3657 xij⁰
1292 3577 1343 3638 die
1379 3577 1499 3639 mensis

255 3685 409 3756 ianuarii,
453 3704 537 3745 anno
576 3684 707 3744 Domini
743 3684 972 3763 M⁰coo⁰xviij⁰
1010 3684 1094 3762 apud
1127 3684 1302 3762 Bosebury,
1339 3683 1500 3744 commisit

258 3793 406 3853 dominus
429 3792 514 3852 vices
536 3811 610 3852 suas
631 3791 783 3870 magistro
808 3791 845 3850 R.
868 3791 906 3852 de
929 3790 1108 3862 Sidenhale‚
1137 3791 1354 3852 commissario
1376 3811 1443 3861 suo,
1465 3791 1500 3850 in

256 3899 388 3978 negocio
416 3897 666 3976 presentacionis
694 3897 777 3957 facte
805 3898 844 3958 de
869 3897 1005 3957 Ricardo
1033 3896 1072 3957 de
1097 3896 1128 3956 la
1150 3895 1246 3957 Felde
1271 3897 1310 3957 de
1333 3897 1500 3958 Northone

257 4001 353 4081 Regis
375 4022 432 4081 per
457 4000 612 4062 Abbatem
640 4006 672 4061 et
698 4001 896 4062 Conventum
920 4001 1022 4062 sancti
1050 4001 1136 4062 Petri
1161 4003 1206 4072 de⁴
1223 4001 1430 4073 Gloucestria,
1454 4002 1501 4062 ita

257 4109 351 4187 quod,
374 4108 401 4168 si
425 4107 612 4168 canonicum
630 4127 694 4167 non
715 4107 858 4178 obsistat,
882 4108 988 4187 ipsum
1009 4108 1048 4167 ad
1072 4127 1142 4168 eam
1161 4107 1343 4168 admitteret
1365 4106 1500 4167 auctori-

258 4219 325 4274 tate
353 4233 421 4284 sua,
450 4219 483 4274 et
511 4212 692 4273 institueret
720 4214 753 4272 in
774 4214 894 4285 eadem,
920 4219 953 4274 et
981 4213 1015 4272 in
1044 4213 1237 4292 corporalem
1266 4213 1499 4292 possessionem

258 4319 422 4380 induceret
443 4339 500 4380 seu
524 4319 641 4380 faceret
669 4321 786 4393 induci,
807 4327 867 4382 etc.

259 4542 335 4602 Joa.
357 4541 514 4602 ra-Tha
541 4541 660 4622 Bielcop
687 4540 897 4602 commissione
926 4541 977 4602 tite
1005 4540 1186 4601 Gtcrroetlor
1205 4539 1269 4601 aad
1297 4540 1347 4600 tiae
1377 4539 1499 4616 Officicl

384 4631 413 4684 to
451 4629 501 4683 oct
523 4624 578 4702 jor
607 4622 671 4682 tim
698 4622 734 4682 ic
765 4623 814 4683 tto
848 4629 960 4682 ccottcr
987 4622 1023 4700 of
1043 4642 1086 4681 cc
1112 4621 1264 4699 cacirunqc
1292 4620 1419 4681 between
1446 4620 1496 4680 tiae

382 4703 473 4763 Deua
499 4703 563 4764 aad
592 4703 726 4782 coapta
750 4702 813 4763 aad
837 4703 922 4763 illoc
944 4703 983 4764 do
1009 4701 1164 4774 Ptolem,
1192 4701 1279 4762 bord
1306 4701 1341 4781 os
1365 4699 1498 4780 Kilpcclc

383 4784 447 4844 anri
484 4783 700 4862 Laprocrdioe,
729 4785 764 4863 os
799 4784 849 4844 the
880 4784 995 4844 Manor
1021 4785 1056 4863 os
1080 4782 1192 4844 Holme
1223 4782 1311 4860 Lccy
1338 4780 1415 4840 airh
1447 4781 1497 4841 ta

386 4863 509 4925 coarat
536 4865 571 4940 of
588 4864 806 4943 Lquordine.

345 5011 526 5073 Goumssro
547 5027 590 5070 an
605 5027 780 5070 nonnarum
801 5027 845 5068 na
861 5009 992 5069 Honora
1007 5005 1500 5085 ianuariarum—Episcopus,

259 5123 334 5190 etc,
374 5115 603 5179 venerabilibus
635 5115 719 5188 viris,
748 5115 899 5195 magistro
926 5115 965 5174 R.
1003 5115 1043 5176 de
1078 5112 1285 5184 Gloucestria,
1314 5111 1504 5174 cancellario
