3850 5917
713 683 864 765 Episcopi
890 686 1133 766 Hercsordemie.
1519 692 1538 751 3

128 912 188 952 M>-
203 913 261 953 ¹³¹⁷·
305 906 450 979 bullatas,
480 927 614 988 quarum
649 914 790 970 tenorem
825 909 884 971 sub
918 910 1020 990 sigillo
1054 912 1240 973 venerabilis
1274 913 1383 992 patrie,
1419 914 1539 975 domini

304 1012 446 1084 walteri,
462 1015 523 1075 Dei
536 1016 641 1094 gracia
654 1014 890 1078 Gantuariensis
907 1015 1153 1097 Archiepiscopi‚
1172 1019 1271 1080 totius
1291 1018 1401 1099 Anglie
1419 1020 1538 1080 Prima-

303 1119 355 1190 cis,
383 1121 473 1181 vobis
494 1120 660 1191 mittimus,
682 1123 766 1202 quod
791 1128 891 1183 totam
911 1123 1079 1204 pecuniam
1110 1124 1294 1186 decimalem
1322 1125 1421 1205 ipsius
1445 1126 1540 1205 primi

302 1224 379 1285 anni
399 1224 433 1283 in
450 1244 547 1305 regno
567 1231 600 1287 et
617 1226 760 1305 partibus
776 1228 959 1290 memoratis
976 1228 1140 1289 collectam
1157 1229 1311 1291 hactenus
1332 1230 1382 1292 vel
1402 1231 1537 1292 levatam

302 1334 335 1391 et
349 1330 556 1411 colligendam
573 1332 606 1393 in
624 1337 717 1394 autea
737 1353 793 1395 seu
811 1334 977 1395 levandam
994 1335 1085 1396 nobie
1103 1336 1187 1396 ultra
1203 1336 1235 1396 id
1252 1337 1336 1417 quod
1353 1337 1391 1397 de
1404 1337 1539 1417 pecunia

301 1438 446 1517 ejusdem
477 1438 597 1501 decime
627 1459 760 1520 perros
780 1444 813 1501 et
841 1440 920 1501 alios
940 1441 1078 1520 prelatos
1105 1442 1264 1522 predictos
1295 1449 1405 1503 mutuo
1433 1443 1539 1504 extitit

302 1543 470 1604 liberatum
492 1564 530 1605 ex
554 1564 648 1606 causa
676 1545 778 1606 mutui
808 1566 880 1606 oum
911 1546 1092 1626 integritate
1132 1548 1277 1626 [tradatis
1297 1554 1330 1608 et
1357 1548 1535 1627 assignetis]

303 1653 400 1727 prout
420 1648 453 1707 in
476 1648 590 1710 litteris
610 1650 760 1729 predictis
780 1650 905 1730 plenius
925 1652 1114 1713 continetur.
1170 1652 1238 1715 Nos
1266 1660 1395 1734 propter
1424 1673 1539 1733 magna

301 1758 335 1814 et
371 1754 520 1833 urgencia
554 1756 684 1835 negocia
717 1756 807 1817 nobis
842 1757 881 1816 ad
912 1776 1042 1836 presens
1074 1758 1290 1838 multipliciter
1320 1759 1538 1820 incumbencia

303 1857 446 1920 volentes
467 1859 551 1938 quod
569 1859 660 1921 nobis
674 1860 713 1921 de
733 1860 817 1921 diota
838 1861 959 1923 decima
974 1862 1065 1941 juxta
1085 1864 1320 1926 concessionem
1341 1864 1417 1925 dicti
1438 1867 1537 1945 patris

303 1963 447 2025 celeriter
461 1964 603 2036 satisfiat,
626 1965 715 2027 vobis
733 1967 920 2028 mandamus
944 1967 1022 2049 [qui]
1050 1968 1082 2027 in
1104 1969 1166 2029 fide
1186 1975 1218 2030 et
1239 1969 1409 2032 dileccione
1435 1971 1537 2049 [nobis

301 2068 468 2147 tenemini]
486 2068 618 2131 firmiter
634 2070 834 2150 injungentes
852 2073 937 2151 quod
952 2077 1054 2133 totam
1070 2074 1237 2154 pecuniam
1254 2095 1349 2155 quam
1369 2095 1467 2154 penes
1480 2096 1538 2139 vos

302 2171 427 2234 habetis
448 2174 481 2232 in
496 2174 639 2255 deposito
659 2176 698 2236 de
713 2177 835 2238 decima
848 2178 1029 2257 supradicta
1049 2179 1132 2239 ultra
1146 2199 1303 2241 summam
1324 2181 1410 2241 illam
1430 2185 1536 2262 [quam

301 2278 393 2340 nobis
425 2279 514 2359 alias]
557 2281 630 2342 inde
665 2287 776 2344 mutuo
807 2282 963 2344 liberastis
1003 2284 1043 2343 ad
1079 2285 1270 2346 scaccarium
1302 2292 1447 2348 nostrum
1481 2308 1538 2368 per

301 2384 424 2464 aliquos
446 2384 484 2445 de
504 2386 618 2447 vestris
652 2386 794 2447 celeriter
825 2387 1067 2449 transmittatis:
1096 2390 1142 2450 ita
1176 2390 1259 2469 quod
1293 2410 1363 2452 eam
1394 2391 1537 2454 habeatis

301 2488 418 2549 ibidem
434 2490 485 2551 die
503 2490 651 2551 Mercurii
667 2492 809 2571 proximo
830 2499 904 2553 ante
920 2492 1038 2554 festum
1057 2493 1242 2556 Natiuitatis
1258 2496 1360 2557 sancti
1380 2496 1401 2557 J
1402 2496 1538 2559 ohannis

301 2594 449 2674 Baptiste
479 2596 620 2676 proxime
649 2596 790 2658 futurum
822 2598 861 2658 ad
885 2598 1033 2659 ultimum
1058 2600 1253 2661 thesaurario
1282 2606 1391 2662 nostro
1420 2602 1536 2664 ibidem

300 2699 494 2761 liberandam
522 2718 580 2780 pro
604 2702 805 2782 expedicione
826 2704 1026 2783 negociorum
1047 2709 1226 2765 nostrorum
1250 2706 1482 2785 [predictorum
1504 2712 1538 2768 et

300 2804 391 2884 illud]
420 2806 505 2886 quod
536 2808 575 2868 de
595 2808 680 2868 dicta
700 2808 822 2869 decima
850 2808 997 2869 videlicet
1026 2809 1066 2870 de
1091 2810 1194 2890 primo
1214 2831 1298 2872 anno
1321 2811 1538 2890 imposicionis

301 2912 444 2991 ejusdem
466 2912 569 2973 adhue
597 2913 630 2972 in
651 2913 768 2976 diocesi
793 2919 899 2975 vestra
925 2914 1136 2994 colligendum
1164 2921 1264 2977 restat
1291 2936 1348 2978 seu
1368 2917 1537 2978 levandum

304 3018 403 3095 [omni
428 3018 577 3079 dilatione
611 3018 799 3098 postposita]
838 3019 934 3079 levari
955 3024 988 3079 et
1019 3019 1122 3100 colligi
1147 3020 1278 3093 faciatis,
1310 3026 1343 3083 et
1369 3023 1537 3102 pecuniam

301 3123 375 3185 inde
399 3122 638 3203 provenientem
659 3124 700 3185 ad
722 3124 842 3185 dietum
865 3126 1057 3187 scaccarium
1079 3125 1112 3185 in
1135 3127 1235 3187 tribus
1256 3128 1443 3207 septimanis
1462 3134 1536 3208 post

301 3228 384 3290 festa
414 3228 516 3290 sancti
547 3228 703 3290 Johannie
734 3228 881 3309 Baptista
907 3234 940 3291 et
971 3229 1062 3291 beate
1097 3229 1188 3291 Anne
1211 3230 1405 3291 liberandam
1433 3232 1537 3293 modis

301 3336 450 3396 omnibus
472 3334 623 3397 habeatis.
647 3335 714 3397 Nos
739 3336 824 3397 enim
847 3335 937 3397 vobis
961 3336 1078 3397 ibidem
1102 3336 1223 3397 litteras
1244 3344 1369 3398 nostras
1389 3344 1536 3417 patentes

300 3440 340 3503 de
374 3441 509 3521 pecnnia
543 3441 683 3521 predicta
717 3441 802 3502 dicto
832 3444 969 3519 [summo
1006 3441 1154 3503 Pontifici
1197 3443 1404 3522 persolvenda
1446 3444 1536 3523 juxta

300 3546 447 3624 formam]
490 3546 665 3607 litterarum
700 3546 942 3626 apostolicarum
970 3547 1181 3627 predictarum
1217 3547 1341 3609 liberari
1374 3548 1534 3610 iaciemus.

300 3652 460 3713 Promissa
480 3656 588 3713 autem
608 3651 654 3712 sic
683 3652 817 3731 [solicite
837 3654 881 3731 et]
910 3652 1077 3731 diligenter
1095 3653 1217 3734 [exequi
1239 3655 1393 3715 studeatis
1414 3660 1536 3716 utnon

301 3756 476 3837 contingat]
516 3756 646 3836 negocia
675 3762 784 3818 nostra
814 3758 956 3837 predicta
981 3757 1021 3819 ob
1042 3758 1200 3819 delectum
1230 3760 1364 3838 pecunie
1394 3760 1535 3839 predicte

297 3862 476 3942 aliqualiter
495 3862 647 3923 retardari
668 3863 723 3923 sed
744 3862 827 3942 quod
848 3867 986 3923 vestram
1015 3863 1121 3942 potius
1142 3862 1339 3943 diligenciam
1360 3864 1393 3923 in
1424 3884 1533 3925 execu-

297 3968 390 4028 oione
410 3966 636 4048 premissorum
656 3967 826 4029 debeamus
847 3968 960 4029 merito
990 3969 1218 4029 commendare.
1268 3969 1361 4030 Teste
1391 3990 1441 4031 me
1465 3970 1535 4049 ipso

298 4074 383 4153 apud
404 4072 733 4143 westmonasterium,
747 4082 779 4132 1⁰
799 4074 849 4134 die
870 4074 968 4145 Junii,
990 4094 1074 4135 anuo
1095 4075 1182 4154 regui
1203 4076 1304 4135 nostri
1325 4076 1467 4136 decimo.¹

299 4339 376 4417 Jclp
398 4340 587 4401 9.-—Lcttcrs
618 4340 783 4419 dimissory
814 4342 941 4419 prantcd
974 4349 1004 4403 lo
1040 4342 1196 4420 chsnuld
1225 4343 1262 4403 dc
1290 4342 1430 4414 lcedloso,
1466 4344 1534 4404 that

421 4420 457 4481 lle
484 4441 555 4499 osup
576 4422 688 4483 receive
710 4422 759 4481 the
774 4422 848 4501 first
870 4428 992 4483 tonsure
1012 4424 1098 4503 from
1118 4443 1179 4501 any
1201 4423 1329 4503 Bisbop.

380 4577 528 4637 Limusa
553 4595 740 4641 nrmssosrs
763 4596 805 4639 en
826 4596 953 4639 muru
976 4578 1311 4651 rosensem—Adam,
1327 4580 1534 4660 permissione

298 4684 406 4745 divina
426 4682 668 4746 Hereiordsnsie
690 4684 868 4765 Episcopus
887 4685 1002 4746 dilecto
1033 4684 1066 4744 iu
1098 4684 1225 4745 Christo
1256 4684 1329 4755 filio,
1361 4684 1534 4765 Regiualdc

297 4788 338 4849 de
365 4789 543 4859 ludelewe,
575 4788 640 4849 filio
661 4788 787 4849 Ricardi
816 4790 854 4850 de
883 4788 1039 4859 Routcne,
1062 4788 1102 4849 de
1124 4793 1233 4849 nostra
1254 4788 1370 4849 diocesi
1391 4789 1532 4861 oriundo,

297 4894 420 4965 walari,
442 4893 586 4964 salutem,
603 4894 749 4974 graciam.
765 4898 797 4955 et
813 4893 1077 4955 benediccionem.
1115 4893 1181 4954 Tue
1195 4893 1373 4955 devocionis
1388 4893 1533 4973 precibus

359 5028 473 5075 r-uenp
485 5026 565 5070 werde
574 5027 598 5069 lu
611 5028 661 5071 tbie
677 5027 742 5071 Briel
750 5026 787 5073 lae
801 5029 852 5070 elec
861 5028 885 5069 tn
898 5030 940 5070 tlie
953 5027 1078 5077 precedine
1091 5025 1221 5071 letterlare
1233 5028 1373 5075 completely
1385 5028 1534 5075 obliterated.

296 5076 337 5120 tel.
351 5080 359 5119 l
375 5076 455 5119 citha
469 5077 577 5125 Reeleter
594 5078 681 5127 having
695 5078 753 5119 been
767 5078 825 5120 used
839 5090 867 5120 ae
880 5079 921 5120 tlte
939 5082 1009 5119 outer
1021 5090 1098 5119 cover.
1135 5080 1157 5119 lt
1169 5079 1214 5120 hae
1228 5078 1286 5119 been
1304 5078 1406 5119 collated
1422 5078 1481 5120 with
1494 5080 1536 5121 the

297 5128 360 5169 Welt
375 5128 400 5169 ln
413 5129 455 5169 tlie
468 5128 537 5170 Cloee
551 5128 616 5170 Rollr
629 5129 676 5170 rud
689 5130 731 5171 the
744 5130 844 5176 missine
857 5128 936 5172 werde
949 5129 1008 5169 thur
1021 5128 1135 5175 supplied.
