3850 5917
692 686 841 766 Episcopi
868 685 1111 766 Hercsordcrrsir.
1459 688 1518 746 111

135 918 181 956 ΑΒ·
196 919 243 956 ¹³¹⁹·
282 911 358 985 ensi,
391 911 442 972 vel
477 911 545 991 ejus
580 911 695 972 vicario
730 911 762 970 111
798 909 1023 990 spiritualibus,
1058 910 1278 989 Berengarius,
1313 910 1520 972 miseracione

281 1017 387 1079 divina
429 1017 608 1097 Episcopus
642 1016 847 1089 Tusculanus,
883 1017 1019 1078 salutem
1048 1021 1081 1076 01
1115 1017 1269 1077 sinceram
1311 1016 1346 1076 in
1380 1016 1520 1077 Domino

282 1124 456 1184 caritatem.
512 1123 672 1203 Experto
700 1121 846 1183 Nicholai
877 1123 917 1183 de
939 1123 1016 1194 Ake,
1037 1127 1142 1183 vestre
1172 1121 1306 1183 diocesis
1333 1121 1519 1202 presbyteri,

282 1228 371 1289 uobis
393 1228 500 1290 oblata
520 1229 636 1308 peticio
657 1227 839 1288 continebat
860 1227 943 1308 quod
975 1226 1049 1288 lieet
1081 1227 1157 1288 olim
1183 1227 1341 1307 perbone
1369 1228 1520 1290 memorie

282 1333 444 1405 0110110111,
483 1333 663 1413 Apostolice
706 1333 796 1395 Sedis
833 1333 866 1392 in
908 1332 1020 1412 Anglie
1057 1351 1154 1412 reguo
1191 1332 1339 1411 legatum,
1377 1337 1521 1412 tempore

282 1437 451 1518 legacionis
480 1438 579 1518 ipsius
608 1439 742 1498 durante
778 1437 890 1498 luisset
926 1436 1058 1517 proinde
1085 1435 1294 1497 constitutum
1322 1435 1445 1496 nullum
1480 1437 1521 1496 ad

282 1543 430 1604 vicariam
451 1549 635 1624 perpetuam
653 1543 841 1623 parochialis
858 1543 990 1604 00010610
1005 1542 1236 1603 admittendum
1254 1542 1317 1604 nisi
1336 1542 1370 1602 in
1390 1543 1519 1622 presby·

283 1655 385 1710 terum
416 1649 483 1727 jam
510 1649 699 1720 ordinatum,
731 1648 780 1708 vel
812 1647 918 1708 saltim
950 1647 1115 1708 diaconum
1148 1646 1300 1728 proximis
1326 1647 1522 1728 temporibus

283 1755 314 1814 iu
344 1754 565 1834 presbytorum
593 1754 851 1834 promovendum,
877 1752 931 1833 qui
951 1754 1036 1832 juret
1063 1753 1106 1813 ibi
1136 1753 1342 1815 residencism
1371 1753 1521 1816 continue

282 1966 389 2038 crevit,
412 1986 449 2027 ac
480 1965 707 2044 subsequenter
735 1964 815 2025 bone
836 1964 987 2026 memorie
1023 1963 1176 2037 octobon,
1205 1964 1345 2044 predicte
1374 1965 1465 2026 Sedis
1485 1967 1521 2026 in

283 2071 350 2150 ipso
385 2089 483 2150 regno
516 2070 648 2150 legatus,
684 2069 847 2130 adiciendo
881 2069 995 2130 statuit
1029 2069 1056 2130 si
1086 2069 1158 2149 quis
1192 2076 1303 2137 eontra
1337 2069 1520 2149 hujusmodi

282 2182 439 2237 statutum
467 2175 616 2236 vicariam
644 2174 789 2245 tenuerit,
810 2175 932 2235 fruetus
957 2194 1033 2236 suos
1056 2193 1121 2235 non
1148 2173 1243 2235 iaciat
1271 2175 1317 2236 sic
1344 2180 1520 2256 perceptos,

283 2287 330 2344 set
351 2282 439 2362 ipsos
466 2281 632 2343 restituere
654 2284 799 2341 teneatur
827 2279 921 2341 certis
946 2279 1055 2339 usibus
1076 2278 1290 2359 applicandos,
1315 2280 1382 2358 ipse
1411 2285 1520 2342 tamen

282 2387 507 2449 nichilominus
530 2391 606 2448 tuno
629 2386 780 2446 diaconus
804 2390 991 2465 perpetuam
1011 2384 1161 2446 vicariam
1181 2385 1371 2464 parochialis
1389 2386 1521 2449 eeclesia

282 2494 320 2555 de
342 2493 505 2555 Strettone
528 2497 632 2564 vestre
656 2491 799 2562 diocesis,
824 2490 911 2552 nullo
932 2490 1066 2570 prestito
1092 2491 1281 2570 juramento,
1305 2491 1521 2553 institucionis

283 2600 374 2662 titulo
403 2604 453 2661 est
481 2599 624 2679 adeptus,
653 2603 684 2660 et
712 2596 942 2677 predecessoris
963 2596 1060 2657 vestri
1089 2596 1248 2676 obsequiis
1269 2596 1442 2658 inherendo
1462 2617 1523 2678 per

282 2724 335 2766 sex
356 2724 457 2766 annos
476 2709 508 2765 et
529 2704 664 2784 amplius
680 2702 811 2774 fructus,
833 2702 984 2774 redditus,
1006 2707 1038 2763 01
1056 2708 1229 2782 proventus
1248 2702 1390 2782 ejusdem
1404 2703 1521 2766 11011110

283 2811 431 2890 percepit,
462 2809 549 2870 nulla
573 2809 673 2870 eciam
698 2807 780 2868 lacte
808 2807 841 2867 iu
882 2827 920 2868 ea
949 2807 1124 2868 residencia
1152 2806 1319 2887 personali.
1374 2809 1419 2870 Et
1449 2810 1522 2888 ipsa

282 2915 405 2985 vicaria,
428 2914 514 2975 nulla
538 2914 698 2974 fructuum
719 2917 939 2992 perceptorum
964 2911 1169 2974 restitucione
1188 2918 1325 2993 peracta,
1347 2934 1384 2974 ao
1407 2914 1519 2994 hujus-

283 3021 365 3082 modi
400 3019 615 3102 percepcionis
649 3018 730 3080 vicio
765 3038 828 3079 non
866 3024 1009 3098 purgato,
1044 3018 1184 3090 dimissa,
1223 3018 1420 3098 ‘prebendam
1462 3039 1521 3082 seu

281 3127 462 3207 porcionem
483 3126 516 3186 in
538 3125 669 3187 eeclesia
690 3125 728 3186 de
750 3123 914 3203 Ledebury
936 3123 1076 3203 predicte
1094 3123 1228 3185 diocesis
1248 3129 1359 3204 postea
1379 3125 1521 3206 legitime

281 3232 358 3294 alias
376 3236 567 3312 assequutus
583 3250 640 3310 per
658 3235 730 3291 octo
753 3249 853 3290 anuos
872 3228 921 3289 vel
943 3228 1068 3290 circiter
1083 3230 1196 3300 tenuit,
1216 3229 1346 3301 fructus,
1365 3230 1518 3304 redditus,

281 3343 313 3399 61
340 3342 513 3418 proventus
540 3335 717 3416 percipiens
745 3353 783 3396 ex
810 3334 929 3405 eadem,
955 3353 1052 3413 quam
1082 3335 1286 3415 postmodum
1310 3335 1343 3395 in
1371 3336 1521 3398 menibus

281 3443 340 3507 loci
361 3442 530 3514 diocesani,
555 3461 592 3504 6ο
614 3440 791 3521 superbiis
812 3440 852 3501 ad
874 3439 1027 3520 judicium
1049 3446 1189 3513 evocato,
1218 3447 1341 3522 sponte,
1364 3442 1518 3515 absolute,

279 3571 365 3632 pure,
388 3569 426 3611 ao
450 3549 546 3610 libere
567 3547 746 3627 resignavit.
790 3547 891 3626 Super
912 3546 1026 3626 quibus
1054 3546 1129 3608 iecit
1157 3547 1319 3608 humiliter
1347 3548 1518 3628 supplicari

280 3656 339 3718 sibi
359 3675 418 3736 per
443 3653 555 3716 Sedem
577 3651 790 3732 Apostolicam
815 3651 943 3712 salutari
966 3651 1104 3713 remedio
1127 3652 1293 3732 provideri.
1335 3652 1403 3714 Nos
1422 3653 1520 3733 igitur

280 3761 468 3824 auctoritate
505 3757 623 3820 domini
655 3758 750 3838 Papo,
779 3757 869 3837 cujus
889 3757 1113 3838 penitencisrio
1144 3777 1253 3819 curam
1282 3757 1430 3838 gerimus,
1458 3759 1518 3820 cir-

279 3864 512 3946 cumspeccioui
536 3869 640 3926 vestre
664 3863 892 3925 committimus
913 3865 1072 3944 quatinus,
1094 3864 1122 3925 si
1142 3870 1192 3926 est
1212 3865 1266 3935 ita,
1287 3869 1455 3945 postquam
1477 3867 1518 3928 de

279 3972 434 4034 fructibus
458 3991 497 4033 ex
516 3970 562 4032 eis
583 3969 686 4030 medio
711 3974 852 4048 tempore
873 3968 1030 4049 perceptis
1051 3968 1247 4040 satislecerit,
1266 3969 1356 4047 juxta
1375 3974 1517 4030 vestrum

279 4077 444 4139 arbitrium
463 4081 679 4156 competenter
693 4074 725 4134 in
747 4073 925 4135 evidentem
946 4073 1117 4135 utilitatem
1137 4075 1278 4154 ipsorum
1292 4073 1517 4136 beneficiorum

280 4183 414 4246 fideliter
428 4180 657 4251 convertendis,
672 4179 815 4260 injuncta
835 4179 908 4241 inde
922 4179 983 4241 sibi
996 4179 1197 4241 absolucione
1217 4180 1325 4260 previa
1338 4181 1520 4260 penitencia

279 4289 419 4360 salutari,
445 4293 486 4360 01,
509 4287 536 4350 si
560 4287 590 4349 ei
618 4287 681 4347 vite
702 4285 815 4346 merita
843 4284 1066 4365 suffragantur,
1091 4285 1175 4366 quod
1203 4285 1263 4346 hoc
1284 4304 1348 4347 non
1367 4286 1518 4348 obstante

280 4397 364 4458 eliud
388 4394 577 4456 1161101101οω
603 4377 709 4473 preter
736 4391 861 4452 illorum
886 4391 1013 4471 aliquod
1037 4391 1097 4452 hac
1121 4391 1198 4462 vioe,
1227 4391 1254 4452 si
1281 4390 1341 4453 sibi
1366 4391 1518 4453 canonice

281 4502 469 4570 conferatur,
486 4499 587 4579 possit
603 4497 688 4559 licite
705 4497 856 4577 optinere,
871 4517 907 4558 ae
922 4517 1017 4576 super
1030 4497 1258 4577 irregularitate
1272 4502 1304 4559 61
1318 4497 1518 4559 inhabilitate

281 4605 353 4668 inde
373 4604 545 4666 contractis
567 4601 766 4682 dispensetis,
795 4601 856 4662 alio
884 4602 1036 4662 canonico
1056 4621 1120 4662 non
1145 4601 1301 4674 obstante,
1329 4602 1519 4664 anctoritate

281 4711 423 4792 predicta
446 4707 688 4770 misericorditer
712 4728 784 4768 curn
809 4707 929 4768 eodem.
985 4708 1106 4768 Datum
1131 4707 1295 4780 Aviuioue,
1320 4708 1402 4770 Non.
1429 4708 1518 4780 Maii,

282 4817 490 4878 Pontificatus
515 4814 634 4876 domini
654 4813 810 4875 Johsnnis
833 4814 920 4894 Papa
944 4812 1055 4884 XXII,
1084 4832 1167 4875 enno
1192 4813 1299 4875 tercio.
