3850 5917
398 706 458 765 366
772 706 951 787 Rapistrum
978 708 1044 769 Aac
1070 710 1107 770 dc
1137 710 1260 772 Orleton

227 936 287 975 ΑΒ·
301 937 355 976 ¹⁹2⁸·
398 932 485 994 culos
506 934 629 995 debitos
653 940 685 995 et
705 935 805 996 eciam
826 941 1004 1007 consuetos,
1026 942 1058 998 et
1079 957 1141 1017 que
1163 928 1310 1018 peream
1335 938 1518 1001 inveneritis
1542 940 1637 1002 nobis

398 1038 512 1107 litteris
543 1040 656 1101 vestris
683 1040 866 1120 patentibus
902 1047 934 1102 et
962 1042 1078 1103 clausis
1111 1042 1224 1103 harum
1258 1043 1370 1104 seriem
1399 1044 1637 1107 continentibus

398 1144 523 1224 plenius
550 1146 713 1217 intimetis,
738 1146 837 1206 nichil
858 1147 897 1207 de
928 1147 1013 1208 fama
1037 1148 1087 1209 vel
1107 1149 1264 1229 opinione,
1297 1150 1353 1211 sed
1382 1150 1421 1211 de
1446 1150 1636 1213 certitudine

397 1258 463 1311 tam
498 1252 675 1315 vocacionis
709 1273 805 1333 quam
843 1254 1065 1315 condicionum
1109 1256 1283 1335 presentati
1317 1261 1350 1317 et
1392 1257 1524 1317 aliarum
1557 1258 1636 1319 dicti

395 1358 517 1438 negocii
538 1358 849 1420 circumstanciarurn
881 1359 973 1421 nobis
1004 1361 1220 1433 rescribentes,
1241 1362 1281 1422 de
1305 1361 1418 1442 quibus
1440 1382 1497 1424 vos
1517 1367 1550 1424 et
1573 1362 1635 1424 loci

399 1464 580 1544 Capitulum
595 1465 627 1524 in
642 1485 769 1526 omnem
784 1470 943 1537 eventum,
958 1466 985 1526 si
1007 1466 1179 1547 dampnum
1193 1466 1342 1527 acciderit
1362 1472 1418 1527 aut
1431 1468 1635 1548 postmodum

399 1571 506 1632 forsan
531 1571 700 1632 assercioni
728 1576 832 1632 vestre
868 1572 1061 1633 contrarium
1097 1573 1286 1653 apperuerit,
1315 1573 1475 1634 volueritis
1505 1593 1635 1653 respon-

397 1677 478 1738 dere.
521 1677 670 1739 Valentis.
713 1677 842 1749 Datum,
871 1683 930 1738 etc.

400 1908 478 1987 Jezy
508 1908 665 1969 aa-Thc
697 1908 824 1989 Bisbop,
860 1908 928 1969 who
965 1909 1020 1969 has
1053 1910 1164 1989 placed
1202 1910 1252 1971 the
1288 1918 1401 1971 vacuat
1432 1912 1556 1990 benefice
1596 1912 1635 1991 os

521 1989 704 2068 Kianerslcp
733 1990 768 2050 ia
804 1989 852 2050 the
886 1989 995 2068 charpc
1026 1992 1061 2061 of
1085 1990 1196 2069 Philip
1226 2010 1268 2071 op
1290 1992 1409 2053 Howell
1438 1994 1502 2053 aad
1534 1992 1637 2071 Roqcr

520 2071 557 2131 de
585 2071 690 2141 Astora,
719 2091 753 2131 as
778 2078 1006 2150 sequestratum,
1034 2091 1136 2132 warns
1169 2071 1217 2132 the
1233 2072 1347 2151 parisb
1370 2072 1470 2152 priest
1497 2072 1560 2133 ond
1585 2072 1636 2133 the

517 2151 730 2231 perictionem
752 2158 804 2211 not
827 2158 856 2211 to
878 2150 989 2212 hindar
1017 2151 1066 2212 the
1090 2160 1308 2230 scqroestralors
1337 2153 1373 2213 in
1399 2154 1556 2232 collectinq
1585 2153 1636 2215 the

520 2233 643 2303 incente,
666 2240 719 2293 etc.

480 2380 673 2440 Massaron
701 2398 915 2441 praesumare
950 2398 992 2439 sn
1021 2398 1240 2440 osnnrnrnun
1267 2398 1469 2442 cusromsus
1497 2399 1633 2450 saeuus-

398 2487 616 2557 raa-Adam,
638 2492 708 2557 etc,
740 2486 862 2547 dilectis
886 2486 917 2545 in
940 2486 1068 2547 Christo
1094 2485 1177 2558 filiis,
1204 2486 1378 2567 presbitero
1402 2486 1573 2566 parochiali
1596 2508 1635 2547 ac

398 2593 544 2655 omnibus
579 2598 611 2654 et
640 2593 771 2673 singulis
798 2592 999 2672 parochianis
1032 2592 1163 2654 ecclesie
1187 2593 1225 2653 de
1251 2592 1495 2672 Kynardesleye,
1525 2598 1634 2653 nostre

399 2700 543 2769 diocesis,
575 2699 720 2769 salutem,
752 2704 811 2759 etc.
868 2697 948 2759 (lum
993 2718 1052 2759 nos
1080 2698 1255 2759 custodiam
1286 2698 1441 2778 sequestri
1471 2698 1504 2757 in
1532 2698 1632 2770 bonis,

398 2804 561 2875 fructibus,
590 2803 803 2883 proventibus,
824 2809 857 2863 et
888 2803 1133 2864 obvencionibus
1154 2802 1308 2864 universis
1335 2803 1465 2864 ecclesie
1493 2804 1634 2884 predicte

396 2911 548 2981 vacantis,
571 2909 757 2971 auctoritate
785 2914 893 2970 nostra
914 2930 952 2970 ex
975 2910 1069 2970 certis
1093 2915 1126 2970 et
1149 2909 1298 2988 legitimis
1319 2910 1423 2971 causis
1444 2910 1631 2990 interpositi,

397 3016 521 3077 dilectis
543 3016 575 3075 in
598 3015 724 3075 Christo
745 3015 827 3085 filiis,
850 3014 979 3075 domino
995 3014 1142 3094 Philippo
1167 3035 1207 3094 ap
1232 3016 1354 3086 Howel‚
1382 3015 1578 3095 porcionario
1599 3016 1632 3075 in

397 3121 529 3183 ecclesie
550 3122 588 3182 de
603 3120 810 3200 Pontesbury,
832 3125 864 3181 et
885 3121 1036 3200 magistro
1055 3121 1177 3201 Rogero
1191 3122 1231 3182 de
1245 3120 1373 3192 Astone,
1387 3122 1509 3191 clerico,
1524 3128 1633 3183 nostre

396 3228 540 3297 diocesis,
572 3227 765 3305 conjunctim
791 3232 823 3287 et
856 3226 981 3287 divisim
1018 3246 1119 3306 nuper
1154 3228 1334 3287 duxerimus
1361 3227 1631 3299 committendam,

397 3339 508 3396 voest
532 3333 702 3414 quemlibet
729 3339 869 3394 vestrum
894 3332 1059 3393 hortamur
1085 3332 1118 3392 in
1147 3332 1293 3403 Domino,
1318 3352 1442 3393 necnon
1469 3332 1529 3394 sub
1550 3354 1632 3412 pena

398 3439 549 3503 canonica
568 3439 776 3519 peremptorie
801 3458 968 3498 monemus
988 3438 1076 3499 vobis
1100 3438 1233 3498 firmiter
1257 3438 1459 3518 injungentes
1480 3439 1632 3517 quatinus

399 3545 549 3626 predictis
582 3544 773 3614 custodibus,
799 3550 853 3604 aut
883 3563 992 3605 eorum
1021 3544 1120 3613 alteri,
1149 3563 1207 3604 seu
1227 3544 1368 3623 ipsorum
1396 3544 1521 3605 nunciis
1548 3544 1632 3607 circa

396 3652 615 3713 colleccionem
637 3650 792 3711 dictorum
820 3650 981 3710 fructuum
1009 3649 1168 3729 deputatis
1192 3649 1351 3720 debonis,
1376 3649 1537 3720 lructibus,
1558 3669 1629 3729 pro-

395 3757 551 3828 ventibus,
579 3762 611 3817 et
635 3755 879 3817 obvencionibus
907 3755 1105 3834 supradictis,
1134 3755 1283 3835 quatinus
1311 3755 1350 3815 ad
1378 3776 1434 3816 vos
1461 3760 1494 3816 et
1521 3775 1629 3835 quem-

398 3864 474 3925 libet
499 3869 638 3925 vestrum
676 3861 799 3932 attinet,
823 3862 939 3922 curetis
973 3862 1101 3923 nomine
1139 3867 1248 3922 nostro
1283 3862 1403 3941 integre
1429 3861 1629 3940 respondere,

358 4020 361 4033 .
397 3990 456 4031 neo
487 3968 678 4049 permittatis
710 3967 837 4027 eosdem
876 3967 959 4027 circa
994 3966 1214 4028 colleccionem
1252 3968 1425 4047 predictam
1453 3966 1630 4046 aliqualiter

398 4075 557 4137 molestari
586 4079 634 4135 set
661 4074 771 4153 pocius
798 4073 876 4153 ipsis
914 4073 946 4132 in
986 4072 1046 4133 hac
1073 4078 1163 4153 parte
1196 4072 1406 4133 favorabiliter
1433 4072 1629 4143 assistentes,

397 4182 547 4263 quociens
574 4200 703 4241 necesse
730 4179 833 4249 luerit,
858 4199 914 4240 seu
939 4179 1081 4258 requisiti
1118 4179 1250 4250 fueritis,
1271 4178 1452 4258 impendere
1474 4178 1629 4240 studeatis

394 4288 471 4348 utile
499 4286 663 4347 consilium
685 4290 718 4345 et
738 4285 895 4363 juvamen.
939 4284 1057 4344 Datum
1079 4284 1162 4363 apud
1186 4283 1422 4363 Schenyglelde,
1450 4284 1558 4362 xxviij⁰
1577 4284 1629 4345 die

397 4393 515 4456 mensis
542 4392 628 4454 Julii.

397 4610 474 4689 Jalp
495 4609 650 4670 25.-Tte
675 4608 768 4668 Prior
788 4608 823 4686 of
841 4607 1034 4668 Southwark.
1066 4607 1272 4685 Gonrmissary
1294 4607 1329 4686 of
1357 4607 1406 4668 the
1425 4607 1626 4687 Arcbbishop,

518 4689 740 4766 acknowledpes
774 4688 823 4748 the
853 4689 966 4768 receipt
987 4689 1022 4767 os
1049 4692 1098 4749 dd
1118 4689 1245 4766 sterling
1260 4690 1345 4766 from
1372 4688 1421 4749 aa
1447 4688 1567 4767 Bishop
1595 4690 1631 4769 os

518 4770 678 4849 Hercsord,
718 4769 805 4847 being
843 4778 918 4849 part
956 4769 992 4848 of
1026 4769 1076 4831 the
1112 4768 1327 4848 procuratione
1365 4769 1424 4830 due
1454 4770 1540 4848 frma
1578 4770 1628 4831 the

517 4852 633 4912 diocese
655 4853 709 4931 sor
730 4850 779 4910 the
799 4870 938 4929 expensas
959 4852 998 4931 os
1014 4850 1062 4911 the
1086 4849 1189 4929 Papal
1216 4850 1362 4911 sirmas.

474 5007 588 5066 Pateat
609 5004 763 5066 universis
790 5024 847 5084 per
870 5009 1033 5084 presentes
1061 5004 1144 5084 quod
1173 5023 1240 5075 nos,
1265 5003 1362 5064 frater
1388 5003 1511 5075 Petrus,
1536 5004 1628 5065 Prior

394 5113 524 5175 ecclesie
544 5112 634 5172 beate
656 5111 757 5171 Mario
781 5111 819 5171 de
840 5110 1034 5182 Suthwerlre,
1055 5108 1285 5171 Wintoniensis
1305 5108 1448 5180 diocesis,
1470 5107 1624 5171 Commis·
