3850 5917
379 655 440 715 126
754 653 933 732 Emistram
960 653 1025 714 Ade
1052 653 1089 714 de
1119 653 1243 714 Orlcton

206 885 265 925 &⁰-
280 886 336 925 Μ
377 880 463 941 ensis
487 878 628 949 ecclesie,
663 879 798 940 salutem
829 882 861 938 et
892 878 1099 957 apostolicam
1131 877 1394 940 benediccionem.
1444 877 1616 940 Probitatis

378 984 493 1045 merita
522 983 629 1045 dilecti
659 983 717 1043 filii
747 983 834 1044 Petri
855 983 894 1043 de
921 982 1074 1054 Vasseur,¹
1106 982 1212 1044 clerici
1245 983 1437 1045 Senonensis
1471 983 1614 1054 diocesis,

381 1110 477 1171 super
507 1090 621 1170 quibus
648 1089 796 1150 laudabili
816 1089 1000 1151 testimonio
1027 1089 1275 1160 commendatur,
1303 1094 1477 1169 exposcunt
1505 1094 1541 1149 ut
1576 1088 1617 1148 ad

380 1215 549 1275 personam
590 1215 681 1256 suam
730 1193 901 1273 apostoliae
942 1193 1131 1273 provisionis
1179 1195 1338 1254 dexteram
1387 1193 1616 1264 extendamus;

380 1300 523 1362 volentes
543 1300 640 1380 igitur
659 1299 761 1361 eidem
780 1300 875 1360 Petro
893 1300 1106 1379 predictorum
1128 1299 1311 1360 meritorum
1333 1300 1466 1361 obtentu
1478 1300 1616 1380 graciam

381 1405 485 1467 iacere
508 1404 686 1484 specialem,
711 1403 898 1466 beneficium
923 1403 1172 1465 ecclesiasticum
1195 1424 1268 1464 cum
1295 1424 1371 1465 cura
1397 1405 1481 1484 quod
1505 1404 1616 1484 viginti

379 1511 528 1592 quinque,
549 1510 600 1572 vel
631 1511 700 1571 sine
726 1529 802 1570 cura
830 1509 915 1589 quod
942 1510 1051 1570 desem
1079 1515 1112 1570 et
1139 1513 1211 1570 octo
1242 1529 1364 1571 marcas
1395 1509 1616 1589 sterlingorum

378 1618 413 1676 in
442 1615 616 1677 redditibus
652 1620 685 1675 et
720 1614 926 1694 proventibus
960 1614 1098 1675 valorem
1128 1634 1268 1675 annuum
1303 1614 1393 1694 juxta
1420 1615 1616 1677 taracionem

378 1725 500 1784 decime
521 1713 587 1806 non
606 1721 778 1793 excederet,
799 1726 987 1782 consuetum
1009 1721 1048 1781 ab
1070 1721 1144 1781 olim
1167 1720 1287 1782 clericis
1309 1721 1500 1783 secularibus
1521 1723 1616 1802 assig-

380 1829 458 1902 nari,
487 1827 566 1888 nulli
590 1827 643 1887 alii
671 1827 710 1888 de
743 1827 812 1906 jure
842 1826 993 1898 debitum,
1022 1827 1062 1887 ad
1090 1821 1303 1898 collacionem,
1334 1826 1616 1907 presentacionem,

378 1936 430 1998 vel
464 1935 609 2016 quamvis
640 1935 733 1994 aliam
765 1932 1009 2012 disposicionem
1041 1932 1226 1994 dilectorum
1254 1932 1390 1993 filiorum
1419 1931 1550 1993 Abbatis
1584 1938 1617 1994 et

379 2043 563 2104 Conventus
586 2039 770 2100 Monasterii
792 2040 831 2099 de
864 2039 1049 2118 Rameseya,
1071 2038 1191 2099 ordinis
1210 2038 1313 2099 sancti
1341 2038 1516 2109 Benedicti,
1541 2038 1616 2097 Lin-

378 2147 549 2210 colnisnsis
577 2145 719 2216 diocesis,
748 2145 911 2224 pertinens
938 2144 1149 2205 communiter
1176 2143 1225 2204 vel
1253 2143 1388 2212 divisim,
1417 2143 1444 2204 si
1472 2143 1556 2222 quod
1584 2143 1617 2202 in

379 2254 413 2312 in
448 2253 577 2313 civitate
611 2251 660 2311 vel
702 2249 819 2310 diocesi
861 2248 1075 2310 Lincolnisnsi
1117 2255 1193 2310 tunc
1235 2247 1375 2319 vacabat,
1417 2249 1467 2309 vel
1509 2269 1617 2328 quam·

379 2358 518 2438 primum
532 2376 643 2418 vacare
657 2355 855 2434 contingerit,
870 2355 954 2433 quod
975 2354 1043 2434 ipse
1058 2356 1172 2415 Petrus
1193 2374 1249 2434 per
1265 2375 1299 2416 se
1316 2355 1365 2416 vel
1382 2360 1617 2434 procuratorem

379 2484 474 2525 suum
502 2463 541 2524 ad
569 2463 629 2523 hoa
657 2461 835 2540 specialiter
855 2461 1075 2531 constitutum,
1100 2460 1181 2521 infra
1214 2461 1308 2521 unius
1332 2461 1451 2522 mensis
1475 2461 1616 2540 specium

379 2574 549 2649 postquam
574 2567 634 2628 sibi
668 2566 719 2627 vel
752 2567 838 2627 dicto
877 2567 1072 2645 procuratori
1102 2566 1246 2627 beneficii
1275 2567 1455 2647 hujusmodi
1489 2566 1617 2628 vacacio

378 2675 562 2746 innotuerit,
592 2674 715 2734 duxerit
746 2673 984 2752 acceptandum,
1017 2671 1240 2733 conferendum
1273 2671 1332 2732 sibi
1366 2677 1439 2750 post
1474 2677 1616 2751 accepta·

379 2783 502 2844 cionem
544 2779 726 2859 thusmodi
767 2778 951 2839 donacionis
993 2777 1164 2857 apostolice
1202 2777 1349 2838 duximus
1383 2776 1616 2848 reservandum,

381 2889 555 2950 districtius
569 2887 758 2957 inhibentes,
772 2892 832 2946 etc.
876 2885 1030 2960 Quocirca
1044 2883 1228 2945 discrecioni
1243 2889 1346 2945 vestre
1367 2904 1423 2964 per
1445 2885 1618 2964 apostolica

380 2995 499 3073 scripta
530 2993 717 3053 mandamus
742 2991 892 3071 quatinus
919 3010 986 3062 vos,
1016 2991 1066 3051 vel
1097 2991 1159 3050 duo
1190 2996 1244 3050 aut
1273 3010 1355 3050 unus
1383 2997 1532 3061 vestrum,
1560 3011 1618 3070 per

377 3119 436 3160 vos
449 3098 500 3160 vel
516 3097 612 3158 alium
629 3115 686 3157 sen
700 3095 778 3156 alios
798 3094 980 3175 hujusmodi
997 3093 1185 3155 beneficium
1202 3115 1259 3174 per
1275 3115 1342 3166 nos,
1361 3101 1396 3155 ut
1412 3096 1615 3175 premittitur,

378 3208 582 3273 reservatum,
611 3201 639 3262 si
673 3206 815 3280 tempore
845 3201 1027 3280 hujusmodi
1057 3206 1164 3261 nostre
1193 3201 1418 3262 reservacionis
1446 3202 1479 3260 in
1522 3203 1616 3264 dictis

378 3311 507 3373 civitate
548 3315 581 3372 et
626 3309 743 3370 diocesi
788 3308 1003 3368 Lincolnisnsi
1048 3308 1188 3378 vacabat,
1234 3308 1283 3370 vel
1327 3314 1442 3370 extunc
1482 3309 1615 3382 vacavit,

380 3416 431 3478 vel
463 3414 695 3496 quamprimum
724 3414 802 3474 illud
822 3433 933 3474 vacare
961 3413 1137 3493 contigerit,
1174 3433 1245 3474 cum
1271 3413 1417 3475 omnibus
1440 3415 1562 3494 juribus
1583 3421 1616 3476 et

381 3520 585 3601 pertinenciis
604 3520 671 3581 suis
691 3519 776 3580 dioto
797 3519 892 3579 Petro
913 3525 987 3598 post
1007 3519 1258 3598 acceptacionem
1281 3519 1461 3598 hujusmodi
1482 3522 1615 3581 auotori-

379 3633 448 3688 tate
488 3631 598 3688 nostra
631 3624 772 3686 conferre
804 3629 837 3685 et
873 3624 1034 3703 assignare
1071 3625 1196 3696 curetis,
1235 3625 1420 3686 inducentes
1458 3646 1529 3686 eum
1565 3627 1615 3688 vel

379 3738 614 3814 procuratorem
629 3750 722 3792 suum
743 3731 812 3809 eJ'us
825 3730 954 3791 nomine
972 3729 1004 3790 in
1019 3731 1211 3809 corporalem
1226 3732 1458 3809 possessionem
1473 3733 1614 3811 ejusdem

379 3838 522 3901 beneficii
551 3858 587 3898 ac
614 3837 732 3916 jurium
759 3842 792 3896 et
812 3836 1078 3915 pertinenciarum
1105 3837 1326 3917 predictorum,
1349 3842 1381 3898 et
1410 3839 1614 3900 defendentes

378 3944 553 4014 inductum,
582 3963 619 4003 ac
646 3941 798 4003 iacientes
822 3941 882 4001 sibi
907 3942 945 4003 de
971 3941 1070 4021 ipsius
1095 3942 1238 4003 beneficii
1257 3943 1419 4016 fructibus,
1441 3945 1614 4007 redditibus

378 4055 413 4112 et
432 4047 646 4130 proventibus,
666 4047 789 4125 juribus
815 4051 848 4107 et
875 4046 1121 4108 obvencionibus
1155 4049 1310 4110 universis
1337 4049 1458 4130 integre
1488 4070 1613 4130 respon·

379 4155 465 4226 deri;
498 4172 562 4213 non
595 4151 794 4212 obstantibus
827 4151 974 4212 omnibus
1007 4152 1195 4231 supradictis
1227 4173 1283 4214 seu
1316 4154 1408 4216 dictis
1439 4154 1552 4217 Abbati
1582 4162 1615 4217 et

380 4258 568 4329 Conventui,
599 4257 649 4319 vel
684 4257 847 4337 quibusvis
875 4257 944 4319 aliis
973 4259 1167 4337 conjunctim
1192 4260 1242 4320 vel
1270 4263 1448 4341 separatim,
1477 4285 1496 4324 a
1531 4264 1616 4324 dicta

381 4366 462 4426 Sede
486 4364 642 4423 indultum
668 4362 783 4423 existat
806 4363 891 4442 quod
914 4363 1069 4434 interdici,
1094 4365 1253 4444 suspendi,
1279 4367 1328 4427 vel
1351 4369 1614 4430 excommunicari

379 4491 444 4532 non
471 4469 595 4549 possint
623 4488 680 4548 per
708 4468 829 4528 litteras
859 4469 1056 4547 apostolicas,
1085 4490 1149 4530 non
1177 4469 1328 4533 iacientes
1356 4472 1481 4552 plenam
1502 4480 1534 4534 et
1563 4495 1613 4536 ex·

379 4587 522 4649 pressam
546 4585 582 4626 ac
604 4566 642 4625 de
663 4565 758 4626 verbo
779 4565 969 4625 adverbum
998 4566 1037 4626 de
1060 4565 1182 4628 indulto
1203 4567 1384 4646 hujusmodi
1406 4572 1612 4644 mencionem,

380 4664 627 4727 contradictores
647 4681 704 4741 per
730 4681 895 4722 censuram
924 4662 1168 4724 ecclesiasticam
1197 4666 1410 4745 appellacione
1437 4670 1615 4747 postposita

380 4761 617 4841 compescendo.
660 4759 779 4819 Datum
805 4759 968 4830 Avinione,
990 4759 1049 4838 iiij⁰
1071 4759 1148 4822 Idus
1174 4761 1259 4832 Maii,
1285 4763 1494 4825 Pontificatus
1514 4766 1614 4826 nostri

380 4880 465 4921 anno
484 4857 587 4938 primo
597 4856 686 4916 :-ad
710 4855 839 4915 moduni
860 4855 1003 4917 Romane
1025 4855 1118 4918 Curis
1140 4858 1282 4930 bullatas,
1303 4880 1365 4921 non
1387 4860 1529 4934 abolitas,
1551 4884 1615 4925 uon

380 4956 518 5026 abrasas,
546 4973 611 5014 non
635 4952 833 5022 cancellatas,
862 4957 911 5013 set
933 4953 1021 5013 omni
1053 4953 1133 5014 vicio
1158 4957 1346 5035 suspicionis
1374 4964 1526 5030 carentes,
1555 4980 1613 5022 nos

382 5073 456 5116 cum
484 5071 521 5114 ea
548 5070 611 5130 qua
641 5050 746 5110 decuit
774 5050 952 5110 reverencia
979 5050 1130 5113 noveritis
1156 5053 1334 5132 recepisss;
1365 5061 1614 5136 verumptamen,
