3850 5917
677 707 828 788 Episcopi
856 708 1098 788 Heresorderasis.
1467 711 1507 770 49

131 939 174 978 tt
187 941 233 978 ¹³²⁰·
273 935 488 994 inordinatum
512 934 628 1014 aliquid
652 953 742 1013 agere
764 939 917 995 vereatur.
961 934 1131 1013 Speremus
1159 934 1244 994 enim
1272 935 1365 1014 quod,
1390 932 1417 993 si
1442 932 1510 992 Rex
1556 951 1567 980 ⁰

270 1041 337 1120 ipse
377 1040 444 1118 [im]
454 1040 540 1120 plere
568 1040 722 1119 premissa
752 1041 915 1111 curaverit,
948 1041 1016 1101 Rex
1043 1060 1152 1120 regum
1175 1040 1235 1101 sibi
1268 1046 1300 1101 et
1328 1059 1423 1120 regno
1452 1060 1510 1101 suo

269 1145 456 1226 placabitur,
471 1145 602 1225 ejusque
622 1146 752 1226 negocia
773 1145 894 1225 diriget,
909 1136 950 1216 et,
972 1166 1043 1207 cum
1060 1146 1104 1206 illi
1125 1147 1158 1226 pl
1168 1150 1209 1225 [a]
1220 1140 1342 1207 suerint
1362 1147 1412 1207 vie
1431 1147 1508 1224 ejus,

270 1251 416 1312 inimicos
438 1251 507 1329 ejus
529 1253 569 1311 ad
589 1271 700 1332 pacem
717 1252 769 1331 pia
793 1252 979 1332 dignacione
1001 1258 1173 1314 convertet.
1215 1252 1313 1313 Porro
1331 1257 1367 1312 ut
1392 1253 1425 1312 in
1448 1253 1510 1314 hiis

269 1378 323 1418 cor
346 1357 443 1435 Regis
462 1358 502 1417 ad
526 1377 619 1418 suum
642 1363 744 1419 vertat
766 1357 930 1419 arbitrium
954 1358 1014 1419 Ille
1034 1357 1067 1417 in
1090 1359 1181 1436 cujus
1204 1378 1301 1418 manu
1323 1364 1398 1420 sunt
1416 1358 1511 1419 corda

269 1483 389 1543 rugum,
412 1463 635 1524 recurrendum
667 1483 736 1524 esse
764 1463 919 1524 credimus
950 1465 991 1523 ad
1018 1463 1161 1523 divinum
1183 1464 1343 1534 auxilium,
1368 1469 1404 1524 ut
1432 1465 1508 1543 ipse,

271 1571 325 1651 qui
343 1591 441 1650 super
456 1589 552 1650 regna
568 1569 732 1630 hominum
751 1569 940 1641 dominatur,
961 1570 1078 1649 Regem
1101 1569 1215 1648 ipsum,
1233 1588 1374 1649 regnum,
1391 1575 1423 1630 et
1442 1570 1511 1646 ejus

254 1659 389 1738 'incolas
413 1675 547 1756 benigne
568 1675 724 1756 respiciat,
747 1695 837 1736 suam
858 1676 904 1737 eis
925 1675 1186 1756 tranquillitatem
1205 1681 1238 1736 et
1260 1694 1370 1754 pacem
1390 1674 1510 1736 miseri·

268 1784 406 1845 corditer
437 1783 564 1854 tribuat,
588 1802 704 1862 eosque
734 1781 767 1842 in
797 1801 854 1842 suo
882 1781 1080 1862 beneplacito
1106 1782 1243 1862 dirigens
1272 1782 1340 1842 vias
1358 1788 1391 1843 et
1420 1787 1512 1842 ectus

269 1910 379 1952 eorum
417 1890 451 1949 in
480 1909 538 1950 sua
557 1889 767 1969 prosperitate
784 1942 786 1946 .
801 1888 957 1968 disponat.
1001 1889 1045 1949 Et
1069 1894 1105 1949 ut
1136 1890 1219 1969 quod
1263 1889 1296 1948 in
1329 1889 1389 1950 hac
1420 1893 1511 1968 parte

270 1997 412 2076 petimus
433 1995 651 2074 multiplicatis
671 1994 950 2056 intercessionibus
977 1994 1100 2055 facilius
1125 2015 1338 2074 assequamur,
1367 1995 1513 2055 volumus

269 2107 301 2162 et
339 2101 530 2161 mandamus
565 2100 713 2180 quatinus
748 2105 785 2160 tu
817 2100 956 2180 certique
998 2100 1121 2179 prelati,
1163 2100 1278 2181 quibus
1319 2120 1414 2180 super
1451 2101 1512 2160 hoc

272 2207 451 2277 scribimus,
474 2227 531 2287 per
558 2207 698 2286 singulas
726 2206 885 2284 subjectas
906 2206 996 2267 vobis
1017 2206 1166 2268 ecclesias
1190 2208 1223 2266 in
1244 2206 1412 2268 missarum
1433 2207 1512 2268 cele·

270 2313 473 2376 bracionibus
492 2318 525 2374 et
545 2311 743 2374 oracionibus
759 2312 829 2373 aliis
846 2317 933 2374 certa
948 2312 1072 2374 faciatis
1091 2313 1241 2394 suffragia
1261 2313 1329 2373 fieri
1349 2332 1406 2393 pro
1427 2313 1513 2392 Rege

268 2426 301 2481 et
335 2439 434 2499 regno
468 2419 627 2499 predictis,
659 2424 691 2480 et
723 2419 756 2478 in
784 2418 982 2480 sermonibus
1009 2419 1133 2499 publice
1161 2419 1312 2481 faciendis
1339 2419 1448 2481 fideles
1471 2421 1511 2480 ad

271 2525 507 2606 implorandum
528 2544 585 2605 pro
606 2525 652 2586 eis
672 2524 777 2586 Patris
798 2525 899 2587 eterni
922 2526 1126 2587 clemenciam
1149 2526 1315 2598 inducatis,
1337 2532 1369 2587 et
1389 2526 1513 2587 faciatis

274 2632 391 2702 induci,
427 2631 617 2711 publicaturi
652 2637 684 2693 et
718 2631 871 2711 publicari
905 2631 1019 2692 facturi
1056 2632 1288 2709 indulgenciam
1326 2652 1420 2712 quam
1456 2653 1515 2712 per

272 2739 463 2818 apostolicas
491 2738 613 2799 litteras
647 2739 810 2799 orantibus
838 2758 895 2818 pro
924 2739 1009 2817 Rege
1040 2739 1182 2818 predicto
1216 2739 1336 2818 pridem
1373 2740 1513 2818 graciose

271 2845 505 2914 concessimus;
540 2850 572 2905 et
603 2844 828 2905 nichilominus
858 2845 1047 2906 auctoritate
1081 2850 1187 2906 vestra
1217 2845 1294 2906 alias
1324 2845 1364 2906 de
1398 2844 1513 2924 quibus

273 2950 362 3010 vobis
383 2949 542 3010 videbitur
569 2950 720 3030 largituri.
771 2950 890 3011 Datum
917 2950 1081 3022 Aviniona
1104 2951 1174 3010 Kal.
1207 2951 1351 3031 Augusti,
1381 2951 1512 3011 Pontifi-

268 3061 358 3117 catus
378 3055 482 3117 nostri
503 3076 586 3140 anno
610 3060 732 3136 quarto.

275 3311 564 3393 Noe.18.-Papei
584 3311 660 3372 Ball
680 3309 832 3390 directior]
855 3309 904 3372 the
922 3310 1115 3392 Archbiabop
1133 3311 1197 3371 ond
1215 3311 1315 3372 others
1337 3317 1366 3371 to
1386 3309 1513 3389 ecqoire

395 3393 472 3464 into,
507 3392 571 3454 aad
607 3399 635 3453 to
669 3391 813 3462 rostrato,
850 3396 899 3452 tte
932 3392 1037 3453 action
1063 3393 1098 3472 of
1131 3392 1247 3452 certain
1279 3391 1413 3471 protritos
1447 3390 1511 3451 ond

394 3473 614 3535 eccksiasticol
640 3493 767 3552 persons
798 3471 865 3532 who
897 3471 973 3534 tuoe
1003 3472 1143 3533 collected
1173 3473 1288 3534 Peter’s
1315 3492 1418 3552 perire,
1446 3471 1511 3532 and

393 3554 534 3616 retained
563 3554 612 3614 tte
639 3553 733 3614 whole
760 3573 795 3614 or
817 3561 893 3634 port
914 3555 970 3632 sor
998 3553 1181 3615 thomaites.

351 3725 469 3784 Buaua
493 3741 613 3784 nouam
634 3741 716 3783 earn
739 3741 783 3783 na
800 3740 943 3784 erasmo
966 3741 1079 3784 ssacur
1099 3724 1199 3785 Peras
1221 3741 1362 3784 cranous
1383 3741 1509 3784 uomuo

269 3819 330 3902 W„
344 3831 480 3892 ura-J
481 3832 623 3891 ohannes
636 3831 824 3910 Episcopus,
839 3836 908 3901 etc,
924 3830 1093 3892 venerabili
1107 3831 1196 3891 fratri
1210 3831 1271 3902 W,
1286 3835 1345 3893 etc.
1382 3833 1509 3907 Quanto

271 3937 424 3998 fidencius
453 3937 492 3997 de
519 3936 637 3998 nostris
667 3941 700 3997 et
727 3936 858 3997 ecclesie
886 3935 1029 3998 Romane
1052 3937 1191 4016 negociis
1222 3937 1255 3996 in
1282 3937 1344 3999 illis
1365 3939 1509 4018 partibus

272 4042 418 4104 sollerter
453 4048 485 4104 et
517 4042 638 4103 utiliter
670 4041 893 4121 promovendis
928 4042 961 4101 in
991 4047 1047 4102 tus
1081 4043 1272 4104 discrecione
1308 4045 1509 4124 quiescimus,

272 4153 362 4209 tanto
394 4147 544 4207 nimirum
576 4147 708 4209 eandem
737 4166 830 4227 super
865 4148 927 4208 illis
957 4147 1158 4228 frequencius
1191 4169 1368 4211 oneramus.
1428 4150 1510 4212 (lum

273 4253 389 4333 itaque,
425 4252 506 4313 sicut
543 4253 582 4313 ad
610 4258 763 4336 nostrum
788 4253 932 4332 pervenit
967 4254 1119 4327 auditum,
1148 4255 1292 4315 nonnulli
1326 4256 1438 4335 prelati
1472 4277 1510 4318 ac

271 4377 407 4436 persone
428 4355 640 4417 ecclesiastice
660 4356 801 4436 parcium
829 4357 1010 4428 earundem,
1038 4357 1084 4418 rei
1111 4358 1151 4418 ad
1180 4378 1214 4419 se
1243 4379 1307 4420 non
1337 4360 1509 4439 pertinenti

273 4485 307 4525 se
327 4462 528 4544 culpabiliter
548 4462 771 4534 immiscentes,
794 4463 982 4523 auctoritate
1002 4463 1129 4542 propria
1149 4463 1267 4544 absque
1298 4485 1335 4525 eo
1360 4467 1442 4545 quod
1463 4466 1510 4527 eis

272 4591 328 4650 per
359 4567 567 4649 apostolicam
598 4569 705 4630 sedem
739 4568 789 4628 vel
821 4568 917 4628 alium
952 4569 1021 4648 ejus
1049 4569 1177 4630 nomine
1204 4569 1289 4630 facta
1316 4570 1411 4632 fuerit
1436 4572 1510 4632 inde

271 4675 465 4746 commissio
487 4675 650 4736 denarium
678 4674 780 4736 sancti
800 4674 887 4735 Petri
918 4674 958 4734 sd
986 4674 1163 4735 Romanam
1188 4681 1384 4756 spectantem
1412 4678 1508 4738 eccle·

269 4784 350 4846 siam
375 4783 525 4862 colligant
546 4787 578 4844 et
600 4781 802 4843 collacionem
823 4780 883 4842 sibi
902 4781 1069 4853 retineant,
1088 4787 1144 4842 aut
1164 4783 1203 4842 de
1223 4782 1277 4843 illo
1297 4783 1508 4862 respondeant

270 4891 377 4951 minus
402 4890 515 4968 plene:
547 4888 615 4949 Nos
643 4889 784 4949 volentes
812 4908 907 4968 super
940 4888 1001 4949 hoc
1030 4887 1252 4967 indempnitati
1272 4888 1413 4968 ejusdem
1436 4909 1507 4968 pro·

268 4997 385 5066 videre,
413 4993 606 5055 fraternitati
634 4999 689 5055 tue
716 5013 772 5074 per
795 4993 969 5073 apostolica
990 4994 1108 5074 scripta
1137 4995 1325 5056 mandamus
1358 4995 1507 5074 quatinus

270 5101 446 5182 diligenter,
475 5104 596 5161 secrete
622 5103 729 5160 tamen
757 5104 789 5160 et
817 5103 917 5170 ceute,
945 5099 1103 5179 inquirere
1130 5098 1245 5160 debeas
1274 5098 1329 5179 qui
1357 5105 1432 5159 sunt
1460 5099 1506 5159 illi
