<?xml version="1.0" encoding="UTF-8"?>
<!DOCTYPE html PUBLIC "-//W3C//DTD XHTML 1.0 Transitional//EN"
    "http://www.w3.org/TR/xhtml1/DTD/xhtml1-transitional.dtd">
<html xmlns="http://www.w3.org/1999/xhtml" xml:lang="en" lang="en">
 <head>
  <title>
</title>
<meta http-equiv="Content-Type" content="text/html;charset=utf-8" />
  <meta name='ocr-system' content='tesseract 3.04.00' />
  <meta name='ocr-capabilities' content='ocr_page ocr_carea ocr_par ocr_line ocrx_word'/>
</head>
<body>
  <div class='ocr_page' id='page_1' title='image "./registrumadedeo00banngoog_0406.png"; bbox 0 0 3850 5917; ppageno 0'>
   <div class='ocr_carea' id='block_1_1' title="bbox 698 683 1525 763">
    <p class='ocr_par' dir='ltr' id='par_1_1' title="bbox 698 683 1525 763">
     <span class='ocr_line' id='line_1_1' title="bbox 698 683 1525 763; baseline 0.001 -21"><span class='ocrx_word' id='word_1_1' title='bbox 698 683 849 763; x_wconf 74' lang='lat' dir='ltr'><strong><em>Episcopi</em></strong></span> <span class='ocrx_word' id='word_1_2' title='bbox 875 683 1119 763; x_wconf 76' lang='lat' dir='ltr'>Harasordcrrsis.</span> <span class='ocrx_word' id='word_1_3' title='bbox 1465 684 1525 743; x_wconf 81' lang='lat'>341</span> 
     </span>
    </p>
   </div>
   <div class='ocr_carea' id='block_1_2' title="bbox 85 906 1527 4688">
    <p class='ocr_par' dir='ltr' id='par_1_2' title="bbox 85 906 1527 4688">
     <span class='ocr_line' id='line_1_2' title="bbox 85 906 1525 988; baseline 0.001 -23"><span class='ocrx_word' id='word_1_4' title='bbox 85 913 166 952; x_wconf 72' lang='grc' dir='ltr'>Α-ῠ·</span> <span class='ocrx_word' id='word_1_5' title='bbox 185 913 246 953; x_wconf 77' lang='lat'>¹³²⁵·</span> <span class='ocrx_word' id='word_1_6' title='bbox 290 907 407 967; x_wconf 89' lang='lat' dir='ltr'>mentis</span> <span class='ocrx_word' id='word_1_7' title='bbox 435 912 543 968; x_wconf 90' lang='lat' dir='ltr'>nostre</span> <span class='ocrx_word' id='word_1_8' title='bbox 570 906 791 979; x_wconf 80' lang='lat' dir='ltr'>intencionem,</span> <span class='ocrx_word' id='word_1_9' title='bbox 822 908 921 987; x_wconf 90' lang='lat' dir='ltr'>ipsius</span> <span class='ocrx_word' id='word_1_10' title='bbox 951 908 984 968; x_wconf 91' lang='lat' dir='ltr'>in</span> <span class='ocrx_word' id='word_1_11' title='bbox 1012 929 1046 969; x_wconf 90' lang='lat' dir='ltr'>re</span> <span class='ocrx_word' id='word_1_12' title='bbox 1073 913 1139 968; x_wconf 90' lang='lat' dir='ltr'>tam</span> <span class='ocrx_word' id='word_1_13' title='bbox 1167 907 1262 968; x_wconf 90' lang='lat' dir='ltr'>dubia</span> <span class='ocrx_word' id='word_1_14' title='bbox 1289 912 1417 988; x_wconf 91' lang='lat' dir='ltr'>tamque</span> <span class='ocrx_word' id='word_1_15' title='bbox 1445 908 1525 988; x_wconf 88' lang='lat' dir='ltr'>peri·</span> 
     </span>
     <span class='ocr_line' id='line_1_3' title="bbox 290 1013 1524 1095; baseline -0.002 -21"><span class='ocrx_word' id='word_1_16' title='bbox 290 1013 398 1074; x_wconf 88' lang='lat' dir='ltr'>culosa</span> <span class='ocrx_word' id='word_1_17' title='bbox 416 1013 634 1075; x_wconf 89' lang='lat' dir='ltr'>consiliumet</span> <span class='ocrx_word' id='word_1_18' title='bbox 657 1014 806 1075; x_wconf 86' lang='lat' dir='ltr'>auxilium</span> <span class='ocrx_word' id='word_1_19' title='bbox 826 1021 913 1075; x_wconf 86' lang='lat' dir='ltr'>casto</span> <span class='ocrx_word' id='word_1_20' title='bbox 934 1036 1063 1094; x_wconf 89' lang='lat' dir='ltr'>corpore</span> <span class='ocrx_word' id='word_1_21' title='bbox 1082 1020 1114 1076; x_wconf 89' lang='lat' dir='ltr'>et</span> <span class='ocrx_word' id='word_1_22' title='bbox 1128 1035 1208 1095; x_wconf 91' lang='lat' dir='ltr'>puro</span> <span class='ocrx_word' id='word_1_23' title='bbox 1230 1016 1323 1075; x_wconf 92' lang='lat' dir='ltr'>corde</span> <span class='ocrx_word' id='word_1_24' title='bbox 1344 1014 1524 1094; x_wconf 86' lang='lat' dir='ltr'>flagitando.</span> 
     </span>
     <span class='ocr_line' id='line_1_4' title="bbox 291 1119 1526 1200; baseline 0 -21"><span class='ocrx_word' id='word_1_25' title='bbox 291 1119 444 1193; x_wconf 77' lang='lat' dir='ltr'><strong>Quocirca</strong></span> <span class='ocrx_word' id='word_1_26' title='bbox 480 1124 584 1180; x_wconf 90' lang='lat' dir='ltr'>vestre</span> <span class='ocrx_word' id='word_1_27' title='bbox 625 1119 814 1181; x_wconf 85' lang='lat' dir='ltr'>fraternitati</span> <span class='ocrx_word' id='word_1_28' title='bbox 858 1120 990 1181; x_wconf 89' lang='lat' dir='ltr'>firmiter</span> <span class='ocrx_word' id='word_1_29' title='bbox 1031 1120 1224 1200; x_wconf 86' lang='lat' dir='ltr'>iujungimus</span> <span class='ocrx_word' id='word_1_30' title='bbox 1267 1125 1300 1179; x_wconf 90' lang='lat' dir='ltr'>et</span> <span class='ocrx_word' id='word_1_31' title='bbox 1337 1120 1526 1179; x_wconf 90' lang='lat' dir='ltr'>mandamus</span> 
     </span>
     <span class='ocr_line' id='line_1_5' title="bbox 291 1205 1525 1306; baseline -0.001 -21"><span class='ocrx_word' id='word_1_32' title='bbox 291 1225 440 1306; x_wconf 76' lang='lat' dir='ltr'>quatinus</span> <span class='ocrx_word' id='word_1_33' title='bbox 486 1226 518 1284; x_wconf 93' lang='lat' dir='ltr'>in</span> <span class='ocrx_word' id='word_1_34' title='bbox 562 1226 693 1305; x_wconf 87' lang='lat' dir='ltr'>singulis</span> <span class='ocrx_word' id='word_1_35' title='bbox 731 1226 871 1287; x_wconf 88' lang='lat' dir='ltr'>ecclesiis</span> <span class='ocrx_word' id='word_1_36' title='bbox 907 1225 1138 1305; x_wconf 76' lang='lat' dir='ltr'>parochialibus</span> <span class='ocrx_word' id='word_1_37' title='bbox 1176 1231 1279 1287; x_wconf 88' lang='lat' dir='ltr'>vestre</span> <span class='ocrx_word' id='word_1_38' title='bbox 1320 1226 1457 1286; x_wconf 87' lang='lat' dir='ltr'>civitatis</span> <span class='ocrx_word' id='word_1_39' title='bbox 1492 1205 1525 1285; x_wconf 86' lang='lat' dir='ltr'>et</span> 
     </span>
     <span class='ocr_line' id='line_1_6' title="bbox 291 1330 1526 1410; baseline -0.002 -19"><span class='ocrx_word' id='word_1_40' title='bbox 291 1331 433 1401; x_wconf 90' lang='lat' dir='ltr'>diocesis,</span> <span class='ocrx_word' id='word_1_41' title='bbox 455 1351 577 1392; x_wconf 83' lang='lat' dir='ltr'>necnon</span> <span class='ocrx_word' id='word_1_42' title='bbox 606 1331 639 1390; x_wconf 93' lang='lat' dir='ltr'>in</span> <span class='ocrx_word' id='word_1_43' title='bbox 667 1332 798 1392; x_wconf 88' lang='lat' dir='ltr'>ecclesia</span> <span class='ocrx_word' id='word_1_44' title='bbox 826 1337 930 1391; x_wconf 77' lang='lat' dir='ltr'>vestre</span> <span class='ocrx_word' id='word_1_45' title='bbox 958 1331 1139 1401; x_wconf 76' lang='lat' dir='ltr'>cathedrali,</span> <span class='ocrx_word' id='word_1_46' title='bbox 1165 1330 1327 1410; x_wconf 89' lang='lat' dir='ltr'>proposito</span> <span class='ocrx_word' id='word_1_47' title='bbox 1349 1330 1443 1391; x_wconf 88' lang='lat' dir='ltr'>verbo</span> <span class='ocrx_word' id='word_1_48' title='bbox 1465 1331 1526 1391; x_wconf 91' lang='lat' dir='ltr'>Dei</span> 
     </span>
     <span class='ocr_line' id='line_1_7' title="bbox 290 1435 1524 1516; baseline -0.002 -18"><span class='ocrx_word' id='word_1_49' title='bbox 290 1436 503 1516; x_wconf 88' lang='lat' dir='ltr'>solempniter,</span> <span class='ocrx_word' id='word_1_50' title='bbox 526 1436 585 1497; x_wconf 90' lang='lat' dir='ltr'>hac</span> <span class='ocrx_word' id='word_1_51' title='bbox 607 1456 668 1516; x_wconf 91' lang='lat' dir='ltr'>que</span> <span class='ocrx_word' id='word_1_52' title='bbox 690 1436 890 1516; x_wconf 90' lang='lat' dir='ltr'>premisimus</span> <span class='ocrx_word' id='word_1_53' title='bbox 915 1436 998 1496; x_wconf 88' lang='lat' dir='ltr'>clero</span> <span class='ocrx_word' id='word_1_54' title='bbox 1022 1442 1055 1496; x_wconf 91' lang='lat' dir='ltr'>et</span> <span class='ocrx_word' id='word_1_55' title='bbox 1076 1436 1193 1515; x_wconf 90' lang='lat' dir='ltr'>populo</span> <span class='ocrx_word' id='word_1_56' title='bbox 1215 1435 1337 1495; x_wconf 86' lang='lat' dir='ltr'>faciatis</span> <span class='ocrx_word' id='word_1_57' title='bbox 1361 1435 1524 1514; x_wconf 87' lang='lat' dir='ltr'>predicari,</span> 
     </span>
     <span class='ocr_line' id='line_1_8' title="bbox 291 1540 1526 1622; baseline -0.002 -21"><span class='ocrx_word' id='word_1_58' title='bbox 291 1542 438 1622; x_wconf 89' lang='lat' dir='ltr'>ipsosque</span> <span class='ocrx_word' id='word_1_59' title='bbox 480 1542 647 1602; x_wconf 89' lang='lat' dir='ltr'>efficaciter</span> <span class='ocrx_word' id='word_1_60' title='bbox 683 1542 788 1602; x_wconf 89' lang='lat' dir='ltr'>induci</span> <span class='ocrx_word' id='word_1_61' title='bbox 829 1548 865 1601; x_wconf 84' lang='lat' dir='ltr'>ut</span> <span class='ocrx_word' id='word_1_62' title='bbox 906 1542 991 1621; x_wconf 88' lang='lat' dir='ltr'>apud</span> <span class='ocrx_word' id='word_1_63' title='bbox 1032 1561 1189 1602; x_wconf 89' lang='lat' dir='ltr'>summam</span> <span class='ocrx_word' id='word_1_64' title='bbox 1231 1546 1263 1600; x_wconf 90' lang='lat' dir='ltr'>et</span> <span class='ocrx_word' id='word_1_65' title='bbox 1304 1540 1526 1601; x_wconf 88' lang='lat' dir='ltr'>indivisibilem</span> 
     </span>
     <span class='ocr_line' id='line_1_9' title="bbox 290 1646 1526 1727; baseline 0.002 -22"><span class='ocrx_word' id='word_1_66' title='bbox 290 1646 477 1707; x_wconf 81' lang='lat' dir='ltr'>Trinitatem</span> <span class='ocrx_word' id='word_1_67' title='bbox 516 1646 638 1707; x_wconf 93' lang='lat' dir='ltr'>devotis</span> <span class='ocrx_word' id='word_1_68' title='bbox 676 1647 873 1708; x_wconf 85' lang='lat' dir='ltr'>oracionibus</span> <span class='ocrx_word' id='word_1_69' title='bbox 912 1648 1107 1708; x_wconf 85' lang='lat' dir='ltr'>incessanter</span> <span class='ocrx_word' id='word_1_70' title='bbox 1144 1647 1302 1718; x_wconf 87' lang='lat' dir='ltr'>insistant,</span> <span class='ocrx_word' id='word_1_71' title='bbox 1336 1647 1436 1727; x_wconf 87' lang='lat' dir='ltr'>ipsius</span> <span class='ocrx_word' id='word_1_72' title='bbox 1474 1649 1526 1708; x_wconf 94' lang='lat' dir='ltr'>de-</span> 
     </span>
     <span class='ocr_line' id='line_1_10' title="bbox 291 1752 1526 1832; baseline 0 -21"><span class='ocrx_word' id='word_1_73' title='bbox 291 1758 456 1832; x_wconf 88' lang='lat' dir='ltr'>precantes</span> <span class='ocrx_word' id='word_1_74' title='bbox 493 1752 695 1813; x_wconf 85' lang='lat' dir='ltr'>clamenciam</span> <span class='ocrx_word' id='word_1_75' title='bbox 733 1753 787 1832; x_wconf 93' lang='lat' dir='ltr'>qui</span> <span class='ocrx_word' id='word_1_76' title='bbox 823 1755 862 1813; x_wconf 94' lang='lat' dir='ltr'>de</span> <span class='ocrx_word' id='word_1_77' title='bbox 899 1754 1031 1813; x_wconf 89' lang='lat' dir='ltr'>summis</span> <span class='ocrx_word' id='word_1_78' title='bbox 1067 1752 1204 1813; x_wconf 91' lang='lat' dir='ltr'>celorum</span> <span class='ocrx_word' id='word_1_79' title='bbox 1239 1753 1278 1813; x_wconf 90' lang='lat' dir='ltr'>ad</span> <span class='ocrx_word' id='word_1_80' title='bbox 1317 1753 1380 1812; x_wconf 91' lang='lat' dir='ltr'>ima</span> <span class='ocrx_word' id='word_1_81' title='bbox 1417 1752 1526 1811; x_wconf 90' lang='lat' dir='ltr'>mundi</span> 
     </span>
     <span class='ocr_line' id='line_1_11' title="bbox 291 1844 1527 1937; baseline 0.001 -21"><span class='ocrx_word' id='word_1_82' title='bbox 291 1844 462 1927; x_wconf 85' lang='lat' dir='ltr'>descendit,</span> <span class='ocrx_word' id='word_1_83' title='bbox 501 1864 533 1917; x_wconf 84' lang='lat' dir='ltr'>et</span> <span class='ocrx_word' id='word_1_84' title='bbox 572 1877 629 1937; x_wconf 90' lang='lat' dir='ltr'>pro</span> <span class='ocrx_word' id='word_1_85' title='bbox 664 1858 795 1917; x_wconf 86' lang='lat' dir='ltr'>humani</span> <span class='ocrx_word' id='word_1_86' title='bbox 822 1859 945 1937; x_wconf 85' lang='lat' dir='ltr'>generis</span> <span class='ocrx_word' id='word_1_87' title='bbox 974 1858 1192 1937; x_wconf 89' lang='lat' dir='ltr'>redempcione</span> <span class='ocrx_word' id='word_1_88' title='bbox 1227 1863 1360 1918; x_wconf 87' lang='lat' dir='ltr'>mortem</span> <span class='ocrx_word' id='word_1_89' title='bbox 1399 1860 1527 1919; x_wconf 90' lang='lat' dir='ltr'>tandem</span> 
     </span>
     <span class='ocr_line' id='line_1_12' title="bbox 291 1962 1527 2044; baseline 0.001 -21"><span class='ocrx_word' id='word_1_90' title='bbox 291 1962 388 2023; x_wconf 87' lang='lat' dir='ltr'>subiit</span> <span class='ocrx_word' id='word_1_91' title='bbox 416 1964 630 2043; x_wconf 87' lang='lat' dir='ltr'>temporalem,</span> <span class='ocrx_word' id='word_1_92' title='bbox 653 1964 801 2044; x_wconf 82' lang='lat' dir='ltr'>quatinus</span> <span class='ocrx_word' id='word_1_93' title='bbox 822 1965 855 2023; x_wconf 89' lang='lat' dir='ltr'>in</span> <span class='ocrx_word' id='word_1_94' title='bbox 884 1964 994 2025; x_wconf 89' lang='lat' dir='ltr'>diebus</span> <span class='ocrx_word' id='word_1_95' title='bbox 1018 1964 1135 2025; x_wconf 89' lang='lat' dir='ltr'>nostris</span> <span class='ocrx_word' id='word_1_96' title='bbox 1164 1964 1246 2025; x_wconf 88' lang='lat' dir='ltr'>inter</span> <span class='ocrx_word' id='word_1_97' title='bbox 1266 1965 1406 2044; x_wconf 88' lang='lat' dir='ltr'>predicta</span> <span class='ocrx_word' id='word_1_98' title='bbox 1430 1985 1527 2044; x_wconf 86' lang='lat' dir='ltr'>regna</span> 
     </span>
     <span class='ocr_line' id='line_1_13' title="bbox 292 2068 1526 2150; baseline 0.002 -23"><span class='ocrx_word' id='word_1_99' title='bbox 292 2074 324 2127; x_wconf 89' lang='lat' dir='ltr'>et</span> <span class='ocrx_word' id='word_1_100' title='bbox 359 2088 466 2129; x_wconf 90' lang='lat' dir='ltr'>eorum</span> <span class='ocrx_word' id='word_1_101' title='bbox 509 2068 626 2128; x_wconf 90' lang='lat' dir='ltr'>incolas</span> <span class='ocrx_word' id='word_1_102' title='bbox 669 2069 867 2129; x_wconf 87' lang='lat' dir='ltr'>concordiam</span> <span class='ocrx_word' id='word_1_103' title='bbox 909 2077 1094 2149; x_wconf 89' lang='lat' dir='ltr'>perpetuam</span> <span class='ocrx_word' id='word_1_104' title='bbox 1133 2071 1284 2131; x_wconf 88' lang='lat' dir='ltr'>concedat</span> <span class='ocrx_word' id='word_1_105' title='bbox 1332 2076 1365 2132; x_wconf 91' lang='lat' dir='ltr'>et</span> <span class='ocrx_word' id='word_1_106' title='bbox 1405 2091 1526 2150; x_wconf 89' lang='lat' dir='ltr'>pacem,</span> 
     </span>
     <span class='ocr_line' id='line_1_14' title="bbox 291 2174 1526 2257; baseline 0.003 -24"><span class='ocrx_word' id='word_1_107' title='bbox 291 2178 473 2253; x_wconf 87' lang='lat' dir='ltr'>statumque</span> <span class='ocrx_word' id='word_1_108' title='bbox 511 2174 641 2234; x_wconf 87' lang='lat' dir='ltr'>ecclesie</span> <span class='ocrx_word' id='word_1_109' title='bbox 678 2194 734 2235; x_wconf 89' lang='lat' dir='ltr'>sue</span> <span class='ocrx_word' id='word_1_110' title='bbox 769 2180 877 2235; x_wconf 89' lang='lat' dir='ltr'>sancte</span> <span class='ocrx_word' id='word_1_111' title='bbox 912 2176 1093 2255; x_wconf 83' lang='lat' dir='ltr'>Regemque</span> <span class='ocrx_word' id='word_1_112' title='bbox 1129 2182 1274 2236; x_wconf 88' lang='lat' dir='ltr'>nostrum</span> <span class='ocrx_word' id='word_1_113' title='bbox 1308 2182 1341 2237; x_wconf 93' lang='lat' dir='ltr'>et</span> <span class='ocrx_word' id='word_1_114' title='bbox 1375 2178 1526 2257; x_wconf 91' lang='lat' dir='ltr'>populum</span> 
     </span>
     <span class='ocr_line' id='line_1_15' title="bbox 292 2279 1527 2365; baseline 0.004 -26"><span class='ocrx_word' id='word_1_115' title='bbox 292 2279 352 2339; x_wconf 87' lang='lat' dir='ltr'>sibi</span> <span class='ocrx_word' id='word_1_116' title='bbox 394 2279 547 2339; x_wconf 90' lang='lat' dir='ltr'>creditum</span> <span class='ocrx_word' id='word_1_117' title='bbox 584 2280 623 2338; x_wconf 91' lang='lat' dir='ltr'>ad</span> <span class='ocrx_word' id='word_1_118' title='bbox 662 2280 813 2340; x_wconf 89' lang='lat' dir='ltr'>honorem</span> <span class='ocrx_word' id='word_1_119' title='bbox 849 2280 987 2365; x_wconf 81' lang='lat' dir='ltr'>nominis</span> <span class='ocrx_word' id='word_1_120' title='bbox 1022 2281 1071 2341; x_wconf 92' lang='lat' dir='ltr'>sui</span> <span class='ocrx_word' id='word_1_121' title='bbox 1109 2281 1275 2343; x_wconf 88' lang='lat' dir='ltr'>salubriter</span> <span class='ocrx_word' id='word_1_122' title='bbox 1302 2283 1459 2343; x_wconf 87' lang='lat' dir='ltr'>custodiat</span> <span class='ocrx_word' id='word_1_123' title='bbox 1494 2290 1527 2344; x_wconf 90' lang='lat' dir='ltr'>et</span> 
     </span>
     <span class='ocr_line' id='line_1_16' title="bbox 291 2384 1526 2465; baseline 0.002 -21"><span class='ocrx_word' id='word_1_124' title='bbox 291 2384 453 2463; x_wconf 84' lang='lat' dir='ltr'>gubernet,</span> <span class='ocrx_word' id='word_1_125' title='bbox 490 2389 522 2444; x_wconf 88' lang='lat' dir='ltr'>et</span> <span class='ocrx_word' id='word_1_126' title='bbox 557 2384 590 2443; x_wconf 91' lang='lat' dir='ltr'>in</span> <span class='ocrx_word' id='word_1_127' title='bbox 625 2384 770 2445; x_wconf 90' lang='lat' dir='ltr'>cordibus</span> <span class='ocrx_word' id='word_1_128' title='bbox 806 2404 913 2463; x_wconf 85' lang='lat' dir='ltr'>regum</span> <span class='ocrx_word' id='word_1_129' title='bbox 951 2386 1120 2446; x_wconf 90' lang='lat' dir='ltr'>eorundem</span> <span class='ocrx_word' id='word_1_130' title='bbox 1157 2406 1213 2463; x_wconf 90' lang='lat' dir='ltr'>per</span> <span class='ocrx_word' id='word_1_131' title='bbox 1254 2387 1390 2465; x_wconf 88' lang='lat' dir='ltr'>graciam</span> <span class='ocrx_word' id='word_1_132' title='bbox 1425 2391 1526 2449; x_wconf 82' lang='lat' dir='ltr'>sancti</span> 
     </span>
     <span class='ocr_line' id='line_1_17' title="bbox 294 2490 1527 2574; baseline 0.002 -22"><span class='ocrx_word' id='word_1_133' title='bbox 294 2491 430 2570; x_wconf 87' lang='lat' dir='ltr'>Spiritus</span> <span class='ocrx_word' id='word_1_134' title='bbox 451 2490 537 2570; x_wconf 89' lang='lat' dir='ltr'>pacis</span> <span class='ocrx_word' id='word_1_135' title='bbox 559 2490 747 2552; x_wconf 90' lang='lat' dir='ltr'>desiderium</span> <span class='ocrx_word' id='word_1_136' title='bbox 766 2491 919 2562; x_wconf 89' lang='lat' dir='ltr'>infundat,</span> <span class='ocrx_word' id='word_1_137' title='bbox 937 2492 1083 2571; x_wconf 92' lang='lat' dir='ltr'>quodque</span> <span class='ocrx_word' id='word_1_138' title='bbox 1100 2512 1176 2571; x_wconf 88' lang='lat' dir='ltr'>pace</span> <span class='ocrx_word' id='word_1_139' title='bbox 1198 2492 1230 2552; x_wconf 93' lang='lat' dir='ltr'>in</span> <span class='ocrx_word' id='word_1_140' title='bbox 1252 2493 1355 2572; x_wconf 84' lang='lat' dir='ltr'>regnis</span> <span class='ocrx_word' id='word_1_141' title='bbox 1378 2496 1527 2574; x_wconf 89' lang='lat' dir='ltr'>predictis</span> 
     </span>
     <span class='ocr_line' id='line_1_18' title="bbox 292 2596 1527 2677; baseline 0.005 -22"><span class='ocrx_word' id='word_1_142' title='bbox 292 2596 425 2657; x_wconf 89' lang='lat' dir='ltr'>firmiter</span> <span class='ocrx_word' id='word_1_143' title='bbox 445 2598 569 2657; x_wconf 89' lang='lat' dir='ltr'>firmata</span> <span class='ocrx_word' id='word_1_144' title='bbox 590 2597 684 2657; x_wconf 90' lang='lat' dir='ltr'>iidem</span> <span class='ocrx_word' id='word_1_145' title='bbox 706 2597 807 2676; x_wconf 86' lang='lat' dir='ltr'>Reges</span> <span class='ocrx_word' id='word_1_146' title='bbox 829 2618 906 2677; x_wconf 88' lang='lat' dir='ltr'>pure</span> <span class='ocrx_word' id='word_1_147' title='bbox 931 2598 1110 2659; x_wconf 89' lang='lat' dir='ltr'>devocionis</span> <span class='ocrx_word' id='word_1_148' title='bbox 1138 2604 1170 2659; x_wconf 87' lang='lat' dir='ltr'>et</span> <span class='ocrx_word' id='word_1_149' title='bbox 1194 2598 1266 2659; x_wconf 90' lang='lat' dir='ltr'>fidei</span> <span class='ocrx_word' id='word_1_150' title='bbox 1291 2600 1358 2660; x_wconf 83' lang='lat' dir='ltr'>zelo</span> <span class='ocrx_word' id='word_1_151' title='bbox 1384 2602 1527 2662; x_wconf 90' lang='lat' dir='ltr'>succensi</span> 
     </span>
     <span class='ocr_line' id='line_1_19' title="bbox 292 2702 1527 2784; baseline 0.005 -23"><span class='ocrx_word' id='word_1_152' title='bbox 292 2703 324 2761; x_wconf 87' lang='lat' dir='ltr'>in</span> <span class='ocrx_word' id='word_1_153' title='bbox 346 2702 472 2763; x_wconf 87' lang='lat' dir='ltr'>Terram</span> <span class='ocrx_word' id='word_1_154' title='bbox 504 2704 652 2763; x_wconf 89' lang='lat' dir='ltr'>Sanctam</span> <span class='ocrx_word' id='word_1_155' title='bbox 674 2703 740 2763; x_wconf 88' lang='lat' dir='ltr'>vias</span> <span class='ocrx_word' id='word_1_156' title='bbox 762 2724 835 2764; x_wconf 88' lang='lat' dir='ltr'>suas</span> <span class='ocrx_word' id='word_1_157' title='bbox 857 2704 1011 2782; x_wconf 86' lang='lat' dir='ltr'>dirigant;</span> <span class='ocrx_word' id='word_1_158' title='bbox 1034 2705 1074 2763; x_wconf 88' lang='lat' dir='ltr'>ad</span> <span class='ocrx_word' id='word_1_159' title='bbox 1094 2706 1178 2784; x_wconf 94' lang='lat' dir='ltr'>quod</span> <span class='ocrx_word' id='word_1_160' title='bbox 1206 2704 1383 2765; x_wconf 85' lang='lat' dir='ltr'>faciendum</span> <span class='ocrx_word' id='word_1_161' title='bbox 1405 2707 1527 2767; x_wconf 87' lang='lat' dir='ltr'>vivifice</span> 
     </span>
     <span class='ocr_line' id='line_1_20' title="bbox 292 2807 1527 2891; baseline 0.004 -23"><span class='ocrx_word' id='word_1_162' title='bbox 292 2808 394 2869; x_wconf 89' lang='lat' dir='ltr'>crucis</span> <span class='ocrx_word' id='word_1_163' title='bbox 418 2807 637 2887; x_wconf 89' lang='lat' dir='ltr'>assumpcione</span> <span class='ocrx_word' id='word_1_164' title='bbox 665 2828 699 2869; x_wconf 90' lang='lat' dir='ltr'>se</span> <span class='ocrx_word' id='word_1_165' title='bbox 724 2809 798 2869; x_wconf 91' lang='lat' dir='ltr'>olim</span> <span class='ocrx_word' id='word_1_166' title='bbox 820 2814 932 2887; x_wconf 89' lang='lat' dir='ltr'>sponte</span> <span class='ocrx_word' id='word_1_167' title='bbox 957 2808 1099 2869; x_wconf 87' lang='lat' dir='ltr'>fecerunt</span> <span class='ocrx_word' id='word_1_168' title='bbox 1125 2811 1307 2889; x_wconf 86' lang='lat' dir='ltr'>presignari,</span> <span class='ocrx_word' id='word_1_169' title='bbox 1329 2812 1369 2871; x_wconf 89' lang='lat' dir='ltr'>ad</span> <span class='ocrx_word' id='word_1_170' title='bbox 1396 2812 1527 2891; x_wconf 87' lang='lat' dir='ltr'>injurias</span> 
     </span>
     <span class='ocr_line' id='line_1_21' title="bbox 292 2914 1527 2995; baseline 0.006 -22"><span class='ocrx_word' id='word_1_171' title='bbox 292 2914 487 2975; x_wconf 83' lang='lat' dir='ltr'>ulciscendas</span> <span class='ocrx_word' id='word_1_172' title='bbox 519 2934 579 2994; x_wconf 91' lang='lat' dir='ltr'>que</span> <span class='ocrx_word' id='word_1_173' title='bbox 614 2914 653 2974; x_wconf 90' lang='lat' dir='ltr'>ab</span> <span class='ocrx_word' id='word_1_174' title='bbox 684 2914 857 2975; x_wconf 89' lang='lat' dir='ltr'>infidelium</span> <span class='ocrx_word' id='word_1_175' title='bbox 889 2915 1075 2975; x_wconf 87' lang='lat' dir='ltr'>detestanda</span> <span class='ocrx_word' id='word_1_176' title='bbox 1102 2922 1195 2995; x_wconf 87' lang='lat' dir='ltr'>gente</span> <span class='ocrx_word' id='word_1_177' title='bbox 1220 2918 1364 2979; x_wconf 88' lang='lat' dir='ltr'>nefandis</span> <span class='ocrx_word' id='word_1_178' title='bbox 1398 2919 1527 2980; x_wconf 83' lang='lat' dir='ltr'>ausibus</span> 
     </span>
     <span class='ocr_line' id='line_1_22' title="bbox 292 3018 1526 3098; baseline 0.004 -19"><span class='ocrx_word' id='word_1_179' title='bbox 292 3019 423 3098; x_wconf 86' lang='lat' dir='ltr'>singulis</span> <span class='ocrx_word' id='word_1_180' title='bbox 445 3020 554 3080; x_wconf 90' lang='lat' dir='ltr'>diebus</span> <span class='ocrx_word' id='word_1_181' title='bbox 576 3018 702 3080; x_wconf 79' lang='lat' dir='ltr'>Christo</span> <span class='ocrx_word' id='word_1_182' title='bbox 724 3019 909 3080; x_wconf 89' lang='lat' dir='ltr'>inferuntur.</span> <span class='ocrx_word' id='word_1_183' title='bbox 963 3021 1006 3080; x_wconf 87' lang='lat' dir='ltr'>Et</span> <span class='ocrx_word' id='word_1_184' title='bbox 1027 3026 1063 3081; x_wconf 88' lang='lat' dir='ltr'>ut</span> <span class='ocrx_word' id='word_1_185' title='bbox 1084 3022 1222 3082; x_wconf 90' lang='lat' dir='ltr'>virorum</span> <span class='ocrx_word' id='word_1_186' title='bbox 1243 3022 1526 3084; x_wconf 89' lang='lat' dir='ltr'>ecclesiasticorum</span> 
     </span>
     <span class='ocr_line' id='line_1_23' title="bbox 291 3124 1527 3205; baseline 0.004 -20"><span class='ocrx_word' id='word_1_187' title='bbox 291 3124 443 3203; x_wconf 72' lang='lat' dir='ltr'>exenrplo</span> <span class='ocrx_word' id='word_1_188' title='bbox 473 3144 595 3185; x_wconf 92' lang='lat' dir='ltr'>necnon</span> <span class='ocrx_word' id='word_1_189' title='bbox 623 3130 656 3185; x_wconf 91' lang='lat' dir='ltr'>et</span> <span class='ocrx_word' id='word_1_190' title='bbox 683 3126 874 3203; x_wconf 89' lang='lat' dir='ltr'>premiorum</span> <span class='ocrx_word' id='word_1_191' title='bbox 903 3126 1123 3187; x_wconf 90' lang='lat' dir='ltr'>exhortacione</span> <span class='ocrx_word' id='word_1_192' title='bbox 1154 3128 1364 3205; x_wconf 90' lang='lat' dir='ltr'>spiritualium</span> <span class='ocrx_word' id='word_1_193' title='bbox 1395 3130 1435 3189; x_wconf 91' lang='lat' dir='ltr'>ad</span> <span class='ocrx_word' id='word_1_194' title='bbox 1466 3131 1527 3191; x_wconf 93' lang='lat' dir='ltr'>hoc</span> 
     </span>
     <span class='ocr_line' id='line_1_24' title="bbox 292 3230 1526 3313; baseline 0.004 -23"><span class='ocrx_word' id='word_1_195' title='bbox 292 3230 430 3291; x_wconf 90' lang='lat' dir='ltr'>universi</span> <span class='ocrx_word' id='word_1_196' title='bbox 451 3230 623 3291; x_wconf 88' lang='lat' dir='ltr'>animosius</span> <span class='ocrx_word' id='word_1_197' title='bbox 659 3230 844 3301; x_wconf 89' lang='lat' dir='ltr'>innitantur,</span> <span class='ocrx_word' id='word_1_198' title='bbox 875 3232 1007 3311; x_wconf 86' lang='lat' dir='ltr'>singulis</span> <span class='ocrx_word' id='word_1_199' title='bbox 1036 3232 1146 3293; x_wconf 89' lang='lat' dir='ltr'>diebus</span> <span class='ocrx_word' id='word_1_200' title='bbox 1167 3233 1199 3290; x_wconf 92' lang='lat' dir='ltr'>in</span> <span class='ocrx_word' id='word_1_201' title='bbox 1231 3233 1329 3293; x_wconf 87' lang='lat' dir='ltr'>missa</span> <span class='ocrx_word' id='word_1_202' title='bbox 1355 3236 1526 3313; x_wconf 91' lang='lat' dir='ltr'>parochiali</span> 
     </span>
     <span class='ocr_line' id='line_1_25' title="bbox 291 3336 1526 3419; baseline 0.005 -24"><span class='ocrx_word' id='word_1_203' title='bbox 291 3341 365 3416; x_wconf 91' lang='lat' dir='ltr'>post</span> <span class='ocrx_word' id='word_1_204' title='bbox 399 3336 504 3413; x_wconf 73' lang='lat' dir='ltr'>Apsus</span> <span class='ocrx_word' id='word_1_205' title='bbox 533 3336 594 3397; x_wconf 81' lang='lat' dir='ltr'>Dei</span> <span class='ocrx_word' id='word_1_206' title='bbox 628 3337 766 3415; x_wconf 91' lang='lat' dir='ltr'>psalmos</span> <span class='ocrx_word' id='word_1_207' title='bbox 798 3343 966 3398; x_wconf 87' lang='lat' dir='ltr'>consuetos</span> <span class='ocrx_word' id='word_1_208' title='bbox 998 3358 1069 3398; x_wconf 88' lang='lat' dir='ltr'>cnm</span> <span class='ocrx_word' id='word_1_209' title='bbox 1104 3339 1249 3399; x_wconf 88' lang='lat' dir='ltr'>oracione</span> <span class='ocrx_word' id='word_1_210' title='bbox 1280 3341 1318 3400; x_wconf 89' lang='lat' dir='ltr'>de</span> <span class='ocrx_word' id='word_1_211' title='bbox 1352 3361 1429 3419; x_wconf 90' lang='lat' dir='ltr'>pace</span> <span class='ocrx_word' id='word_1_212' title='bbox 1465 3342 1526 3402; x_wconf 91' lang='lat' dir='ltr'>dici</span> 
     </span>
     <span class='ocr_line' id='line_1_26' title="bbox 292 3442 1527 3523; baseline 0.004 -21"><span class='ocrx_word' id='word_1_213' title='bbox 292 3442 437 3503; x_wconf 90' lang='lat' dir='ltr'>volumus</span> <span class='ocrx_word' id='word_1_214' title='bbox 458 3447 490 3503; x_wconf 89' lang='lat' dir='ltr'>et</span> <span class='ocrx_word' id='word_1_215' title='bbox 511 3443 706 3513; x_wconf 89' lang='lat' dir='ltr'>mandamus,</span> <span class='ocrx_word' id='word_1_216' title='bbox 729 3463 765 3503; x_wconf 88' lang='lat' dir='ltr'>ac</span> <span class='ocrx_word' id='word_1_217' title='bbox 795 3443 925 3523; x_wconf 84' lang='lat' dir='ltr'>singulis</span> <span class='ocrx_word' id='word_1_218' title='bbox 953 3444 1074 3522; x_wconf 88' lang='lat' dir='ltr'>quartis</span> <span class='ocrx_word' id='word_1_219' title='bbox 1095 3443 1181 3505; x_wconf 85' lang='lat' dir='ltr'>feriis</span> <span class='ocrx_word' id='word_1_220' title='bbox 1210 3444 1242 3503; x_wconf 91' lang='lat' dir='ltr'>in</span> <span class='ocrx_word' id='word_1_221' title='bbox 1264 3445 1394 3505; x_wconf 88' lang='lat' dir='ltr'>ecclesia</span> <span class='ocrx_word' id='word_1_222' title='bbox 1422 3452 1527 3507; x_wconf 88' lang='lat' dir='ltr'>vestra</span> 
     </span>
     <span class='ocr_line' id='line_1_27' title="bbox 292 3548 1525 3628; baseline 0.002 -19"><span class='ocrx_word' id='word_1_223' title='bbox 292 3549 464 3609; x_wconf 89' lang='lat' dir='ltr'>cathedrali</span> <span class='ocrx_word' id='word_1_224' title='bbox 485 3570 521 3609; x_wconf 90' lang='lat' dir='ltr'>ac</span> <span class='ocrx_word' id='word_1_225' title='bbox 542 3548 575 3607; x_wconf 90' lang='lat' dir='ltr'>in</span> <span class='ocrx_word' id='word_1_226' title='bbox 597 3549 727 3628; x_wconf 85' lang='lat' dir='ltr'>singulis</span> <span class='ocrx_word' id='word_1_227' title='bbox 750 3548 889 3609; x_wconf 88' lang='lat' dir='ltr'>ecclesiis</span> <span class='ocrx_word' id='word_1_228' title='bbox 912 3550 1142 3627; x_wconf 89' lang='lat' dir='ltr'>parochialibus</span> <span class='ocrx_word' id='word_1_229' title='bbox 1160 3556 1262 3611; x_wconf 88' lang='lat' dir='ltr'>vestre</span> <span class='ocrx_word' id='word_1_230' title='bbox 1283 3552 1415 3613; x_wconf 89' lang='lat' dir='ltr'>diocesis</span> <span class='ocrx_word' id='word_1_231' title='bbox 1429 3573 1525 3613; x_wconf 91' lang='lat' dir='ltr'>unam</span> 
     </span>
     <span class='ocr_line' id='line_1_28' title="bbox 293 3654 1527 3735; baseline 0.004 -21"><span class='ocrx_word' id='word_1_232' title='bbox 293 3655 421 3715; x_wconf 90' lang='lat' dir='ltr'>missam</span> <span class='ocrx_word' id='word_1_233' title='bbox 444 3656 482 3715; x_wconf 91' lang='lat' dir='ltr'>de</span> <span class='ocrx_word' id='word_1_234' title='bbox 503 3674 579 3733; x_wconf 87' lang='lat' dir='ltr'>pace</span> <span class='ocrx_word' id='word_1_235' title='bbox 601 3654 777 3733; x_wconf 90' lang='lat' dir='ltr'>specialem,</span> <span class='ocrx_word' id='word_1_236' title='bbox 799 3656 993 3735; x_wconf 81' lang='lat' dir='ltr'>singulisque</span> <span class='ocrx_word' id='word_1_237' title='bbox 1018 3656 1127 3717; x_wconf 89' lang='lat' dir='ltr'>diebus</span> <span class='ocrx_word' id='word_1_238' title='bbox 1152 3658 1327 3719; x_wconf 86' lang='lat' dir='ltr'>Dominicis</span> <span class='ocrx_word' id='word_1_239' title='bbox 1351 3663 1383 3719; x_wconf 93' lang='lat' dir='ltr'>et</span> <span class='ocrx_word' id='word_1_240' title='bbox 1403 3658 1527 3720; x_wconf 85' lang='lat' dir='ltr'>festivis</span> 
     </span>
     <span class='ocr_line' id='line_1_29' title="bbox 292 3760 1524 3842; baseline 0.005 -24"><span class='ocrx_word' id='word_1_241' title='bbox 292 3760 325 3819; x_wconf 91' lang='lat' dir='ltr'>in</span> <span class='ocrx_word' id='word_1_242' title='bbox 347 3760 409 3821; x_wconf 89' lang='lat' dir='ltr'>fine</span> <span class='ocrx_word' id='word_1_243' title='bbox 430 3778 542 3839; x_wconf 87' lang='lat' dir='ltr'>magne</span> <span class='ocrx_word' id='word_1_244' title='bbox 565 3760 660 3820; x_wconf 87' lang='lat' dir='ltr'>misse</span> <span class='ocrx_word' id='word_1_245' title='bbox 682 3780 752 3819; x_wconf 92' lang='lat' dir='ltr'>cum</span> <span class='ocrx_word' id='word_1_246' title='bbox 775 3761 857 3821; x_wconf 88' lang='lat' dir='ltr'>clero</span> <span class='ocrx_word' id='word_1_247' title='bbox 878 3767 910 3821; x_wconf 93' lang='lat' dir='ltr'>et</span> <span class='ocrx_word' id='word_1_248' title='bbox 931 3762 1048 3840; x_wconf 90' lang='lat' dir='ltr'>populo</span> <span class='ocrx_word' id='word_1_249' title='bbox 1068 3782 1126 3840; x_wconf 91' lang='lat' dir='ltr'>pro</span> <span class='ocrx_word' id='word_1_250' title='bbox 1154 3783 1231 3842; x_wconf 89' lang='lat' dir='ltr'>pace</span> <span class='ocrx_word' id='word_1_251' title='bbox 1253 3764 1334 3824; x_wconf 91' lang='lat' dir='ltr'>circa</span> <span class='ocrx_word' id='word_1_252' title='bbox 1361 3764 1524 3825; x_wconf 87' lang='lat' dir='ltr'>ecclesiam</span> 
     </span>
     <span class='ocr_line' id='line_1_30' title="bbox 291 3865 1526 3948; baseline 0.004 -23"><span class='ocrx_word' id='word_1_253' title='bbox 291 3885 388 3925; x_wconf 88' lang='lat' dir='ltr'>unam</span> <span class='ocrx_word' id='word_1_254' title='bbox 418 3865 484 3926; x_wconf 88' lang='lat' dir='ltr'>fieri</span> <span class='ocrx_word' id='word_1_255' title='bbox 516 3866 757 3945; x_wconf 88' lang='lat' dir='ltr'>processionem,</span> <span class='ocrx_word' id='word_1_256' title='bbox 788 3866 1000 3946; x_wconf 82' lang='lat' dir='ltr'>inducentque</span> <span class='ocrx_word' id='word_1_257' title='bbox 1028 3868 1206 3930; x_wconf 87' lang='lat' dir='ltr'>sacerdotes</span> <span class='ocrx_word' id='word_1_258' title='bbox 1234 3870 1439 3948; x_wconf 89' lang='lat' dir='ltr'>parochianos</span> <span class='ocrx_word' id='word_1_259' title='bbox 1468 3871 1526 3931; x_wconf 91' lang='lat' dir='ltr'>hec</span> 
     </span>
     <span class='ocr_line' id='line_1_31' title="bbox 292 3970 1526 4055; baseline 0.006 -24"><span class='ocrx_word' id='word_1_260' title='bbox 292 3970 338 4031; x_wconf 90' lang='lat' dir='ltr'>eis</span> <span class='ocrx_word' id='word_1_261' title='bbox 359 3971 551 4050; x_wconf 85' lang='lat' dir='ltr'>exponendo,</span> <span class='ocrx_word' id='word_1_262' title='bbox 567 3976 603 4030; x_wconf 90' lang='lat' dir='ltr'>ut</span> <span class='ocrx_word' id='word_1_263' title='bbox 617 3990 674 4050; x_wconf 90' lang='lat' dir='ltr'>pro</span> <span class='ocrx_word' id='word_1_264' title='bbox 687 3990 764 4049; x_wconf 90' lang='lat' dir='ltr'>pace</span> <span class='ocrx_word' id='word_1_265' title='bbox 785 3976 920 4043; x_wconf 89' lang='lat' dir='ltr'>orantes,</span> <span class='ocrx_word' id='word_1_266' title='bbox 939 3972 1067 4051; x_wconf 81' lang='lat' dir='ltr'>jejuniis</span> <span class='ocrx_word' id='word_1_267' title='bbox 1089 3978 1121 4033; x_wconf 91' lang='lat' dir='ltr'>et</span> <span class='ocrx_word' id='word_1_268' title='bbox 1141 3974 1211 4035; x_wconf 87' lang='lat' dir='ltr'>aliis</span> <span class='ocrx_word' id='word_1_269' title='bbox 1231 3975 1377 4053; x_wconf 89' lang='lat' dir='ltr'>operibus</span> <span class='ocrx_word' id='word_1_270' title='bbox 1398 3978 1526 4055; x_wconf 88' lang='lat' dir='ltr'>pietatis</span> 
     </span>
     <span class='ocr_line' id='line_1_32' title="bbox 292 4076 1524 4160; baseline 0.007 -25"><span class='ocrx_word' id='word_1_271' title='bbox 292 4076 450 4137; x_wconf 91' lang='lat' dir='ltr'>insistant.</span> <span class='ocrx_word' id='word_1_272' title='bbox 487 4076 530 4136; x_wconf 86' lang='lat' dir='ltr'>Et</span> <span class='ocrx_word' id='word_1_273' title='bbox 551 4096 609 4136; x_wconf 92' lang='lat' dir='ltr'>nos</span> <span class='ocrx_word' id='word_1_274' title='bbox 631 4076 770 4155; x_wconf 89' lang='lat' dir='ltr'>ipsorum</span> <span class='ocrx_word' id='word_1_275' title='bbox 788 4076 915 4136; x_wconf 88' lang='lat' dir='ltr'>cuilibet</span> <span class='ocrx_word' id='word_1_276' title='bbox 934 4078 974 4136; x_wconf 93' lang='lat' dir='ltr'>ad</span> <span class='ocrx_word' id='word_1_277' title='bbox 988 4078 1070 4137; x_wconf 89' lang='lat' dir='ltr'>viam</span> <span class='ocrx_word' id='word_1_278' title='bbox 1093 4078 1204 4139; x_wconf 88' lang='lat' dir='ltr'>salutis</span> <span class='ocrx_word' id='word_1_279' title='bbox 1225 4087 1332 4141; x_wconf 90' lang='lat' dir='ltr'>eterne</span> <span class='ocrx_word' id='word_1_280' title='bbox 1348 4091 1524 4160; x_wconf 87' lang='lat' dir='ltr'>preparato,</span> 
     </span>
     <span class='ocr_line' id='line_1_33' title="bbox 291 4181 1524 4267; baseline 0.006 -25"><span class='ocrx_word' id='word_1_281' title='bbox 291 4182 346 4262; x_wconf 92' lang='lat' dir='ltr'>qui</span> <span class='ocrx_word' id='word_1_282' title='bbox 374 4184 406 4241; x_wconf 91' lang='lat' dir='ltr'>in</span> <span class='ocrx_word' id='word_1_283' title='bbox 439 4182 619 4261; x_wconf 88' lang='lat' dir='ltr'>hujusmodi</span> <span class='ocrx_word' id='word_1_284' title='bbox 641 4181 747 4242; x_wconf 88' lang='lat' dir='ltr'>missis</span> <span class='ocrx_word' id='word_1_285' title='bbox 778 4187 810 4243; x_wconf 91' lang='lat' dir='ltr'>et</span> <span class='ocrx_word' id='word_1_286' title='bbox 831 4181 1083 4261; x_wconf 89' lang='lat' dir='ltr'>processionibus</span> <span class='ocrx_word' id='word_1_287' title='bbox 1105 4185 1290 4259; x_wconf 87' lang='lat' dir='ltr'>interfuerit,</span> <span class='ocrx_word' id='word_1_288' title='bbox 1312 4188 1352 4257; x_wconf 82' lang='lat' dir='ltr'>xl,</span> <span class='ocrx_word' id='word_1_289' title='bbox 1374 4190 1428 4267; x_wconf 88' lang='lat' dir='ltr'>qui</span> <span class='ocrx_word' id='word_1_290' title='bbox 1450 4210 1524 4250; x_wconf 90' lang='lat' dir='ltr'>vero</span> 
     </span>
     <span class='ocr_line' id='line_1_34' title="bbox 292 4286 1523 4371; baseline 0.006 -23"><span class='ocrx_word' id='word_1_291' title='bbox 292 4288 369 4349; x_wconf 89' lang='lat' dir='ltr'>alias</span> <span class='ocrx_word' id='word_1_292' title='bbox 397 4287 540 4359; x_wconf 89' lang='lat' dir='ltr'>oraverit,</span> <span class='ocrx_word' id='word_1_293' title='bbox 569 4286 765 4367; x_wconf 84' lang='lat' dir='ltr'>jejunaverit,</span> <span class='ocrx_word' id='word_1_294' title='bbox 797 4286 847 4347; x_wconf 93' lang='lat' dir='ltr'>vel</span> <span class='ocrx_word' id='word_1_295' title='bbox 868 4288 952 4347; x_wconf 91' lang='lat' dir='ltr'>aliud</span> <span class='ocrx_word' id='word_1_296' title='bbox 977 4288 1085 4349; x_wconf 91' lang='lat' dir='ltr'>fecerit</span> <span class='ocrx_word' id='word_1_297' title='bbox 1107 4309 1164 4368; x_wconf 91' lang='lat' dir='ltr'>pro</span> <span class='ocrx_word' id='word_1_298' title='bbox 1188 4311 1265 4370; x_wconf 89' lang='lat' dir='ltr'>pace</span> <span class='ocrx_word' id='word_1_299' title='bbox 1286 4312 1364 4371; x_wconf 88' lang='lat' dir='ltr'>opus</span> <span class='ocrx_word' id='word_1_300' title='bbox 1387 4294 1523 4371; x_wconf 87' lang='lat' dir='ltr'>pietatis,</span> 
     </span>
     <span class='ocr_line' id='line_1_35' title="bbox 292 4394 1526 4473; baseline 0.006 -20"><span class='ocrx_word' id='word_1_301' title='bbox 292 4414 351 4453; x_wconf 82' lang='lat' dir='ltr'>xxx</span> <span class='ocrx_word' id='word_1_302' title='bbox 387 4394 453 4455; x_wconf 90' lang='lat' dir='ltr'>dies</span> <span class='ocrx_word' id='word_1_303' title='bbox 488 4395 526 4454; x_wconf 92' lang='lat' dir='ltr'>de</span> <span class='ocrx_word' id='word_1_304' title='bbox 562 4394 703 4472; x_wconf 82' lang='lat' dir='ltr'>injuncta</span> <span class='ocrx_word' id='word_1_305' title='bbox 742 4394 801 4453; x_wconf 89' lang='lat' dir='ltr'>sihi</span> <span class='ocrx_word' id='word_1_306' title='bbox 835 4394 1014 4473; x_wconf 90' lang='lat' dir='ltr'>penitencia</span> <span class='ocrx_word' id='word_1_307' title='bbox 1049 4396 1289 4458; x_wconf 89' lang='lat' dir='ltr'>misericorditer</span> <span class='ocrx_word' id='word_1_308' title='bbox 1323 4399 1355 4457; x_wconf 91' lang='lat' dir='ltr'>in</span> <span class='ocrx_word' id='word_1_309' title='bbox 1388 4400 1526 4460; x_wconf 88' lang='lat' dir='ltr'>Domino</span> 
     </span>
     <span class='ocr_line' id='line_1_36' title="bbox 291 4498 1526 4582; baseline 0.004 -23"><span class='ocrx_word' id='word_1_310' title='bbox 291 4500 476 4569; x_wconf 86' lang='lat' dir='ltr'>relaxamus,</span> <span class='ocrx_word' id='word_1_311' title='bbox 501 4519 619 4578; x_wconf 90' lang='lat' dir='ltr'>vosque</span> <span class='ocrx_word' id='word_1_312' title='bbox 640 4498 820 4578; x_wconf 88' lang='lat' dir='ltr'>hujusmodi</span> <span class='ocrx_word' id='word_1_313' title='bbox 841 4505 948 4560; x_wconf 88' lang='lat' dir='ltr'>nostre</span> <span class='ocrx_word' id='word_1_314' title='bbox 970 4499 1166 4579; x_wconf 86' lang='lat' dir='ltr'>indulgencie</span> <span class='ocrx_word' id='word_1_315' title='bbox 1182 4503 1408 4581; x_wconf 86' lang='lat' dir='ltr'>superaddatis,</span> <span class='ocrx_word' id='word_1_316' title='bbox 1431 4510 1526 4582; x_wconf 91' lang='lat' dir='ltr'>prout</span> 
     </span>
     <span class='ocr_line' id='line_1_37' title="bbox 293 4604 1522 4688; baseline 0.003 -23"><span class='ocrx_word' id='word_1_317' title='bbox 293 4625 420 4666; x_wconf 88' lang='lat' dir='ltr'>causam</span> <span class='ocrx_word' id='word_1_318' title='bbox 448 4606 604 4685; x_wconf 89' lang='lat' dir='ltr'>requirere</span> <span class='ocrx_word' id='word_1_319' title='bbox 626 4604 857 4684; x_wconf 78' lang='lat' dir='ltr'>prospexeritis,</span> <span class='ocrx_word' id='word_1_320' title='bbox 880 4610 911 4665; x_wconf 90' lang='lat' dir='ltr'>et</span> <span class='ocrx_word' id='word_1_321' title='bbox 933 4605 1084 4667; x_wconf 86' lang='lat' dir='ltr'>divinitus</span> <span class='ocrx_word' id='word_1_322' title='bbox 1103 4606 1191 4667; x_wconf 90' lang='lat' dir='ltr'>vobis</span> <span class='ocrx_word' id='word_1_323' title='bbox 1211 4607 1305 4667; x_wconf 87' lang='lat' dir='ltr'>fuerit</span> <span class='ocrx_word' id='word_1_324' title='bbox 1326 4608 1522 4688; x_wconf 88' lang='lat' dir='ltr'>inspiratum.</span> 
     </span>
    </p>
   </div>
   <div class='ocr_carea' id='block_1_3' title="bbox 292 4712 1523 4898">
    <p class='ocr_par' dir='ltr' id='par_1_3' title="bbox 292 4712 1523 4898">
     <span class='ocr_line' id='line_1_38' title="bbox 293 4712 1523 4792; baseline 0.001 -19"><span class='ocrx_word' id='word_1_325' title='bbox 293 4713 386 4773; x_wconf 91' lang='lat' dir='ltr'>Diem</span> <span class='ocrx_word' id='word_1_326' title='bbox 415 4733 488 4773; x_wconf 89' lang='lat' dir='ltr'>vero</span> <span class='ocrx_word' id='word_1_327' title='bbox 519 4712 711 4792; x_wconf 89' lang='lat' dir='ltr'>recepcionis</span> <span class='ocrx_word' id='word_1_328' title='bbox 742 4712 939 4792; x_wconf 89' lang='lat' dir='ltr'>presencium</span> <span class='ocrx_word' id='word_1_329' title='bbox 961 4720 994 4773; x_wconf 89' lang='lat' dir='ltr'>et</span> <span class='ocrx_word' id='word_1_330' title='bbox 1018 4714 1093 4792; x_wconf 90' lang='lat' dir='ltr'>quid</span> <span class='ocrx_word' id='word_1_331' title='bbox 1127 4714 1272 4785; x_wconf 89' lang='lat' dir='ltr'>feceritis,</span> <span class='ocrx_word' id='word_1_332' title='bbox 1294 4721 1353 4775; x_wconf 90' lang='lat' dir='ltr'>etc.</span> <span class='ocrx_word' id='word_1_333' title='bbox 1404 4715 1523 4775; x_wconf 90' lang='lat' dir='ltr'>Datum</span> 
     </span>
     <span class='ocr_line' id='line_1_39' title="bbox 292 4818 1334 4898; baseline 0.003 -20"><span class='ocrx_word' id='word_1_334' title='bbox 292 4820 376 4898; x_wconf 89' lang='lat' dir='ltr'>apud</span> <span class='ocrx_word' id='word_1_335' title='bbox 398 4819 569 4890; x_wconf 90' lang='lat' dir='ltr'>Otteforde,</span> <span class='ocrx_word' id='word_1_336' title='bbox 592 4818 661 4880; x_wconf 84' lang='lat' dir='ltr'>Kal.</span> <span class='ocrx_word' id='word_1_337' title='bbox 684 4818 835 4891; x_wconf 90' lang='lat' dir='ltr'>Januarii,</span> <span class='ocrx_word' id='word_1_338' title='bbox 857 4838 940 4879; x_wconf 92' lang='lat' dir='ltr'>anno</span> <span class='ocrx_word' id='word_1_339' title='bbox 961 4820 1091 4879; x_wconf 90' lang='lat' dir='ltr'>Domini</span> <span class='ocrx_word' id='word_1_340' title='bbox 1116 4820 1334 4881; x_wconf 79' lang='lat' dir='ltr'>M⁰GGG⁰rxv⁰.</span> 
     </span>
    </p>
   </div>
   <div class='ocr_carea' id='block_1_4' title="bbox 0 0 1933 5917">
    <p class='ocr_par' dir='ltr' id='par_1_4' title="bbox 0 0 1933 5917">
     <span class='ocr_line' id='line_1_40' title="bbox 0 0 1933 5917; baseline 0 0"><span class='ocrx_word' id='word_1_341' title='bbox 0 0 1933 5917; x_wconf 95' lang='lat' dir='ltr'> </span> 
     </span>
    </p>
   </div>
  </div>
 </body>
</html>
