3850 5917
79 965 162 1003 AD.
187 966 248 1005 132⁵.

111 1538 179 1576 Fol.
196 1535 248 1576 911).

702 712 853 791 Episcopi
880 712 1124 793 Hcrcjordoncic.
1471 716 1530 777 331

295 960 372 1039 Jcly
398 962 518 1020 9.—An
538 961 666 1040 inquiry
687 961 781 1023 elrcws
805 962 872 1022 rant
894 962 975 1023 thoro
1000 983 1028 1023 rs
1052 983 1091 1023 no
1115 984 1250 1041 coconoy
1273 984 1309 1022 cn
1334 964 1382 1024 tho
1408 964 1533 1025 Church

417 1042 452 1119 os
469 1042 615 1120 Burjcrd.
644 1042 706 1103 Ona
726 1042 859 1122 portion,
887 1044 921 1103 ia
946 1044 995 1103 the
1015 1050 1184 1123 putroncqc
1204 1045 1240 1124 of
1260 1044 1401 1104 Rr'chord
1424 1045 1533 1105 Tanos

418 1122 544 1201 (calaad
568 1130 601 1183 ot
625 1128 666 1183 25
692 1123 821 1203 morico),
843 1124 871 1184 is
895 1124 964 1183 hald
985 1124 1023 1201 by
1048 1124 1163 1185 Walter
1184 1124 1221 1185 do
1241 1125 1344 1203 Islip;
1374 1126 1423 1185 the
1447 1125 1533 1186 other

419 1210 475 1263 two
496 1203 646 1282 portione,
669 1203 705 1263 in
726 1204 774 1265 the
794 1203 854 1283 pist
874 1206 910 1284 of
929 1205 1068 1283 Gcoffrep
1087 1206 1124 1265 de
1147 1206 1330 1266 Gorncwollc
1351 1207 1477 1285 (calend
1497 1214 1531 1267 ot

418 1283 554 1344 &morke
589 1284 652 1344 ond
686 1288 748 1365 133
780 1284 884 1345 marks
915 1286 1135 1365 respectiocly),
1160 1306 1212 1346 ore
1238 1287 1307 1347 hold
1332 1287 1369 1365 hp
1400 1287 1530 1348 Thomas

416 1364 453 1424 dc
483 1364 663 1425 thdcoorth
691 1365 754 1426 ond
784 1366 921 1444 Geoffrcp
949 1366 986 1426 do
1013 1367 1176 1426 Bocchum.

375 1525 427 1583 Dn
462 1541 622 1585 Poncronn
655 1542 689 1583 ru
726 1540 880 1585 nocuusrr
913 1541 956 1583 nu
986 1524 1416 1605 Busssouuu—Inquisicio
1447 1525 1531 1586 iacta

291 1648 387 1708 super
428 1628 595 1689 vacacione
637 1628 801 1707 cujusdam
847 1629 1005 1707 porcionis
1054 1629 1086 1687 in
1121 1629 1253 1689 ecclesia
1294 1630 1333 1690 de
1374 1629 1530 1709 Cleobury

294 1734 478 1806 Mortumar,
515 1754 571 1813 per
601 1740 738 1795 rectores
767 1740 799 1794 et
837 1734 971 1795 vicarios
1009 1734 1180 1796 decanatus
1210 1735 1249 1794 de
1288 1735 1460 1795 Bureiorde
1496 1735 1529 1794 in

291 1840 386 1919 pleno
414 1840 474 1901 loci
512 1840 699 1901 consistorio
735 1840 906 1901 decanatus
936 1840 1088 1918 ejusdem,
1122 1839 1199 1900 dicit
1233 1840 1318 1920 quod
1354 1845 1418 1901 tres
1454 1847 1530 1901 sunt

292 1943 457 2023 porciones
485 1944 517 2003 in
552 1945 662 2005 cedem
700 1944 832 2005 ecclesia
860 1945 898 2005 de
927 1945 1110 2016 Bureiorde,
1142 1949 1175 2005 et
1202 1966 1266 2007 non
1294 1952 1419 2007 constat
1446 1948 1530 2008 dicte

293 2049 492 2129 inquisicioni
521 2051 559 2110 de
590 2050 758 2111 vocacione
794 2050 927 2131 alicujus
958 2051 1117 2130 porcionis
1153 2052 1186 2109 in
1216 2051 1300 2111 diota
1331 2052 1463 2113 ecclesia
1489 2054 1530 2114 de

292 2154 474 2215 Bureiorde.
535 2155 621 2215 Dicit
654 2156 754 2217 caiam
782 2156 865 2235 quo'd
890 2155 1044 2216 Ricardus
1079 2155 1218 2228 Telebot,
1255 2156 1355 2227 miles,
1384 2157 1531 2218 dominus

291 2262 330 2320 de
351 2261 464 2321 Castro
478 2261 613 2331 Ricardi,
634 2268 683 2322 est
697 2281 790 2321 verus
813 2266 966 2340 patronus
981 2261 1065 2321 illius
1087 2261 1245 2341 porcionis
1268 2282 1363 2341 quam
1383 2263 1531 2324 dominus

292 2366 451 2427 Walterus
479 2366 518 2427 de
546 2365 672 2445 Isleppe
707 2371 795 2427 tenet
829 2366 861 2425 in
896 2367 1016 2438 eadem,
1048 2371 1081 2427 ct
1115 2367 1227 2427 ultimo
1262 2369 1456 2446 presentavit
1490 2370 1529 2429 ad

291 2472 433 2543 eundem,
463 2478 495 2532 et
524 2472 670 2533 dominus
693 2471 854 2533 Galiridus
879 2473 918 2533 de
946 2472 1150 2551 Oornewayle
1184 2478 1235 2533 est
1254 2493 1347 2535 verus
1376 2480 1529 2554 patronus

291 2578 424 2639 duarum
445 2578 576 2638 aliarum
598 2577 782 2657 porcionum
804 2578 838 2637 in
866 2578 999 2639 ecclesie
1025 2578 1064 2638 de
1096 2577 1278 2649 Bureforde,
1310 2599 1389 2659 quas
1419 2585 1530 2641 tenent

292 2684 439 2744 dominus
480 2683 617 2743 Thomas
655 2683 695 2744 de
730 2683 980 2745 Oheddeworthe
1018 2688 1051 2743 et
1086 2682 1247 2744 Galiridus
1280 2684 1319 2743 de
1357 2684 1526 2755 Eveshsm,

291 2789 479 2868 porcionarii
516 2789 547 2847 in
583 2788 715 2849 ecclesia
753 2790 792 2849 de
826 2788 1010 2859 Bureforde,
1045 2794 1078 2848 et
1114 2809 1225 2850 omnes
1252 2789 1418 2867 porciones
1453 2795 1530 2850 sunt
1607 2833 1609 2836 -

290 2898 397 2953 curate
426 2893 458 2952 in
480 2893 598 2964 eadem,
628 2913 691 2953 non
717 2898 793 2953 sunt
815 2893 950 2971 litigiose
975 2913 1034 2953 nec
1055 2892 1263 2972 pensionaric,
1289 2893 1373 2973 quod
1400 2892 1526 2954 scietur.

290 2998 335 3057 Et
373 3002 498 3058 taxatur
539 2998 645 3077 porcio
684 2998 802 3057 domini
845 2998 978 3058 Walteri
1013 2998 1052 3058 da
1093 2998 1221 3079 Isleppe
1262 2998 1295 3057 in
1337 2999 1446 3060 eadem
1488 3000 1528 3060 ad

290 3123 351 3164 xxv
380 3122 525 3174 marcss;
553 3104 659 3183 porcio
682 3123 756 3164 vcro
781 3103 900 3163 domini
923 3103 1044 3164 Tharne
1060 3104 1099 3164 ds
1121 3104 1370 3165 Oheddeworthe
1394 3106 1434 3165 ad
1456 3110 1530 3166 octo

290 3228 411 3269 marcas
423 3228 430 3281 ;
460 3214 492 3270 ct
523 3210 629 3288 porcio
657 3210 776 3271 domini
799 3209 932 3271 Galiridi
956 3210 995 3272 dc
1020 3211 1180 3271 Evesham
1205 3211 1246 3270 ad
1271 3210 1324 3290 xiij
1351 3231 1473 3271 marcas
1495 3216 1529 3271 et

290 3314 463 3375 dimidiam.
516 3317 565 3376 De
594 3315 715 3376 meritis
747 3320 779 3376 et
808 3315 972 3377 ordinibus
999 3317 1174 3397 presentati
1202 3316 1326 3396 ignorat
1360 3316 1526 3395 inquisicio

289 3420 428 3491 omnin0,
451 3426 483 3481 et
505 3442 543 3481 an
566 3421 608 3481 sit
629 3421 702 3480 alibi
724 3420 938 3482 beneficiat-us.
983 3421 1141 3502 Scriptum
1157 3422 1207 3482 die
1226 3422 1316 3482 Luna
1337 3421 1369 3480 in
1391 3422 1530 3482 crastina

289 3526 520 3589 Translacionis
541 3528 642 3588 sancti
664 3528 784 3588 Thome
803 3527 953 3599 Martiris,
976 3549 1060 3591 anno
1080 3528 1210 3588 Domini
1225 3527 1445 3589 M⁰OCO⁰xxv⁰.
1487 3527 1527 3587 In

289 3632 381 3711 cujus
401 3631 446 3692 rei
468 3632 685 3693 testimonium
713 3631 850 3713 sigillum
875 3633 1047 3695 decanatus
1068 3634 1107 3695 de
1129 3633 1301 3694 Burefordc
1329 3632 1528 3713 presentibus

290 3741 339 3798 est
353 3757 538 3818 appensum.

289 3993 368 4072 Auq.
390 3992 545 4054 9.-John
565 3994 602 4054 dc
624 3994 782 4075 Bridport,
804 3995 916 4057 Roctor
935 3996 972 4075 of
989 3995 1142 4075 Hopcsoy,
1164 3994 1281 4073 roricus
1305 3995 1353 4056 his
1375 3996 1508 4074 bccwfice.

371 4163 572 4223 Rnsmnncro
593 4180 751 4223 nccnnsur
773 4181 817 4222 nu
839 4164 1291 4224 Hormou—Memorandum
1312 4163 1393 4243 quod
1416 4163 1459 4221 ix⁰
1477 4162 1529 4223 die

291 4271 409 4332 mensis
437 4271 579 4351 Augusti,
603 4291 686 4332 anno
707 4271 837 4332 Domini
858 4272 1048 4352 supradicto,
1078 4270 1271 4350 [Indiccicne
1295 4271 1370 4349 viij0,
1396 4270 1526 4331 Pontifi-

291 4382 389 4448 catus,
422 4382 491 4447 etc,
524 4398 608 4438 anno
633 4378 706 4456 ix⁰]¹
742 4398 847 4439 coram
873 4378 1001 4439 domino
1022 4378 1068 4449 A,
1101 4377 1326 4439 Herefordensi
1357 4378 1526 4458 Episcopo,

290 4482 440 4562 magister
475 4482 637 4543 Johannes
674 4484 713 4544 de
751 4484 938 4563 Brydeport,
977 4484 1094 4545 Rector
1128 4483 1258 4544 ecclesie
1292 4483 1331 4544 de
1366 4483 1528 4563 Hopesay,

293 4588 548 4666 [Herefordensis
579 4588 734 4667 diocesia]
771 4590 854 4671 apud
886 4588 1008 4669 Arleys,
1042 4589 1283 4651 Ssrisburicnsis
1310 4590 1453 4660 diocesis,
1484 4590 1530 4668 [in

291 4694 425 4773 quodam
462 4713 573 4754 manso
607 4695 691 4773 quod
719 4695 877 4775 quondam
913 4695 973 4755 ruit
993 4695 1113 4756 domini
1148 4694 1298 4755 Willclmi
1333 4695 1371 4755 dc
1406 4694 1528 4774 Arleys,

291 4798 409 4869 militis,
445 4798 594 4869 defuncti,
631 4806 718 4861 extra
747 4800 865 4861 ostium
896 4800 967 4861 aule
996 4800 1123 4860 domine
1156 4798 1298 4859 Matildis
1339 4799 1378 4858 da
1415 4798 1529 4878 Arleye

290 4904 497 4983 personaliter
534 4904 748 4984 constitutus]
796 4906 912 4967 dictam
944 4906 1109 4967 ecclesiam
1144 4924 1234 4965 suam
1275 4924 1361 4983 pura,
1404 4910 1525 4983 sponte,

290 5015 324 5070 ct
348 5008 489 5071 absolute
513 5010 546 5068 in
574 5030 686 5071 manus
711 5012 787 5071 dicti
811 5010 930 5071 domini
955 5009 1104 5090 Episcopi
1129 5029 1206 5071 voce
1230 5014 1323 5070 tenus
1347 5008 1527 5088 resignavit.

555 5146 639 5188 l—'l'ht
653 5146 731 5189 words
744 5146 768 5187 in
782 5146 894 5189 brackets
907 5158 949 5189 ara
961 5144 1059 5189 crossed
1071 5148 1113 5187 out
1127 5144 1151 5185 in
1164 5146 1206 5186 the
1221 5146 1273 5187 MS.
