3850 5917
392 698 431 757 10
763 698 942 779 raama
968 699 1034 760 aei
1061 699 1099 760 o
1127 698 1251 760 ouon

218 926 277 969 Α-ὓ·
290 926 346 967 ¹³¹⁷·
390 924 543 1003 exemptis
564 929 597 985 et
624 944 688 985 non
709 924 872 1004 exemptis,
895 924 1125 997 cisterciencis,
1147 924 1373 995 clunianensis,
1401 924 1623 997 cartusiensis,

389 1030 700 1103 Premonstratensis‚
722 1035 902 1091 sanctorum
925 1030 1091 1091 Benedicti
1112 1036 1144 1091 et
1163 1030 1340 1110 Augustini,
1362 1030 1623 1105 camaldulensis,

313 1112 324 1133 ’
388 1156 424 1197 ac
445 1136 552 1197 Sancti
571 1136 727 1197 Guilberti
745 1141 777 1197 et
796 1136 929 1197 aliorum
945 1136 1101 1209 ordinum,
1118 1156 1243 1197 necnon
1259 1120 1430 1217 Magistris,
1451 1137 1622 1211 Prioribus,

388 1242 638 1321 Preceptoribus‚
660 1247 692 1303 et
712 1241 861 1303 iratribus
880 1242 983 1303 saneti
998 1242 1153 1303 Johannis
1171 1241 1421 1303 Jerusolimitani
1439 1247 1472 1303 et
1490 1242 1624 1303 aliorum

387 1367 645 1428 quorumcunque
665 1348 870 1427 hospitalium
891 1367 947 1409 seu
972 1348 1137 1409 domorum
1157 1347 1259 1427 Regni
1279 1346 1390 1428 Anglie
1410 1368 1448 1409 ac
1464 1348 1619 1411 Hibernis

389 1459 421 1515 et
442 1454 556 1514 Wallie
571 1453 713 1533 parcium
733 1454 954 1532 predictarum,
976 1473 1100 1514 necnon
1117 1453 1363 1516 contradictores
1383 1474 1624 1533 percensuram

388 1558 633 1621 eeclesiasticam
655 1559 868 1639 appellacione
888 1558 1066 1640 postposita
1086 1559 1315 1640 compescendi,
1336 1579 1401 1620 non
1423 1560 1623 1623 obstantibus

388 1664 442 1726 illa
460 1685 555 1745 quam
573 1664 673 1727 felicis
691 1664 921 1727 recordacionis
940 1664 1111 1745 Gregorius
1129 1666 1216 1745 Papa
1234 1685 1263 1736 x,
1282 1666 1485 1745 predecessor
1502 1670 1620 1739 noster,

388 1770 486 1833 edidit
513 1770 548 1831 in
575 1772 707 1832 concilio
735 1772 939 1851 Lugdunensi
960 1792 998 1832 ac
1021 1771 1073 1851 pie
1094 1772 1245 1833 memorie
1269 1771 1425 1832 Bonifatii
1447 1773 1534 1852 Pape
1557 1772 1623 1853 viij,

388 1878 616 1959 predecessoris
639 1878 749 1951 nostri,
771 1883 803 1939 et
823 1876 962 1958 qualibet
987 1878 1048 1938 alia
1071 1876 1156 1939 sedis
1179 1877 1319 1957 predicte
1340 1876 1623 1940 constitucionibus

388 2004 445 2047 seu
463 1984 653 2065 quibuslibet
671 1983 850 2063 privilegiis,
871 1983 1087 2063 indulgenciis,
1106 1988 1139 2045 et
1159 1982 1273 2043 litteris
1294 1982 1475 2063 apostolicis
1495 1982 1624 2063 quibus·

388 2090 436 2152 vis
456 2090 599 2170 personis
620 2089 697 2151 locis
724 2089 774 2152 vel
795 2089 956 2151 ordinibus
979 2090 1038 2151 sub
1062 2109 1248 2169 quacunque
1272 2088 1373 2149 forma
1391 2088 1557 2150 verborum
1584 2088 1624 2150 ab

387 2196 498 2257 eadem
517 2196 591 2257 sede
615 2195 782 2267 concessis,
804 2195 843 2256 de
864 2194 978 2275 quibus
1001 2214 1196 2275 quorumque
1217 2194 1294 2255 totis
1314 2194 1476 2255 tenoribus
1494 2194 1622 2273 plenam

388 2307 421 2364 et
448 2320 628 2381 expressam
656 2300 722 2361 fieri
755 2304 899 2380 oporteat
935 2300 969 2359 in
996 2300 1113 2361 nostris
1137 2300 1253 2361 litteris
1280 2300 1476 2362 mencionem
1504 2306 1536 2362 et
1566 2320 1625 2381 per

388 2427 449 2489 que
470 2406 650 2488 hujusmodi
673 2410 780 2468 nostre
801 2406 1013 2468 concessionis
1035 2406 1180 2486 impediri
1198 2406 1299 2487 possit
1320 2406 1553 2487 quomodolibet
1571 2406 1623 2469 vel

388 2512 515 2585 differri,
540 2512 668 2573 liberam
694 2512 783 2573 vobis
810 2516 843 2572 et
863 2510 1033 2592 uuicuique
1053 2516 1194 2573 vestrum
1216 2512 1403 2574 auctoritate
1423 2513 1622 2592 presencium

387 2618 588 2680 concedimus
608 2617 800 2678 facultatem.
857 2617 977 2677 Datum
1000 2616 1083 2696 apud
1106 2616 1301 2689 Avinionem,
1325 2617 1375 2697 xvj
1403 2616 1472 2677 Kal.
1496 2617 1623 2697 Aprilis,

388 2724 595 2786 Pontificatus
620 2724 720 2785 nostri
746 2744 828 2785 anno
852 2723 964 2804 primo.

469 2881 554 2942 Item
564 2880 632 2941 :-J
634 2880 775 2941 ohannes
796 2880 984 2960 Episcopus,
1006 2899 1116 2941 servus
1135 2900 1298 2942 servorum
1317 2880 1387 2952 Dei,
1408 2880 1532 2941 dilectis
1550 2880 1624 2944 filiis

387 2984 569 3057 Gaucelino,
590 2984 676 3044 tituli
696 2989 878 3045 sanctorum
899 2984 1076 3045 Marcellini
1098 2989 1131 3046 et
1151 2985 1237 3046 Petri
1255 2984 1448 3065 presbytero,
1468 3006 1505 3046 ac
1526 2986 1622 3059 Luce,

386 3097 496 3154 sancte
524 3090 625 3152 Maris
651 3090 685 3150 in
715 3090 766 3151 via
795 3090 875 3151 lata
903 3090 1044 3163 diacono,
1076 3090 1303 3162 cardinalibus,
1335 3092 1507 3171 apostolice
1537 3092 1621 3155 sedis

386 3198 520 3268 nunciis,
540 3196 675 3258 salutem
693 3202 726 3259 et
744 3196 950 3276 apostolicam
969 3196 1233 3258 benediccionem.
1275 3196 1356 3258 cum
1374 3217 1433 3258 nos
1451 3198 1491 3257 ad
1511 3198 1623 3278 Anglie
1695 3228 1701 3239 ⁴

386 3309 419 3367 et
441 3303 545 3365 Scotie
567 3302 676 3383 Regna
698 3322 735 3363 ac
754 3301 907 3363 Hibernis
928 3307 961 3364 et
978 3301 1092 3363 Wallie
1110 3308 1217 3382 partes
1237 3322 1296 3383 pro
1317 3304 1441 3383 magnis
1464 3309 1497 3365 et
1515 3303 1623 3366 arduis

386 3407 524 3489 negociis
552 3406 755 3479 destinemur,
783 3426 840 3468 vos
867 3412 904 3467 ut
931 3406 1147 3468 incumbentia
1173 3406 1262 3469 vobis
1289 3428 1498 3488 expensarum
1526 3429 1623 3472 onera

385 3513 515 3595 possitis
536 3511 658 3574 facilius
677 3517 872 3592 supportare,
893 3512 1036 3575 volentes
1056 3511 1145 3575 vobis
1166 3514 1205 3575 de
1226 3518 1380 3593 oportune
1400 3514 1623 3578 subvencionis

386 3620 501 3683 auxilio
528 3619 691 3699 providere
714 3617 803 3680 vobis
834 3618 988 3679 ambobus
1013 3618 1185 3699 recipiendi
1211 3619 1394 3699 hujusmodi
1420 3620 1623 3700 negociorum

385 3732 492 3790 vestra
531 3724 754 3806 proseeucione
789 3725 923 3785 durante
958 3729 1025 3785 tam
1061 3724 1096 3784 iu
1128 3725 1292 3805 presencia
1318 3730 1424 3787 vestra
1457 3746 1552 3806 quam
1587 3726 1623 3786 in

386 3832 532 3894 absencia
559 3830 680 3892 scilicet
713 3830 953 3911 procuraciones
981 3850 1060 3911 quas
1087 3850 1171 3891 unus
1204 3831 1242 3892 de
1274 3830 1492 3893 cardinalibus
1512 3838 1623 3895 sancte

386 3938 528 3999 Romane
547 3936 677 3998 ecclesie
697 3934 867 4015 apostolice
886 3934 970 3996 sedis
988 3935 1111 4015 legatus
1129 3934 1179 3996 vel
1195 3935 1330 3996 nuncius
1347 3935 1381 3995 in
1402 3935 1494 3997 dictis
1511 3936 1622 4017 Regno

386 4043 497 4123 Anglie
517 4047 550 4104 et
570 4042 712 4122 partibus
732 4061 791 4121 pro
811 4040 877 4103 suis
898 4040 1175 4121 procuracionibus
1198 4041 1336 4121 recipere
1366 4042 1539 4113 consuevit,
1561 4062 1623 4122 qus

386 4146 531 4209 videlicet
551 4146 590 4207 ad
611 4146 763 4226 majorem
784 4164 943 4207 summam
967 4146 1136 4207 ascendere
1157 4146 1374 4218 dinoscuntur,
1397 4166 1417 4208 a
1437 4146 1622 4209 venerabili·

386 4253 445 4313 bus
465 4250 614 4313 iratribus
635 4250 761 4322 nostris,
790 4248 1044 4330 Archiepiscopis
1074 4255 1107 4312 et
1137 4250 1305 4331 Episcopis
1326 4270 1363 4312 eo
1394 4250 1517 4313 dilectis
1548 4252 1622 4315 filiis

386 4358 495 4421 electis
536 4356 719 4429 Abbatibus,
758 4356 928 4429 Prioribus,
968 4357 1115 4430 Decanis,
1154 4358 1337 4437 Propositis,
1376 4358 1623 4433 Archidiaconis,

386 4463 684 4544 Archipresbyteris,
726 4468 759 4524 et
800 4462 870 4524 aliis
911 4463 1114 4525 ecclesiarum
1144 4464 1276 4544 prelatis
1309 4468 1342 4525 et
1375 4465 1550 4526 rectoribus
1584 4484 1623 4527 ac

386 4569 606 4634 ecelesiasticis
628 4568 770 4650 personis
791 4568 944 4649 religiosis
965 4575 998 4631 et
1018 4568 1210 4631 secularibus
1230 4589 1401 4650 eorumque
1422 4570 1569 4651 capitulis
1588 4575 1623 4633 st

386 4676 602 4748 conventibus,
623 4674 778 4754 exemptis
798 4678 831 4736 et
851 4694 915 4736 non
947 4674 1110 4756 exemptis,
1144 4675 1371 4748 cisterciensis,
1395 4676 1622 4749 cluniacensis,

386 4781 606 4853 cartusiensis,
634 4780 946 4853 Premonstratensis,
976 4787 1158 4843 sanctorum
1186 4781 1351 4843 Benedicti
1380 4785 1413 4843 et
1444 4782 1622 4861 Augustini,

386 4886 644 4959 camaldulensis,
681 4906 718 4947 ac
749 4886 851 4947 sancti
882 4886 1039 4948 Guilberti
1073 4906 1111 4948 ao
1141 4886 1274 4947 aliorum
1308 4887 1464 4959 ordinum,
1498 4906 1622 4949 necnon

387 4993 557 5075 Magistris,
592 4990 762 5065 Prioribus,
796 4990 1047 5071 Preceptoribus,
1081 4995 1115 5053 et
1145 4990 1294 5053 iratribus
1328 4990 1429 5053 sancti
1465 4990 1623 5055 iohannis

386 5098 634 5163 Jerusolimitani
659 5104 692 5161 et
710 5098 842 5159 aliorum
863 5116 1122 5179 quorumcunque
1143 5098 1359 5178 Hospitalium
1380 5116 1437 5160 seu
1457 5098 1622 5160 domorum
