3850 5917
694 687 844 767 Episcopi
872 687 1114 766 Horcfordcusis.
1460 686 1521 747 375

114 942 168 981 Μ)-
186 941 242 981 ¹³²⁷·
287 937 368 997 Mor.
393 936 549 997 28.-Tlrc
573 936 691 1015 Bisdop
715 936 922 997 commissione
949 936 1050 996 Adam
1073 937 1110 997 do
1134 937 1339 1015 Herwpctonc
1365 943 1394 996 to
1418 937 1521 1015 confer

411 1018 550 1095 beneficos
575 1018 611 1077 iu
635 1017 684 1079 tho
709 1017 852 1097 Bishop’s
873 1017 1092 1097 presentatioc.

370 1173 551 1233 Counrssm
575 1190 617 1231 nn
647 1190 891 1231 conversanum
922 1172 1259 1242 unvamma—Adam,
1291 1177 1360 1243 etc,
1386 1172 1522 1233 discreto

288 1280 355 1341 viro
393 1278 518 1359 filioque
551 1279 584 1337 in
620 1278 745 1339 Ghristo
784 1278 907 1349 dilecto,
946 1278 1074 1339 dominc
1113 1278 1179 1339 Ade
1217 1279 1255 1339 de
1294 1279 1520 1357 Herwyntone,

288 1385 438 1445 canonico
461 1384 590 1445 ecclesie
614 1388 721 1444 nostre
746 1383 997 1454 Hereiordensis,
1018 1383 1162 1455 salntem,
1184 1389 1243 1444 etc.
1286 1384 1335 1443 Ad
1359 1384 1519 1445 conferen-

288 1492 363 1551 dum
399 1490 541 1569 personis
572 1489 702 1568 ydoneis
739 1489 888 1549 beneficia
917 1509 1112 1569 quecunque,
1149 1509 1221 1549 cum
1253 1511 1328 1550 cura
1362 1491 1412 1551 vel
1449 1492 1517 1551 sine

288 1616 372 1667 cura,
409 1596 448 1655 ad
485 1600 625 1655 nostram
663 1594 865 1655 collacionem
894 1596 1083 1674 spectancia,
1112 1596 1211 1656 eciam
1247 1598 1275 1657 si
1302 1598 1459 1676 prebende
1487 1599 1519 1657 in

289 1707 397 1763 nostra
427 1701 558 1762 ecclesia
595 1701 735 1780 predicte
773 1702 918 1773 existant,
947 1708 980 1762 et
1018 1703 1057 1762 ad
1086 1703 1297 1763 inducendum
1336 1703 1386 1764 vel
1416 1704 1522 1764 induci

288 1806 465 1867 feciendnm
490 1826 640 1886 personas
660 1806 840 1885 hujusmodi
865 1807 979 1886 quibus
1001 1828 1039 1868 ea
1057 1808 1253 1869 contuleritis
1272 1809 1304 1867 in
1328 1809 1521 1889 corporalem

288 1912 519 1992 possessionem
552 1910 773 1972 beneficiorum
805 1911 953 1990 ipsorum,
979 1912 1068 1973 vobis
1093 1913 1176 1974 vices
1204 1918 1329 1973 nostras
1353 1914 1521 1974 committi-

289 2038 369 2089 mus,
397 2025 456 2079 etc.
514 2018 632 2077 Datum
673 2018 706 2077 in
741 2018 882 2098 hospicio
919 2025 1029 2081 nostro
1066 2020 1155 2099 juxta
1194 2021 1521 2092 westmonasterium,

290 2124 397 2204 xxviij⁰
417 2124 466 2184 die
496 2123 615 2195 Marcii,
641 2144 723 2184 anno
749 2125 878 2184 Domini
901 2125 1069 2186 millesimo
1094 2126 1184 2187 000ο
1206 2127 1355 2187 vicesimo
1377 2128 1521 2206 septimo,

290 2236 349 2291 etc.

290 2509 372 2569 Mor.
395 2508 551 2568 aa-Tlae
575 2508 693 2648 Bishop
717 2509 837 2587 occipias
863 2508 911 2569 tic
938 2509 1108 2570 Garrom'cal
1132 2509 1245 2583 Housc,
1272 2511 1364 2589 lcatp
1390 2512 1459 2572 held
1484 2513 1523 2590 by

414 2590 516 2649 Jumcs
540 2589 577 2649 do
601 2591 663 2649 Ber
683 2590 754 2667 eloy,
782 2597 810 2650 to
836 2588 919 2650 John
942 2590 979 2650 dc
1006 2590 1137 2651 Orlcton.

372 2757 553 2818 (lonensem
575 2774 616 2816 cn
638 2774 883 2817 conesnnnnun
904 2776 1012 2818 nouos
1031 2759 1425 2831 csnonrcsnns.¹-Adam,
1453 2768 1523 2833 etc,

291 2864 405 2925 dilecto
428 2864 500 2935 filio,
531 2863 681 2943 magistro
701 2864 840 2926 Johanni
860 2866 898 2925 de
916 2864 1074 2935 Orletone,
1096 2864 1247 2925 canonico
1266 2865 1397 2927 ecclesie
1417 2872 1526 2927 nostre

291 2970 541 3041 Hereiordensis,
578 2970 721 3041 salntem,
751 2976 810 3031 etc.
867 2970 987 3031 Domoe
1026 2970 1223 3031 canonicales
1250 2970 1380 3032 ecclesie
1418 2978 1525 3033 nostre

291 3075 431 3155 predicte
468 3075 670 3154 pertinentes,
709 3095 787 3155 quas
815 3075 1002 3136 venerabilis
1041 3076 1096 3147 vir,
1133 3076 1283 3154 magister
1317 3075 1455 3137 Jacobns
1486 3078 1525 3138 de

291 3181 472 3260 Berkeleye
502 3201 602 3260 nuper
622 3181 764 3260 ejusdem
792 3181 922 3242 ecclesie
943 3181 1123 3253 canonicus,
1147 3181 1323 3242 inhabitare
1351 3182 1523 3253 consuevit,

291 3291 448 3357 vacantes,
478 3292 510 3346 et
538 3287 577 3347 ad
599 3291 740 3347 nostram
765 3285 968 3347 collacionem
989 3290 1178 3365 spectantes,
1200 3286 1258 3346 tibi
1278 3306 1351 3346 cnm
1379 3287 1526 3348 omnibus

292 3393 358 3453 suia
385 3391 505 3470 juribus
531 3398 563 3453 et
590 3392 793 3472 pertinenciis
821 3392 1012 3453 conferimus
1039 3392 1156 3452 intuitu
1180 3392 1330 3452 caritatis.
1372 3392 1413 3452 In
1435 3393 1526 3471 cujus

292 3497 346 3568 rei,
375 3502 434 3558 etc.
476 3497 596 3557 Datum
614 3498 647 3557 in
665 3498 805 3577 hospicio
828 3504 935 3560 nostro
955 3498 1046 3575 juxta
1068 3499 1395 3571 Westmcnasterium,
1418 3500 1526 3580 xxviij·

292 3602 343 3663 die
364 3602 482 3663 mensis
504 3602 623 3673 Marcii,
646 3622 728 3663 enno
749 3603 878 3663 Domini
899 3603 1066 3665 millesimo
1095 3603 1184 3665 000ο
1206 3604 1355 3664 vicesimo
1379 3604 1524 3683 septimo,

292 3712 353 3769 etc.

116 4000 175 4040 en·
191 3998 247 4039 tm
291 3988 371 4048 Mar.
403 3984 558 4047 13.-Tlvc
589 3984 781 4067 Archbislaop
815 3987 937 4047 collutas
972 3986 1086 4048 Robcrt
1116 3987 1154 4048 dc
1188 3988 1377 4067 Eosltlvorpc
1408 3997 1437 4049 to
1473 3990 1522 4050 tho

414 4068 544 4147 Olmpcls
572 4068 608 4147 os
630 4067 780 4127 Dauclull
807 4067 870 4127 ond
897 4067 1071 4128 Middleton
1104 4067 1273 4146 [Scriven]‚
1303 4069 1341 4146 by
1370 4069 1463 4150 lupsc.

375 4237 757 4309 Connncro.-Wulterus,
785 4244 854 4309 etc,
880 4238 994 4298 dilecto
1022 4237 1087 4299 filio
1109 4237 1247 4299 Roberto
1274 4239 1314 4300 de
1341 4239 1525 4319 Estthrope,

293 4344 414 4416 clerico,
443 4342 587 4415 salntem,
616 4348 675 4403 etc.
718 4343 860 4423 Capellae
895 4344 934 4406 de
961 4344 1157 4406 Dukeshnlle
1194 4350 1226 4405 et
1254 4344 1293 4405 de
1321 4344 1525 4417 Middeltone,

294 4450 535 4512 Hereiordensis
563 4450 714 4529 dyocesis,
743 4456 900 4521 vacantes,
928 4456 961 4511 et
989 4451 1029 4511 ed
1055 4451 1326 4529 presentacionem
1353 4452 1472 4513 Prioris
1493 4460 1526 4513 et

294 4560 476 4621 Conventus
504 4557 543 4617 de
572 4556 732 4627 Wenlake‚
757 4556 899 4634 ejusdem
924 4557 1076 4637 dyocesis,
1102 4561 1291 4636 spectantes,
1316 4556 1356 4617 ed
1384 4564 1525 4619 nostram

295 4663 497 4726 collacionem
531 4680 587 4741 per
622 4660 845 4741 negligenciam
881 4662 1037 4723 dictorum
1067 4662 1185 4723 Prioris
1215 4667 1248 4723 et
1279 4662 1461 4725 Conventus
1489 4684 1527 4725 ao

294 4768 480 4831 venerabilis
520 4765 626 4827 fratris
667 4767 776 4839 nostri,
812 4768 931 4830 domini
969 4767 1046 4839 Ade,
1090 4767 1331 4829 Hereiordensis
1365 4768 1526 4849 Episcopi,

294 4874 442 4936 ordinarii
463 4872 524 4933 loci
550 4872 700 4951 ejusdem,
722 4891 846 4933 necnon
880 4872 1001 4933 Decani
1030 4877 1063 4933 et
1091 4872 1228 4951 Capituli
1252 4872 1383 4933 ecclesie
1411 4874 1525 4936 Gathe-

294 4980 390 5042 dralie
418 4977 668 5050 Hereiordensis,
696 4996 845 5039 successu
882 4983 1061 5058 temporum
1088 4977 1228 5057 legitime
1256 4977 1429 5052 devolutas,
1456 4980 1525 5060 jure

490 5113 583 5157 l-Thls
595 5112 696 5161 headiufl
708 5109 741 5160 tin
759 5126 775 5157 a
787 5114 858 5157 much
871 5114 934 5158 later
946 5110 1021 5161 hand)
1032 5113 1053 5155 is
1065 5113 1186 5161 evidently
1200 5124 1216 5155 a
1229 5112 1341 5155 mistam„
1421 5137 1424 5143 ·
