3850 5917
724 690 875 771 Episcopi
902 691 1146 771 Hercsordcuss's.
1491 692 1555 754 219

121 921 189 960 AD·
209 921 270 960 ¹³2-
313 933 410 993 super
429 913 571 992 ipsorum
592 913 718 974 malicia
745 918 777 974 et
806 913 974 993 iniquitate
1002 919 1112 974 contra
1139 933 1198 976 nos
1223 913 1366 975 fovendis
1394 919 1467 976 ante
1495 915 1554 976 hec

313 1025 458 1099 tempora
484 1021 689 1100 prolocutum,
719 1026 829 1082 contra
857 1020 999 1100 ipsorum
1027 1019 1204 1100 ligeancias‚
1234 1019 1411 1090 fidelitates,
1439 1025 1472 1082 et
1499 1021 1554 1082 ho·

312 1126 417 1206 magia
447 1127 634 1188 confirmare
665 1127 828 1187 festinant.
883 1127 1018 1207 Propter
1048 1127 1133 1206 quod
1164 1147 1236 1186 cum
1268 1126 1357 1206 equis
1389 1132 1421 1188 et
1449 1127 1553 1199 armis,

312 1237 433 1312 quanto
467 1232 633 1312 potencius
672 1252 851 1312 possumus,
886 1231 947 1293 iter
995 1237 1139 1292 nostrum
1178 1231 1408 1311 assumpsimus
1446 1252 1556 1294 versus
1632 1285 1633 1290 ,

312 1344 420 1417 partes
441 1338 593 1410 Boriales,
615 1337 669 1398 ubi
690 1339 766 1399 dicti
785 1338 917 1400 rebelles
942 1338 1042 1399 nostri
1063 1338 1129 1417 jam
1150 1337 1299 1409 existunt,
1321 1339 1421 1400 dictos
1443 1339 1556 1400 Scotos

313 1443 459 1504 inimicos
477 1448 604 1504 nostros
627 1449 839 1523 expectantes,
862 1445 902 1505 ad
921 1444 1092 1505 eorundem
1116 1443 1279 1504 rebellium
1301 1449 1334 1504 et
1356 1444 1553 1506 inimicorum

312 1550 503 1628 proterviam
533 1571 605 1610 cum
634 1550 694 1610 Dei
723 1549 838 1610 auxilio
863 1549 1092 1611 refrenandam.
1140 1549 1234 1611 Unde
1256 1549 1283 1610 si
1305 1549 1338 1608 in
1359 1554 1449 1610 tanto
1471 1550 1555 1611 lacto

312 1676 370 1735 pro
390 1657 529 1735 dampno
550 1662 668 1728 nostro,
691 1657 850 1727 dedecore,
880 1661 913 1718 et
937 1653 1191 1727 exheredaciona
1215 1675 1337 1716 necnon
1360 1661 1392 1716 et
1416 1655 1554 1716 destruc·

314 1756 404 1822 cione
424 1760 543 1840 populi,
567 1761 656 1841 regni
681 1762 791 1832 nostri,
816 1767 849 1822 et
877 1782 966 1822 sacre
994 1761 1124 1822 ecclesie
1152 1761 1185 1820 in
1215 1761 1325 1822 eodem
1351 1761 1557 1836 vitandis‚,et

313 1866 413 1927 nostri
436 1866 544 1946 populi
572 1867 704 1946 predicti
733 1867 962 1947 tranquillitate
990 1867 1195 1947 procuranda,
1218 1867 1250 1926 in
1278 1887 1341 1946 quo
1361 1867 1461 1928 eciam
1486 1888 1554 1947 per-

313 1991 424 2032 sonam
446 1977 589 2033 nostram
610 1972 806 2052 exponimus,
832 1993 851 2033 a
874 1972 1008 2033 subditis
1026 1972 1152 2043 nostris,
1177 1977 1243 2032 tam
1265 1971 1411 2032 videlicet
1433 1993 1451 2031 a
1473 1972 1557 2033 clero

312 2099 407 2159 quam
429 2099 448 2138 a
468 2079 595 2158 populo,
624 2079 775 2139 auxilium
796 2079 944 2158 petimus,
973 2083 1108 2138 nonest
1136 2077 1260 2136 mirum.
1304 2077 1347 2136 Et
1375 2077 1445 2138 ideo
1466 2077 1556 2138 vobis

312 2185 501 2244 mandamus
535 2184 568 2242 in
606 2183 668 2245 fide
696 2190 728 2244 et
756 2184 928 2245 dileccione
963 2183 1077 2263 quibus
1109 2181 1201 2243 nobis
1233 2182 1385 2242 tenemini
1424 2182 1556 2244 firmiter

313 2289 517 2368 injungentes
545 2289 629 2368 quod
658 2289 690 2347 in
720 2288 861 2350 ecclesiis
889 2287 1121 2349 cathedralibus
1149 2293 1182 2347 et
1210 2287 1390 2366 collegiatis,
1421 2308 1457 2348 ac
1487 2288 1557 2349 aliis

314 2395 391 2456 locis
426 2400 458 2455 et
490 2393 772 2456 convocscionibus
806 2393 940 2474 publicis
978 2393 1010 2453 in
1049 2393 1165 2454 diocesi
1193 2397 1307 2466 vestra,
1342 2394 1492 2472 quociens
1524 2399 1557 2476 et

312 2501 440 2580 quando
461 2487 674 2580 opportunum
703 2501 854 2573 videritis,
883 2501 1007 2580 copiam
1035 2501 1210 2579 predictam
1238 2499 1298 2580 legi
1330 2506 1362 2562 et
1386 2501 1493 2561 omnia
1524 2505 1557 2562 et

313 2604 438 2685 singula
464 2605 619 2684 premissa
647 2605 799 2684 publicari
820 2605 952 2676 faciatis,
981 2611 1147 2666 monentes
1175 2610 1207 2666 et
1235 2605 1421 2667 inducentes
1444 2626 1556 2667 omnes

313 2718 347 2770 et
381 2710 524 2789 singulos
552 2711 584 2769 in
617 2710 702 2770 dicta
737 2710 854 2770 diocesi
882 2715 988 2771 vestra
1026 2711 1109 2789 quod
1138 2710 1238 2781 nobis,
1266 2716 1362 2789 prout
1397 2716 1554 2782 tenentur,

313 2814 449 2875 fideliter
470 2815 622 2876 assistant
649 2821 682 2876 et
710 2816 900 2876 subveniant
927 2822 1167 2896 competenter;
1199 2818 1244 2878 ita
1275 2818 1359 2897 quod
1397 2819 1556 2880 mediante

314 2920 375 2981 Dei
396 2927 429 2981 et
458 2941 567 2983 eorum
596 2921 711 2981 auxilio
742 2941 800 3000 pro
831 2928 941 2983 nostro
972 2923 1092 2983 honore
1120 2928 1152 2983 et
1173 2924 1313 3002 ipsorum
1335 2925 1499 2986 commodo
1523 2929 1557 2986 et

314 3027 421 3106 quiete
441 3031 594 3106 perpetus
614 3027 735 3088 dictum
756 3027 921 3108 negocium
942 3028 983 3089 ad
1012 3029 1107 3089 finem
1140 3029 1280 3090 votivum
1305 3035 1337 3090 et
1373 3030 1494 3091 lelicem
1516 3031 1556 3091 ad

314 3153 445 3212 presens
472 3133 642 3213 perducere
664 3133 835 3194 valeamus.
879 3133 1011 3214 Copiam
1034 3135 1163 3214 insuper
1184 3136 1272 3215 copie
1293 3136 1433 3215 predicte
1455 3137 1554 3197 omni-

315 3239 374 3300 bus
395 3245 428 3300 et
448 3239 580 3318 singulis
602 3239 809 3320 suffraganeis
831 3241 945 3301 vestris
962 3241 1107 3312 mittatis,
1129 3242 1316 3302 mandantes
1335 3241 1453 3303 eisdem
1471 3243 1555 3322 quod

315 3345 376 3424 ipsi
404 3345 438 3404 in
467 3345 643 3406 diocesibus
676 3345 742 3406 suis
774 3347 898 3425 copiam
929 3345 1016 3406 illam
1047 3345 1107 3425 legi
1139 3351 1171 3406 et
1202 3347 1356 3425 premissa
1387 3348 1493 3407 omnia
1522 3353 1555 3408 et

315 3451 438 3532 singula
461 3451 613 3530 publicari
634 3456 667 3512 et
688 3451 755 3512 fieri
780 3451 897 3511 faciant
918 3451 1072 3527 informa
1093 3453 1280 3531 supradicta.
1317 3453 1360 3513 Et
1388 3453 1448 3514 hoe
1473 3454 1556 3514 sicut

316 3576 374 3616 nos
394 3561 427 3616 et
448 3555 600 3616 honorem
626 3561 768 3615 nostrum
793 3575 829 3615 ec
854 3560 964 3616 sancte
985 3556 1116 3616 ecclesie
1145 3556 1315 3635 Anglicane
1344 3555 1555 3617 salvacionem

316 3667 348 3723 et
369 3662 506 3742 quietem
529 3682 566 3721 ac
587 3660 662 3722 dicti
685 3661 793 3740 populi
811 3661 911 3723 nostri
932 3661 1194 3742 tranquillitatem
1213 3667 1397 3741 perpetuam
1415 3662 1553 3742 diligitis,

316 3767 418 3828 modis
446 3766 592 3827 omuibus
628 3765 760 3826 faciatis.
816 3767 910 3827 Teste
944 3767 1066 3846 meipso
1094 3767 1178 3845 apud
1207 3766 1417 3837 Goventriam,
1451 3767 1554 3846 primo

316 3874 366 3934 die
387 3873 509 3944 Marcii,
531 3894 615 3934 anno
634 3874 722 3953 regni
743 3874 843 3934 nostri
864 3883 925 3933 xv⁰.
968 3874 1048 3934 Cum
1070 3873 1165 3954 igitur
1185 3874 1331 3934 dominus
1358 3879 1467 3934 noster
1487 3873 1555 3934 Rex

315 3998 372 4057 pro
413 3998 491 4057 pace
530 3983 563 4038 et
602 3978 831 4058 tranquillitate
867 3978 998 4040 ecclesie
1032 3985 1065 4040 et
1104 3978 1191 4058 regni
1231 3999 1267 4038 ac
1302 3979 1407 4058 quiete
1445 3981 1553 4058 populi

317 4083 490 4163 Anglicani,
512 4103 572 4163 que
594 4104 613 4144 a
633 4083 688 4144 diu
709 4084 815 4145 extitit
836 4084 969 4156 exulata,
992 4090 1102 4145 contra
1133 4105 1207 4146 suos
1232 4090 1264 4146 et
1295 4086 1382 4164 regni
1410 4086 1554 4148 inimicos

316 4207 350 4248 se
385 4194 418 4248 et
452 4208 510 4248 sua
537 4194 683 4267 exponat,
712 4209 809 4249 manu
838 4189 911 4250 forti
944 4189 1008 4250 vim
1029 4190 1217 4269 propulsans
1245 4189 1439 4261 iminentem,
1460 4196 1555 4269 prout

316 4292 376 4353 sibi
407 4293 562 4353 incumbit
582 4297 615 4353 et
646 4299 695 4354 est
716 4295 846 4372 justum,
876 4315 981 4375 equm,
1015 4295 1090 4375 quin
1115 4295 1221 4375 potius
1251 4297 1462 4357 necessarium
1485 4317 1555 4359 esse

316 4397 539 4479 perpendimus
571 4405 607 4458 ut
641 4399 710 4478 ejus
743 4400 885 4462 subditos
920 4400 953 4461 in
985 4401 1047 4462 hiis
1079 4401 1236 4462 mandatis
1267 4401 1307 4460 ad
1338 4403 1425 4480 pacis
1457 4402 1553 4463 finem

317 4504 502 4564 animemus.
544 4505 679 4584 Propter
699 4506 783 4585 quod
804 4512 942 4568 vestram
956 4507 1187 4568 fraternitatem
1201 4507 1365 4567 hortamur
1379 4507 1412 4566 in
1426 4507 1554 4569 Christo

317 4615 473 4689 quatenus
489 4611 672 4670 mandatum
696 4613 816 4691 regium
838 4619 903 4673 tam
924 4613 1095 4691 prudenter
1109 4617 1237 4691 tamque
1258 4612 1422 4692 diligenter
1443 4615 1553 4693 exequi

317 4707 433 4768 curetis
454 4707 523 4767 sine
544 4727 641 4779 mors,
667 4710 751 4789 quod
776 4729 813 4770 ex
839 4709 983 4789 impenso
1008 4708 1113 4770 labore
1137 4709 1225 4788 pacis
1251 4709 1436 4770 beneficium
1463 4711 1495 4769 in
1520 4731 1554 4772 re

317 4804 443 4884 publica
469 4823 527 4884 per
554 4805 614 4866 Dei
642 4806 778 4885 graciam
806 4807 910 4868 valeat
937 4806 1106 4887 procurari.
1167 4807 1229 4866 Pro
1257 4827 1319 4885 qua
1347 4806 1468 4867 felicius
1496 4807 1553 4867 im·

316 4901 471 4982 patranda
501 4902 681 4982 solempnes
710 4904 928 4983 processiones
955 4923 1013 4984 per
1042 4909 1141 4964 totam
1172 4908 1310 4964 vestram
1342 4903 1491 4968 diocesim
1520 4904 1553 4964 in

315 4999 396 5062 locis
420 4999 636 5079 solempnibus
659 5005 693 5062 et
720 5001 790 5062 aliis
817 5002 871 5062 ubi
899 5001 1008 5081 populi
1032 5001 1117 5081 viget
1138 5001 1308 5061 multitudo
1330 5000 1461 5080 singulis
1484 5021 1551 5081 sep-

319 5096 458 5168 timanis,
490 5096 563 5158 bina
592 5098 670 5169 vice,
705 5103 819 5178 quarta
847 5099 993 5160 videlicet
1024 5103 1056 5160 et
1087 5103 1175 5160 sexta
1208 5097 1285 5158 feria
1318 5097 1385 5158 fieri
1420 5097 1551 5172 faciatis,
