3850 5917
77 904 161 943 m).
188 903 249 943 182⁴.

102 4340 171 4379 M).
191 4334 251 4373 129⁰.

122 4740 182 4778 e'ot.
198 4736 253 4773 841).

705 673 856 755 Episcopi
882 675 1127 756 Herejordennis.
1474 680 1534 742 309

293 898 383 978 juris,
404 904 534 979 paratus
555 901 588 960 in
605 901 751 963 omnibus
770 907 854 963 stare
872 902 943 982 juri,
965 903 1005 964 ab
1029 904 1211 983 hujusmodi
1232 906 1394 967 sentencia
1412 926 1534 967 excom-

294 1004 524 1067 municacionis
569 1006 756 1067 beneficium
796 1007 1007 1069 absolucionis
1053 1009 1113 1070 sibi
1152 1010 1292 1090 impendi
1326 1032 1382 1073 seu
1417 1012 1534 1072 dictam

294 1110 489 1172 sentenciam
518 1112 608 1191 juxta
628 1113 706 1190 juris
727 1113 920 1193 exigenciam
940 1114 1072 1176 relaxari
1100 1115 1262 1177 humiliter
1289 1116 1462 1195 petivisset,
1478 1136 1535 1178 vos

295 1220 403 1277 tamen
438 1217 556 1277 dictum
593 1217 644 1277 W.
670 1218 715 1279 sic
749 1223 911 1297 petentem
946 1239 1042 1299 super
1076 1220 1138 1281 hiis
1173 1221 1281 1282 audire
1313 1226 1346 1281 et
1373 1222 1534 1300 justiciam

294 1322 398 1383 iacere
419 1344 482 1383 non
505 1325 649 1396 curastis,
678 1326 755 1405 quin
779 1326 886 1405 potius
910 1326 1102 1406 neglexistis,
1124 1346 1180 1387 sau
1208 1328 1280 1407 plus
1308 1328 1414 1389 debito
1435 1328 1534 1389 distu-

294 1425 378 1487 listis
403 1427 509 1488 minus
537 1429 631 1506 juste,
653 1429 685 1487 in
715 1429 793 1489 dicti
813 1429 919 1489 fratris
948 1429 998 1489 W.
1026 1430 1244 1509 prejudicium,
1274 1431 1446 1511 dampnum
1469 1452 1534 1493 non

294 1531 462 1602 modicum,
484 1537 517 1593 et
537 1552 724 1611 gravamen;
756 1540 885 1613 propter
906 1536 989 1613 quod
1010 1556 1084 1614 pars
1109 1536 1251 1614 ejusdem
1279 1536 1384 1597 fratris
1413 1538 1463 1598 W.
1493 1538 1533 1598 sd

292 1656 352 1697 uos
381 1638 535 1699 accedens
562 1638 622 1698 sibi
645 1657 741 1718 super
761 1640 821 1700 hoc
846 1639 884 1699 de
906 1640 1044 1701 remedio
1064 1642 1219 1720 provideri
1245 1642 1337 1722 petiit
1365 1648 1532 1722 oportuno.

294 1741 450 1803 Nolentes
471 1743 567 1821 igitur
598 1743 700 1803 eidem
731 1743 765 1801 in
796 1764 854 1803 sus
875 1744 984 1805 deesse
1012 1744 1147 1823 justicia,
1170 1745 1263 1805 sicuti
1285 1766 1345 1807 nec
1372 1746 1533 1820 debemus,

294 1847 383 1908 vobis
408 1868 480 1907 cum
505 1869 542 1909 ea
563 1869 625 1928 qua
646 1849 736 1910 decet
755 1850 943 1920 reverencia,
966 1850 1154 1912 auctoritate
1179 1851 1262 1912 dicte
1287 1851 1380 1912 Ourie
1401 1852 1534 1913 firmiter

293 1954 487 2034 injungendo
521 1956 709 2016 mandemus
740 1955 899 2035 quatinus,
935 1955 962 2017 si
999 1961 1048 2017 est
1082 1956 1136 2028 ita,
1173 1956 1254 2017 infra
1285 1958 1379 2019 unius
1415 1959 1533 2019 mensis

294 2061 437 2139 spacium
472 2080 490 2120 a
526 2065 668 2140 tempore
701 2061 894 2140 recepcionis
929 2062 1127 2140 presencium
1163 2062 1313 2123 continue
1346 2063 1533 2123 numerandi

293 2168 376 2246 parti
398 2167 474 2227 dicti
497 2166 603 2227 fratris
631 2168 681 2227 W.
705 2167 827 2227 faciatis
855 2168 888 2225 in
916 2167 1079 2246 premissis
1103 2168 1229 2245 justicie
1254 2169 1531 2248 complementum.

294 2272 441 2353 Alioquin
470 2278 579 2333 tencre
615 2273 813 2353 presencium
841 2274 1052 2353 peremptorie
1087 2294 1143 2335 vos
1172 2275 1307 2337 citamus
1335 2276 1419 2356 quod
1448 2295 1533 2336 com·

293 2377 432 2458 pareatis
466 2398 571 2439 coram
607 2377 698 2440 nobis
726 2378 776 2440 vsi
810 2385 919 2440 nostro
954 2378 1180 2441 Commissario
1214 2381 1247 2439 in
1281 2381 1414 2443 ecclesia
1441 2381 1533 2442 beate

293 2484 395 2545 Maris
427 2485 466 2546 de
497 2485 808 2558 Aldermarichirche,
835 2486 1018 2557 Londoniis,
1050 2486 1285 2566 quintodecimo
1310 2488 1361 2549 dic
1397 2488 1533 2565 juridico

293 2596 366 2671 post
387 2589 511 2669 lapsum
536 2590 612 2650 dicti
633 2590 752 2651 mensis
774 2590 806 2649 in
831 2590 1012 2670 hujusmodi
1037 2592 1163 2672 querele
1190 2592 1320 2671 ncgccio
1344 2594 1532 2673 processuri,

293 2695 416 2765 facturi,
438 2700 471 2756 et
493 2695 649 2775 recepturi
666 2695 750 2775 quod
770 2694 897 2774 justicia
913 2696 1066 2756 suadebit.
1109 2696 1158 2756 De
1180 2696 1229 2756 die
1244 2716 1318 2758 vero
1340 2697 1533 2776 recepcionis

294 2801 501 2881 presencium,
537 2807 596 2861 etc.
652 2802 771 2861 Datum
794 2801 976 2872 Londoniis,
999 2807 1111 2863 octavo
1137 2802 1184 2862 Id.
1216 2802 1413 2875 Novembris,
1449 2822 1533 2864 anno

295 2906 424 2968 Domini
458 2906 704 2987 Muccurum.
757 2906 912 2981 Quocirca
945 2906 1035 2967 vobis
1072 2906 1301 2968 committimus
1343 2912 1375 2969 et
1403 2908 1532 2969 manda-

294 3033 365 3074 mus
394 3013 552 3093 quatinus,
578 3019 690 3074 vocato
715 3013 800 3073 dicto
821 3012 872 3072 W.
895 3013 933 3073 de
953 3013 1038 3093 Irby,
1061 3013 1094 3072 in
1115 3013 1297 3093 hujusmodi
1321 3014 1532 3076 absolucionis

293 3119 422 3199 negocio
447 3132 479 3179 et
509 3120 614 3199 ipsum
641 3118 852 3198 tangentibus,
878 3119 1051 3180 secundum
1082 3118 1215 3180 formam
1243 3120 1357 3199 prioris
1384 3120 1530 3182 commis·

293 3225 392 3287 sionis
423 3230 530 3286 nostre
562 3224 650 3286 vobis
686 3226 720 3284 in
756 3224 841 3285 dicto
879 3225 1009 3304 negocio
1037 3225 1115 3287 alias
1142 3226 1225 3287 facte
1252 3232 1285 3287 et
1313 3231 1467 3288 retroacte
1499 3228 1532 3285 in

293 3334 413 3404 eodem,
434 3352 498 3393 non
520 3337 685 3412 expectata
704 3332 868 3411 presencia
888 3332 1031 3411 magistri
1048 3333 1098 3392 W.
1119 3333 1158 3392 de
1179 3331 1366 3411 Fowehope,
1388 3332 1533 3393 Rectoris

292 3438 423 3499 ecclesie
451 3438 490 3499 de
518 3438 699 3517 Westbury,
726 3457 783 3499 seu
815 3438 935 3498 Decani
957 3437 996 3499 de
1026 3438 1100 3509 Ros,
1131 3438 1163 3496 in
1185 3438 1280 3517 priori
1309 3438 1532 3499 commissione

293 3548 402 3604 nostra
436 3543 680 3615 nominatorum,
723 3543 846 3604 faciatis
888 3544 990 3605 eidem
1026 3543 1185 3605 Willelmo
1222 3544 1347 3624 justicie
1396 3544 1532 3623 comple·

293 3654 446 3721 mentum,
468 3669 541 3709 cum
562 3649 802 3709 continuacione
830 3655 863 3710 et
883 3648 1106 3729 prorogacione
1132 3648 1262 3723 dierum,
1298 3655 1334 3710 ut
1362 3650 1400 3711 de
1423 3660 1533 3711 nostra

293 3753 459 3834 diligencia
495 3759 639 3815 constare
667 3753 770 3815 valeat
807 3754 900 3815 Gurie
928 3755 1096 3815 antedicto.
1153 3754 1243 3829 Quod
1272 3754 1300 3815 si
1328 3775 1392 3816 non
1421 3776 1532 3816 omnes

294 3861 483 3940 exequendis
508 3860 673 3940 potueritis
706 3862 867 3933 interesse,
898 3862 959 3922 duc
983 3866 1123 3922 vestrum
1152 3881 1189 3921 ea
1210 3860 1434 3922 nichilominus
1462 3882 1531 3923 exe·

295 3972 441 4047 quantur.
483 3969 602 4028 Datum
625 3967 806 4039 Londoniis,
828 3967 879 4028 die
900 3966 1068 4027 Dominica
1095 3966 1128 4027 in
1156 3966 1238 4027 festo
1262 3967 1364 4027 sancti
1392 3966 1533 4040 Martini,

294 4093 378 4134 anno
400 4072 530 4134 Domini
558 4073 748 4152 supradicte,
770 4078 830 4133 ete.

294 4309 371 4370 Noc.
400 4308 596 4385 ro-Royat
625 4308 718 4387 Brief
749 4306 935 4385 instructius]
966 4306 1108 4367 Richerd
1144 4305 1311 4383 Swinfield,
1347 4306 1466 4385 Bishop
1500 4308 1536 4385 os

416 4389 578 4468 Heresord‚
602 4396 632 4449 to
651 4388 710 4449 cite
731 4388 777 4449 all
800 4388 946 4467 berreficed
970 4388 1070 4465 clerpy
1095 4387 1131 4446 ic
1155 4386 1204 4447 his
1229 4386 1364 4457 Dioceae,
1389 4387 1456 4448 who
1480 4407 1532 4447 are

416 4471 452 4531 ia
475 4491 537 4549 any
564 4490 633 4548 way
661 4470 821 4531 connected
847 4469 925 4529 with
953 4469 1003 4529 the
1030 4468 1115 4560 Kicq
1143 4468 1177 4546 of
1201 4468 1330 4540 Franco,
1360 4475 1389 4528 tc
1417 4488 1533 4548 appear

418 4551 517 4631 before
545 4551 594 4611 the
621 4551 725 4629 Roycl
754 4550 885 4611 Goumii
911 4555 945 4611 at
976 4549 1208 4611 Westnucster.l

377 4706 494 4765 Bsuvs
526 4706 899 4777 Rectum—Edwardus,
929 4710 999 4775 etc,
1031 4702 1202 4765 venerabili
1231 4703 1264 4761 in
1293 4702 1420 4764 Christo
1439 4703 1533 4782 patri,

297 4812 335 4872 R.
360 4812 469 4874 eadem
498 4812 603 4892 gracia
631 4812 790 4891 Episcopo
815 4810 1050 4882 Herefordensi,
1079 4809 1222 4870 salutem.
1279 4807 1473 4882 Quibusdam
1494 4810 1534 4871 de

296 4917 400 4978 causis
434 4917 523 4978 vobis
551 4918 739 4978 mandamus
769 4917 919 4998 quatinus
950 4935 1061 4976 omnes
1091 4915 1246 4985 Decanos,
1278 4911 1532 4987 Archidiaconcs,

356 5054 450 5095 l-Tbis
462 5053 533 5095 order
543 5053 570 5096 ot
583 5055 643 5101 Κίος
657 5053 760 5095 Edwnrd
775 5055 785 5094 1
798 5065 855 5100 may
868 5053 929 5095 bave
948 5052 1007 5094 been
1020 5049 1118 5092 entered
1132 5049 1188 5090 bere
1208 5060 1236 5089 ns
1256 5046 1344 5094 having
1357 5058 1423 5090 some
1437 5048 1535 5098 &arina

278 5128 311 5159 on
323 5116 366 5157 the
384 5116 496 5164 Bishoo's
508 5116 565 5158 trial
579 5116 659 5158 before
672 5128 688 5157 a
700 5116 796 5159 secular
807 5119 885 5157 court.
