3850 5917
665 707 816 788 Episcopi
842 708 1086 789 Hercsordcneis.
1440 711 1496 771 '55

111 939 154 978 Μ)-
167 939 216 979 ¹³¹⁷·
253 933 404 996 dilectum
425 933 517 994 nobis
537 935 571 993 in
593 933 720 995 Christo
741 933 951 994 Laurencium
973 935 1012 995 de
1033 934 1143 1014 leuga
1165 935 1351 1006 Stauntone,
1365 935 1494 1015 presby-

253 1045 366 1112 terum,
398 1045 502 1101 vestre
533 1045 642 1102 sancte
671 1039 855 1119 paternitati
889 1045 999 1102 tenore
1033 1041 1232 1120 presencium
1264 1046 1494 1121 presentamus,

252 1151 357 1208 vestre
391 1145 570 1207 reverencie
604 1145 819 1225 supplicantes
853 1145 1003 1226 quatinus
1036 1147 1173 1207 eundem
1209 1147 1419 1208 Laurentium
1454 1148 1495 1207 ad

253 1251 428 1330 predictam
449 1249 612 1311 ecclesiam
636 1251 802 1312 admittere
822 1249 936 1322 velitis,
957 1256 991 1311 et
1009 1251 1115 1330 ipsum
1136 1250 1301 1313 instituere
1322 1252 1355 1311 in
1374 1253 1495 1324 eudem,

254 1361 286 1416 et
306 1361 413 1416 cetera
433 1355 535 1417 iacere
563 1356 748 1436 eidemque
776 1363 883 1418 vestro
907 1358 1095 1420 incumbunt
1122 1359 1225 1420 officio
1245 1360 1278 1419 in
1306 1361 1366 1420 hac
1394 1366 1495 1439 parte.

254 1461 292 1520 In
314 1461 407 1540 cujus
428 1460 483 1532 rei,
504 1465 563 1522 etc.
606 1461 725 1522 Datum
751 1463 834 1541 apud
856 1463 1011 1543 Heybury
1029 1465 1121 1544 juxta
1141 1465 1332 1539 londonias,
1356 1467 1421 1546 ιη’·
1441 1467 1494 1528 dic

254 1568 373 1629 mensis
395 1567 590 1639 Decembris,
619 1588 703 1629 auno
724 1568 854 1628 Domini
883 1568 1107 1649 M00000xvij⁰‚
1136 1575 1196 1631 eto.

255 1811 317 1871 Tho
337 1809 468 1904 Bislsop,
490 1811 527 1889 ty
548 1831 657 1872 reason
678 1811 713 1890 os
738 1811 787 1872 liis
808 1811 1019 1891 appointmcnt
1041 1820 1070 1903 to
1093 1813 1142 1873 the
1167 1813 1231 1884 See,
1252 1820 1358 1890 prante
1379 1834 1401 1874 a
1417 1833 1491 1905 pcn-

377 1892 506 2035 quqqcksqs
529 1897 549 1952 5
572 1892 676 1953 marles
700 1913 721 1952 o
744 1912 818 1970 year
842 1901 872 1953 to
897 1893 982 1954 doliu
1006 1893 1142 1973 Geffard,
1167 1913 1223 1955 one
1246 1894 1281 1974 os
1306 1894 1355 1954 the
1379 1895 1491 1972 Ktuq‘s

337 2132 462 2191 Pnusro
490 2148 574 2190 nuru
605 2147 743 2191 cnamco
775 2130 880 2191 Rnurs
911 2147 954 2189 sn
988 2147 1144 2191 munuum
1175 2131 1499 2193 naus-universis

254 2243 363 2318 pateat
387 2257 445 2317 per
468 2241 631 2316 presentes
659 2237 743 2316 quod
771 2255 839 2306 nos,
869 2235 979 2308 Adam,
1004 2242 1074 2307 etc,
1102 2237 1143 2296 ad
1170 2243 1315 2317 rogatum
1343 2237 1495 2299 excellen-

255 2343 371 2405 tissimi
399 2342 551 2422 principis
575 2347 607 2402 et
632 2341 751 2402 domini
779 2341 880 2402 nostri
904 2341 1063 2414 Edwardi,
1093 2348 1163 2415 eto,
1191 2363 1248 2422 per
1271 2363 1345 2404 suas
1373 2344 1497 2405 litteras

255 2450 347 2512 nobis
370 2449 490 2510 lactum
525 2448 651 2509 racione
685 2467 766 2509 nove
797 2447 970 2509 creationis
1000 2453 1109 2510 nostre
1139 2449 1341 2511 concedimus
1365 2449 1494 2510 dominc

254 2555 395 2617 Johanni
424 2553 556 2625 Giffard,
587 2553 701 2615 clerico
731 2552 841 2633 ipsius,
873 2553 1013 2634 quinque
1043 2574 1166 2615 marcas
1197 2575 1301 2616 annue
1331 2556 1496 2635 pensionis

255 2663 423 2724 solvendas
447 2661 550 2722 eidem
578 2660 618 2721 ad
642 2660 722 2720 duos
750 2661 825 2720 anni
846 2659 999 2721 terminos
1027 2661 1201 2733 annuatim,
1232 2660 1378 2722 videlicet
1397 2683 1495 2723 unum

256 2771 460 2830 medietatem
480 2769 514 2827 in
534 2767 616 2829 festo
637 2767 739 2828 sancti
753 2767 890 2828 Dionisii
911 2768 1063 2847 Martyris
1076 2773 1109 2829 et
1129 2768 1224 2828 aliam
1245 2769 1447 2830 medietatem
1462 2771 1498 2829 in

256 2876 337 2938 leste
370 2874 636 2934 Annunoiacionis
667 2873 834 2935 Dominice
865 2879 1026 2954 sequente,
1058 2874 1127 2935 loco
1154 2874 1209 2934 ubi
1236 2895 1294 2936 nos
1322 2880 1399 2936 tunc
1426 2897 1499 2937 esse

256 2981 433 3060 contigerit,
462 2980 511 3041 vel
532 2980 564 3039 in
583 2979 728 3041 domibus
744 2979 862 3040 nostris
883 2979 1177 3052 Herelordensibus,
1199 2980 1226 3042 si
1250 2987 1339 3043 extra
1364 3001 1496 3062 regnum

257 3088 367 3168 Anglie
388 3086 549 3158 fuerimus,
571 3105 734 3166 quousque
755 3084 814 3147 sibi
835 3105 892 3165 per
912 3105 971 3147 nos
994 3085 1157 3165 provisum
1177 3087 1317 3148 extiterit
1338 3088 1376 3150 de
1400 3087 1495 3150 benc-

256 3193 327 3255 ficio
346 3191 560 3254 ecclesiastico
589 3191 790 3270 competenti,
812 3211 907 3271 quam
937 3191 1130 3253 solucionem
1158 3213 1216 3272 pro
1236 3194 1339 3273 primo
1359 3195 1498 3257 termino

257 3298 350 3378 primi
371 3297 447 3357 anni
468 3297 567 3376 ipsius
588 3297 690 3357 eidem
711 3296 813 3357 lacere
835 3296 1023 3376 incipiemus
1043 3297 1077 3357 in
1099 3298 1181 3360 festo
1215 3300 1318 3361 sancti
1348 3301 1497 3380 Dyonisii

258 3404 410 3484 Martyris
436 3403 579 3483 proximo
599 3409 672 3483 post
693 3403 799 3464 datam
819 3404 1019 3483 presencium
1039 3403 1225 3466 litterarum.
1268 3407 1308 3466 Iu
1329 3408 1497 3488 uniuersi,

257 3515 315 3570 etc.
359 3510 479 3570 Datum
501 3507 684 3570 Londoniis.

258 3753 328 3816 Dec.
344 3751 501 3814 30.-T1a
524 3752 623 3812 Abbot
650 3752 685 3832 os
709 3751 858 3830 Wipmore
881 3751 986 3813 writes
1011 3753 1079 3814 that
1105 3754 1140 3813 hc
1165 3753 1221 3815 hcc
1245 3754 1320 3815 med
1350 3754 1396 3814 all
1419 3755 1495 3815 diu-

378 3854 467 3913 qonce
494 3833 530 3894 iu
555 3833 713 3911 collectinp
750 3833 798 3893 tu
834 3833 926 3905 uuili,
963 3833 1017 3894 bnt
1052 3834 1107 3895 lias
1141 3835 1213 3913 only
1247 3834 1381 3896 received
1414 3838 1496 3908 ΗΟ,

378 3915 652 4056 Ξῖέηὲηαῗῖἓ
684 3915 719 3994 os
746 3917 836 3992 &114
867 3920 911 3975 2³.
940 3915 1057 3994 11¹l,d·,
1084 3915 1187 3976 which
1217 3915 1253 3976 iro
1283 3915 1350 3976 will
1379 3923 1427 3994 pot
1458 3917 1496 3977 iu

338 4155 643 4217 Gnnmsrcsronruu
674 4169 820 4212 ulunsrr
851 4170 1036 4213 rraurcrosrs
1060 4170 1147 4212 virus
1182 4151 1307 4211 Annum
1338 4169 1380 4211 nr
1411 4152 1495 4213 Ocu-

258 4279 381 4321 vaurur
395 4277 438 4320 nr
461 4259 658 4322 Wrunuorur
673 4276 808 4320 urunurr
829 4277 863 4318 ru
879 4275 954 4318 surr
974 4277 1078 4318 suurn
1097 4276 1202 4318 rsrrus
1216 4275 1303 4320 noun
1317 4276 1496 4319 scurrus-

257 4368 441 4430 Reverendo
466 4366 498 4426 in
520 4365 647 4427 Christo
674 4365 757 4444 patri
788 4370 821 4426 et
849 4365 986 4436 domino,
1015 4365 1145 4426 domino
1169 4365 1245 4437 Ade,
1273 4369 1333 4437 etc,
1357 4365 1408 4426 sui
1436 4365 1494 4426 filii

258 4473 392 4535 humiles
424 4477 457 4534 et
484 4471 599 4544 devoti,
630 4471 727 4533 irater
749 4471 925 4550 Philippus,
950 4470 1158 4550 permissione
1188 4471 1295 4531 divina
1329 4471 1434 4532 Abbas
1454 4473 1495 4534 de

258 4580 456 4660 Wygemore,
478 4597 514 4639 ac
535 4577 677 4657 ejusdem
708 4577 768 4638 loci
802 4577 986 4638 Conventus
1016 4577 1161 4649 salutem,
1193 4582 1252 4637 etc.
1305 4577 1493 4637 Mandatum

258 4693 398 4748 vestrum
433 4685 466 4743 iu
494 4684 576 4745 leste
604 4683 705 4744 sancti
736 4683 856 4744 Thema
898 4681 1050 4762 Martyris
1077 4703 1150 4742 cum
1184 4683 1271 4743 omni
1305 4683 1495 4756 reverencia,

256 4796 349 4871 prout
370 4789 486 4860 decuit,
518 4787 703 4867 recepimus,
732 4793 875 4849 tenorem
906 4788 1073 4848 continens
1104 4787 1358 4867 infrascriptum:
1381 4788 1492 4862 Adam,

258 4905 315 4960 etc.
359 4897 484 4956 Harum
506 4893 601 4974 igitur
628 4893 804 4956 litterarum
831 4898 1008 4955 vestrarum
1030 4898 1140 4954 tenore
1160 4893 1304 4973 inspecto
1334 4914 1371 4954 ao
1401 4895 1494 4955 intel-

258 5003 348 5074 lecto,
373 5001 491 5062 doloris
515 5019 552 5061 ac
576 4999 699 5060 timoris
720 4999 836 5060 aculeis
861 4998 1056 5059 multimodis
1083 4998 1226 5078 perfossi,
1253 5005 1358 5060 vestre
1385 5005 1495 5063 sancte

257 5107 441 5190 paternitati
476 5105 676 5167 notificamus
710 5105 794 5185 quod
828 5123 956 5165 omnem
990 5104 1189 5184 diligenciam
1229 5125 1267 5166 ac
1300 5106 1495 5167 celeritatem
