3850 5917
412 660 472 719 284
777 660 957 739 chictmm
988 661 1053 722 Ado
1083 661 1121 722 de
1151 662 1282 723 Orlctoa.

241 888 299 926 Μ)-
315 891 369 927 ¹³2²·
412 884 579 964 Brokhury
601 882 750 963 effectum
776 886 932 965 maritagii
953 886 1087 965 alicujus
1116 886 1240 947 heredis
1261 888 1432 948 eorundem
1453 885 1655 949 fueritasse-

412 994 513 1060 cutus,
536 990 630 1051 salvis
645 991 773 1053 domino
787 991 866 1070 Regi
881 991 980 1052 leodis
998 991 1144 1063 militum,
1165 992 1425 1053 advocacionibus
1440 992 1653 1065 ecclesiarum,

412 1096 547 1168 dotibus,
585 1102 617 1159 et
655 1097 724 1158 aliis
759 1098 989 1160 reversionibus
1025 1104 1179 1161 terrarum
1221 1098 1253 1161 et
1292 1101 1556 1171 tenementorum,
1592 1120 1654 1181 que

412 1202 551 1263 accidere
589 1203 756 1283 contigerit
794 1204 919 1265 racione
957 1206 1100 1266 custodie
1138 1205 1231 1277 illius,
1274 1206 1384 1267 eadem
1427 1207 1571 1267 custodia
1609 1206 1655 1267 sic

411 1306 553 1368 durante.
596 1308 636 1366 In
665 1308 755 1387 cujus
777 1306 830 1379 rei,
852 1316 912 1369 etc.
967 1304 1085 1371 Datum
1108 1312 1304 1381 Herelordie,
1327 1312 1378 1371 die
1399 1312 1489 1372 Luna
1509 1312 1653 1391 proximo

411 1419 483 1493 post
504 1414 620 1475 festum
643 1416 744 1475 sancti
766 1416 932 1488 Ambrosii,
950 1437 1034 1477 anno
1056 1418 1143 1497 regni
1166 1414 1260 1497 Regis
1281 1418 1318 1477 E.
1341 1418 1396 1477 filii
1416 1418 1511 1497 Regis
1528 1418 1566 1478 E.
1582 1428 1642 1478 xv⁰.

411 1682 483 1742 Feb.
505 1683 640 1743 2.-Thc
668 1684 786 1762 Bichcp
810 1684 930 1763 acsipas
956 1691 986 1745 to
1011 1684 1112 1745 Adam
1145 1685 1249 1745 Lacus
1289 1686 1338 1745 the
1366 1686 1493 1763 cactody
1522 1686 1652 1765 (during

535 1764 584 1839 the
607 1764 755 1841 minority
783 1766 930 1842 ofUJoha
962 1766 988 1825 ic
1020 1767 1122 1843 Wyne,
1153 1766 1201 1826 the
1234 1766 1324 1845 heir),
1356 1768 1392 1846 of
1420 1768 1469 1826 tha
1495 1767 1585 1827 lcrrds
1616 1769 1652 1827 ia

522 1845 878 1922 ‘Wirastorc-bp-Newton,
899 1846 1001 1907 which
1023 1846 1172 1907 Dionisia
1198 1848 1229 1907 la
1264 1848 1366 1925 Wyne,
1402 1848 1554 1919 deceased,
1578 1846 1647 1907 held

524 1927 609 2004 from
631 1926 679 1985 the
701 1926 828 2005 Birhop.

491 2098 600 2158 Orsus
621 2116 664 2157 aa
686 2116 846 2157 cussonis
871 2116 1049 2157 reseratur
1083 2100 1298 2158 D1orv1s1snr
1327 2098 1653 2160 ans.—Universie

409 2203 526 2264 Christi
547 2203 691 2264 fidelibus
713 2204 752 2263 ad
774 2224 853 2283 quos
877 2209 1041 2283 presentes
1070 2204 1174 2265 littere
1206 2204 1415 2283 pervenerint,
1449 2204 1559 2273 Adam,
1582 2209 1651 2275 etc,

409 2309 543 2370 salutem
569 2310 600 2368 in
623 2309 761 2369 Domino
783 2309 1018 2388 sempiternam.
1063 2308 1223 2369 Noveritis
1244 2329 1302 2369 nos
1330 2308 1497 2369 tradidisse
1525 2314 1557 2369 et
1579 2328 1651 2369 con-

407 2416 540 2476 cessisse
571 2414 686 2476 dilecto
714 2420 746 2475 et
768 2414 853 2475 fideli
874 2420 993 2485 nostro,
1016 2414 1083 2475 Ade
1108 2415 1220 2487 Lucas,
1244 2434 1300 2494 pro
1322 2413 1453 2475 servicio
1475 2434 1533 2474 suo
1557 2413 1648 2474 nobis

407 2520 551 2599 impenso
586 2521 762 2581 custodiam
797 2526 950 2581 terrarum
984 2524 1017 2579 et
1052 2523 1304 2579 tenementorum
1343 2538 1404 2597 que
1441 2518 1585 2579 Dionisie
1619 2517 1650 2578 la

406 2626 510 2704 Wyne
538 2626 577 2686 de
612 2626 702 2687 nobis
735 2626 838 2686 tenuit
866 2626 899 2683 in
929 2625 1125 2704 Wynestone
1153 2624 1242 2703 juxta
1264 2624 1418 2684 Newtone
1446 2628 1479 2684 et
1510 2624 1584 2683 alibi
1612 2623 1644 2682 iu

406 2732 559 2792 comitatu
585 2732 779 2802 Hersiordie,
806 2751 862 2810 per
885 2731 1051 2791 servicium
1074 2730 1218 2801 militare,
1241 2733 1273 2790 et
1298 2730 1420 2810 quoad
1441 2749 1500 2790 nos
1521 2730 1647 2790 devenit

407 2838 532 2898 racione
567 2838 698 2897 minoris
730 2837 825 2897 etatis
859 2836 1025 2906 Johannis,
1055 2836 1111 2894 filii
1150 2835 1269 2895 domini
1300 2834 1450 2895 Willelmi
1479 2834 1509 2894 le
1537 2835 1649 2913 Wyne,

405 2944 631 3022 consanguinei
658 2942 838 3003 et-heredis
860 2942 943 3001 dicte
973 2940 1125 3011 Dionisie‚
1148 2960 1285 2999 unacum
1314 2938 1479 3018 maritagio
1507 2940 1648 3015 ejusdem

406 3050 571 3119 Johannis,
607 3049 785 3109 habendam
817 3054 850 3109 et
881 3048 1050 3108 tenendam
1088 3047 1190 3108 eidem
1222 3046 1289 3107 Ade
1320 3050 1352 3106 et
1383 3044 1552 3124 assignatis
1583 3044 1649 3105 suis

405 3156 566 3236 usquead
595 3155 721 3234 plenam
750 3160 783 3215 et
814 3155 987 3233 legitimam
1018 3158 1135 3213 etatem
1161 3153 1302 3231 ejusdem
1324 3150 1489 3212 Johannis.
1545 3150 1589 3209 Et
1622 3148 1648 3210 ei

404 3262 568 3341 contingat
588 3261 709 3320 dictum
729 3260 909 3320 Johannem
930 3258 1081 3319 decedere
1104 3262 1177 3317 ante
1200 3276 1295 3336 quam
1317 3256 1504 3335 adplenum
1529 3260 1646 3315 etatem

405 3367 593 3447 pervenerit,
615 3367 718 3426 dictus
748 3366 848 3425 Adam
872 3366 975 3425 Lucas
1004 3368 1036 3425 et
1061 3364 1212 3442 assignati
1238 3362 1286 3423 sui
1308 3360 1499 3421 habeantet
1521 3365 1650 3421 teneant

404 3475 580 3554 predictam
600 3473 776 3533 custodiam
797 3477 829 3533 et
849 3471 1050 3550 maritagium
1070 3471 1109 3530 de
1129 3470 1243 3529 herede
1262 3469 1295 3528 in
1317 3468 1464 3528 heredem
1486 3486 1649 3547 quousque

405 3601 489 3641 unus
520 3580 671 3640 heredum
703 3580 787 3639 dicte
821 3578 963 3639 Dionisie
1002 3577 1042 3637 ad
1081 3576 1208 3655 plenam
1251 3580 1283 3635 et
1320 3574 1493 3653 legitimam
1531 3578 1648 3635 etatem

406 3687 592 3765 pervenerit.
635 3685 675 3744 In
695 3685 785 3762 cujus
804 3684 858 3753 rei,
876 3688 936 3743 etc.
980 3683 1099 3742 Datum
1116 3680 1310 3751 Hsreiordie,
1330 3680 1381 3740 die
1402 3679 1491 3740 Jovis
1513 3680 1545 3738 in
1567 3678 1648 3739 festo

405 3791 642 3852 Purificacionis
677 3791 768 3851 beate
805 3790 904 3849 Maris
942 3788 1090 3867 Virginis,
1122 3807 1205 3847 anno
1241 3786 1369 3847 Domini
1413 3784 1647 3863 Mvuccrxxiijr,

405 3898 493 3977 regni
514 3918 588 3958 vero
609 3896 705 3976 Regis
726 3896 765 3954 E.
787 3894 843 3953 filii
869 3894 964 3974 Regis
986 3894 1024 3952 E.
1046 3893 1131 3972 xvij0.
1595 3895 1597 3903 “

407 4151 479 4211 Feb.
501 4149 637 4210 a-The
659 4148 777 4228 Bishop
797 4147 918 4225 uesicas
941 4155 970 4207 to
993 4146 1093 4206 Adam
1108 4146 1212 4205 chccs
1228 4144 1291 4205 arrd
1306 4144 1419 4205 Robert
1439 4144 1476 4204 de
1491 4144 1651 4223 Hamptcn

534 4232 582 4290 the
611 4229 738 4307 crestody
769 4229 898 4307 (during
935 4228 983 4288 the
1014 4226 1161 4304 minority
1187 4226 1222 4305 of
1252 4224 1409 4295 Dionisie‚
1441 4224 1593 4302 daughter
1618 4224 1653 4303 os

530 4312 644 4371 Rohcrt
674 4311 797 4388 Boc-ulf,
836 4310 885 4369 the
917 4309 1054 4387 hcircss),
1086 4308 1122 4386 of
1158 4306 1207 4373 the
1248 4305 1337 4366 luade
1369 4305 1405 4365 ia
1439 4305 1647 4383 Werhum·hp÷

533 4392 692 4471 Hercsord,
724 4390 826 4451 which
854 4390 939 4451 John
962 4390 1076 4468 Itceyn,
1108 4387 1260 4460 deceased,
1294 4386 1356 4447 hod
1389 4385 1458 4465 held
1483 4388 1570 4465 from
1600 4386 1650 4446 the

532 4473 660 4552 Bishop.
1214 4480 1217 4490 “

490 4641 598 4702 Gaura
630 4659 673 4699 un
714 4658 873 4700 ouercam
908 4654 1086 4697 ruasuauu
1120 4636 1284 4697 tonsurus
1317 4634 1649 4697 Iussu-universis

408 4746 527 4808 Christi
551 4737 695 4805 fidelibus
717 4745 755 4804 ad
781 4763 860 4823 quos
891 4746 1055 4822 presentes
1086 4740 1190 4800 littere
1221 4739 1431 4818 pervenerint,
1458 4738 1568 4809 Adam,
1589 4744 1649 4801 eta

408 4851 569 4913 Noveritis
593 4870 652 4911 nos
673 4850 840 4910 tradidisse
860 4853 892 4909 et
927 4846 1121 4910 concessisse
1148 4845 1214 4905 Ade
1244 4844 1347 4905 Lucas
1382 4849 1414 4905 et
1445 4843 1584 4905 Roberto
1612 4844 1651 4907 d'e

409 4958 602 5037 Homptone,
622 4976 679 5035 pro
700 4976 740 5015 xx
753 4954 840 5015 libris
856 4953 1078 5032 sterlingorum
1100 4970 1178 5031 quas
1198 4944 1289 5011 nobis
1311 4949 1472 5010 solverunt
1493 4950 1649 5028 premuni-

407 5063 476 5134 bus,
498 5062 674 5123 custodiam
695 5065 849 5121 terrarum
869 5064 902 5120 et
923 5061 1177 5119 tenementorum
1197 5074 1258 5136 que
1285 5054 1306 5115 J
1307 5054 1448 5116 ohannes
1469 5054 1587 5133 .2styn
1609 5057 1647 5117 de
