3850 5917
392 696 450 757 364
756 696 935 776 chistrum
966 698 1031 759 Aa
1061 698 1098 759 dc
1128 698 1259 759 Orlcton.

392 920 570 983 Johannem
593 922 693 981 filium
715 921 840 982 Ricardi
869 923 908 982 de
937 922 1182 1002 Kynardeeleye,
1203 927 1336 1003 partem,
1365 927 1401 983 ut
1426 923 1630 1002 premittitur,

392 1026 591 1105 appellatam,
624 1028 707 1107 quod
739 1032 919 1106 compareat
951 1047 1057 1088 ceram
1080 1028 1172 1089 nobis
1195 1028 1244 1089 vel
1274 1033 1384 1089 nostro
1412 1028 1631 1090 commissario

391 1130 425 1190 in
446 1131 577 1193 ecclesia
598 1132 689 1194 beate
721 1132 822 1193 Marie
846 1132 885 1194 de
913 1130 1232 1203 Aldermaricherche,
1254 1133 1438 1205 Londoniis,
1460 1139 1549 1194 sexto
1579 1134 1631 1195 die

390 1235 522 1315 juridico
546 1242 619 1316 post
641 1236 848 1298 Nativitatem
870 1237 954 1298 beati
976 1237 1133 1299 Johannis
1154 1238 1300 1318 Baptista
1324 1239 1358 1298 in
1382 1240 1467 1299 dicta
1491 1238 1629 1319 appella-

391 1341 490 1401 cionis
525 1362 619 1403 causa
657 1362 870 1421 processurus,
910 1348 970 1403 etc.
1041 1344 1089 1403 De
1127 1344 1177 1404 die
1215 1363 1289 1406 vero
1327 1345 1529 1424 recepcionis,
1567 1349 1628 1405 etc.

391 1446 510 1505 Datum
546 1448 629 1526 apud
661 1448 818 1527 Yveneye,
853 1447 900 1527 iij⁰
931 1447 1009 1509 Idus
1043 1447 1141 1519 Junii,
1176 1469 1260 1511 anno
1295 1449 1424 1509 Domini
1460 1449 1628 1510 millesimo

391 1551 482 1613 000⁰
508 1552 658 1613 vicesimo
686 1557 785 1614 sexto.

391 1819 467 1897 Jaly
499 1820 634 1881 a-The
668 1819 786 1898 Bishop
819 1820 922 1881 writes
967 1823 1008 1896 [a
1043 1821 1093 1881 the
1130 1820 1260 1899 official]
1305 1822 1374 1881 thot
1412 1822 1553 1881 William
1586 1821 1625 1881 dc

515 1900 692 1978 Tbaaacpk,
724 1902 835 1961 Rectcr
865 1902 900 1979 of
927 1901 1167 1974 Miruterwortlr,
1199 1902 1227 1963 is
1259 1910 1312 1963 not
1342 1910 1371 1963 to
1403 1902 1436 1963 be
1462 1902 1625 1981 proccedcd

512 1980 636 2058 cpaiast
651 1982 705 2060 for
725 1981 961 2042 acra-resideres.

474 2161 619 2220 lamanai
648 2178 726 2230 oure
747 2179 811 2220 uon
836 2162 1399 2233 s1nueaocnssus.—Salutem,etc.
1456 2163 1538 2237 Quia
1555 2183 1629 2223 cum

391 2267 505 2327 dilecto
537 2266 569 2323 in
602 2264 729 2327 Christo
767 2266 831 2326 filio
863 2270 895 2326 et
937 2266 1039 2327 amico
1078 2271 1195 2337 nostro,
1233 2267 1361 2327 domino
1397 2267 1556 2328 Willelmo
1588 2268 1628 2329 de

321 2400 322 2403 ¹
390 2372 594 2450 Thunneyke,
623 2372 757 2453 Rectore
791 2372 921 2432 ecclesie
943 2372 982 2432 de
1004 2371 1262 2442 Munstreworth,
1288 2372 1402 2433 clerico
1426 2378 1458 2434 et
1482 2373 1628 2434 familiari

391 2478 573 2539 amicissimi
596 2478 704 2549 nostri,
726 2478 913 2539 venerabilis
934 2478 967 2537 in
990 2477 1116 2540 Christo
1140 2479 1249 2558 patris,
1275 2479 1393 2539 domini
1415 2480 1628 2541 Norwicensis

391 2584 551 2663 Episcopi,
574 2604 668 2663 super
696 2583 870 2644 residentia
891 2604 949 2645 sua
972 2584 1005 2642 in
1027 2584 1112 2644 dicta
1142 2585 1274 2645 ecclesia
1301 2584 1444 2647 iacienda
1471 2606 1510 2646 ex
1534 2607 1629 2647 causa

391 2689 572 2751 rationabili
598 2690 636 2749 ad
659 2696 784 2769 tempus
805 2690 951 2750 duximus
979 2690 1236 2769 dispensandum,
1258 2691 1406 2752 nolumus
1430 2692 1515 2770 quod
1539 2712 1626 2752 occa-

391 2796 480 2857 eione
501 2816 564 2856 non
589 2795 761 2856 residencie
784 2815 840 2855 sue
862 2795 1055 2874 inquietetur
1081 2796 1114 2854 in
1143 2796 1247 2876 aliquo
1270 2816 1325 2857 seu
1349 2802 1504 2875 gravetur,
1530 2798 1628 2857 immo

390 2902 500 2982 pocius
521 2901 604 2981 quod
625 2901 728 2961 eidem
749 2902 781 2959 in
803 2900 949 2961 absencia
971 2921 1028 2962 sua
1048 2906 1203 2982 quantum
1225 2922 1297 2962 cum
1320 2902 1389 2962 Deo
1409 2904 1554 2981 poteritis
1575 2923 1625 2964 ex·

391 3008 525 3068 hibeatie
546 3007 648 3085 gracie
671 3012 703 3068 et
727 3007 851 3068 favoris.
908 3008 983 3087 Ipse
1007 3008 1092 3068 enim
1117 3008 1277 3069 excusavit
1301 3029 1335 3069 se
1359 3010 1444 3088 quod
1470 3030 1508 3069 ex
1532 3011 1626 3071 certis

390 3115 494 3175 causis
515 3114 604 3174 vobis
626 3113 703 3174 alias
724 3114 822 3174 lacius
843 3115 1036 3193 exponendis
1057 3134 1159 3193 nuper
1185 3134 1242 3176 vos
1263 3118 1295 3175 et
1319 3120 1441 3176 ceteros
1464 3116 1627 3177 ministros

390 3225 526 3291 nostros,
547 3224 584 3278 ut
606 3218 702 3279 moris
723 3224 781 3289 eet,
802 3218 833 3276 in
855 3218 921 3279 suis
943 3219 1088 3280 domibus
1109 3239 1174 3280 non
1193 3219 1330 3291 admisit,
1352 3227 1482 3299 paratus
1501 3221 1625 3300 culpam

390 3330 423 3386 et
455 3344 574 3385 moram
597 3324 630 3383 in
662 3324 721 3383 hac
752 3330 841 3403 parte
869 3329 1047 3386 contractae
1072 3344 1145 3385 cum
1176 3324 1356 3386 obediencie
1376 3326 1627 3405 promptitudine

391 3438 423 3492 et
445 3430 663 3493 satisfaccione
683 3430 822 3510 plenarie
843 3431 977 3509 expiare.
1025 3431 1068 3490 Et
1089 3430 1116 3492 si
1137 3430 1213 3510 quid
1234 3430 1328 3491 fuerit
1349 3432 1524 3509 questionis
1547 3432 1628 3491 inter

391 3557 447 3599 vos
482 3544 514 3597 et
542 3556 614 3597 eum
639 3536 699 3595 hoc
721 3541 824 3596 totum
849 3541 956 3596 nostre
977 3536 1170 3597 ordinacioni
1191 3535 1372 3606 committit,
1393 3541 1426 3596 et
1457 3536 1512 3596 liet
1539 3536 1628 3597 vobis

391 3649 423 3704 et
452 3642 511 3703 sibi
542 3641 668 3721 justicie
696 3640 972 3720 complementum.
1035 3641 1073 3701 In
1113 3641 1250 3712 Christo,
1283 3646 1342 3701 etc.
1396 3642 1516 3701 Datum
1544 3642 1627 3722 apud

393 3747 652 3828 Schenyngielde,
673 3747 716 3806 ix⁰
736 3747 786 3807 die
808 3748 926 3808 mensis
950 3746 1037 3807 Julii.

392 4016 468 4075 Noc.
503 4012 678 4074 ili—lolia
713 4013 749 4073 dc
788 4013 953 4084 Wrotham,
997 4013 1046 4073 the
1089 4014 1196 4092 Pcpc’s
1232 4012 1456 4091 Ponticatiary,
1491 4013 1626 4074 absolves

513 4094 654 4155 Richord
676 4094 713 4155 dc
745 4094 908 4165 Stcantcn,
940 4093 1007 4154 who
1036 4094 1099 4154 aad
1128 4094 1222 4154 lcillcd
1251 4095 1359 4172 Heary
1387 4094 1414 4154 lc
1441 4094 1566 4172 Deyere,
1594 4095 1631 4172 os

513 4175 702 4252 Pcmbra'dpc,
730 4195 751 4234 c
771 4174 878 4253 priest.

474 4354 656 4415 Oouuissm
670 4373 712 4413 sn
728 4372 967 4414 nasouvaunuu
981 4372 1192 4416 ocomnu‘rnu
1206 4355 1626 4416 pessumarum-Venera-

391 4459 445 4521 bili
475 4459 508 4518 in
538 4459 664 4519 Christo
695 4460 787 4537 patri,
817 4460 877 4520 Dei
908 4459 1013 4540 gracia
1041 4460 1200 4539 Episcopo
1230 4460 1464 4531 Hereiordensi,
1488 4460 1537 4521 vel
1557 4461 1627 4540 ejus

391 4566 506 4627 vicario
528 4564 560 4623 in
583 4564 806 4644 spiritualibus,
828 4565 924 4626 irater
944 4566 1107 4626 Johannes
1135 4568 1174 4626 de
1195 4563 1371 4636 Wrotham,
1393 4566 1512 4626 domini
1540 4567 1627 4645 Papo

391 4671 643 4752 penitenciarius,
665 4670 799 4731 salutem
821 4670 854 4729 in
876 4671 1023 4731 Domino.
1059 4671 1229 4731 Ricardum
1251 4670 1289 4731 de
1311 4669 1496 4741 Stauntcne,
1511 4672 1625 4731 laicum

392 4781 495 4837 vestre
530 4776 671 4847 diocesis,
707 4776 839 4836 latorem
866 4776 1074 4856 presencium,
1102 4776 1156 4856 qui
1190 4775 1265 4836 olim
1296 4776 1468 4856 instigante
1503 4777 1628 4838 diabolo

393 4882 567 4943 Hearicum
603 4881 633 4942 le
658 4883 780 4961 Deyere
811 4883 850 4943 de
877 4882 1089 4961 Penebrngge,
1122 4882 1331 4961 presbiterum
1366 4882 1448 4943 dicte
1483 4883 1627 4953 diocesis,

392 4988 557 5059 interiecit,
575 4987 613 5047 ab
632 4988 958 5049 excommunicacione
977 5008 1072 5068 quam
1091 4993 1219 5068 propter
1237 4988 1297 5047 hoc
1315 4986 1447 5047 incurrit
1465 4994 1498 5048 et
1516 4989 1626 5069 hujus-

390 5094 474 5155 modi
502 5092 665 5154 homicidii
683 5099 772 5154 reatu
794 5094 832 5154 ad
856 5112 921 5166 vos,
948 5094 1135 5155 auctoritate
1159 5093 1279 5153 domini
1304 5093 1399 5173 Papa,
1423 5094 1625 5168 remittimus,
