3850 5917
683 703 836 784 Episcopi
862 703 1107 784 Heresordereer's.
1457 707 1516 767 145

122 969 171 1008 an.
185 971 239 1013 rm.
281 952 344 1013 Oct.
368 953 568 1014 6.-Licerroe
591 953 693 1015 totle
719 953 812 1014 Vicor
831 955 867 1033 of
887 954 1074 1033 Torrirptore
1097 955 1164 1015 thot
1187 955 1222 1016 te
1241 977 1313 1034 orep
1333 956 1446 1018 receive
1467 957 1517 1017 tho

138 1281 181 1322 Ful.
193 1280 240 1322 reb.

397 1034 524 1113 portion
550 1035 587 1114 of
611 1035 660 1095 the
684 1034 778 1094 Prior
804 1036 840 1114 of
864 1035 1046 1096 Monmoctb
1073 1035 1109 1095 r're
1137 1037 1204 1098 thot
1233 1037 1357 1116 benefice
1377 1039 1432 1117 for
1454 1037 1518 1116 fiee

396 1135 496 1193 years.
1475 1171 1478 1179 i

362 1273 524 1333 L1onnc1a
558 1290 719 1333 concessa
754 1290 885 1332 mcnmo
915 1291 960 1334 mc
989 1274 1185 1334 Terunrona
1216 1293 1258 1335 an
1287 1293 1517 1337 seormnnnuu

281 1397 430 1439 mucuns
465 1396 615 1438 mosomi
649 1395 807 1438 coensem
847 1396 890 1438 an
925 1379 1215 1452 emnem—Adam,
1244 1387 1314 1453 etc,
1342 1382 1456 1443 dilecto
1484 1384 1516 1442 in

277 1483 405 1546 Christo
427 1485 501 1555 filio,
523 1485 652 1545 domino
670 1485 814 1556 Ricardo,
835 1491 990 1565 perpetuo
1011 1487 1127 1547 vicario
1148 1487 1187 1548 de
1208 1488 1387 1566 Tetyntone
1408 1495 1517 1550 nostre

278 1592 422 1661 diocesis,
451 1591 595 1662 salutem,
620 1596 680 1651 eto.
733 1592 780 1652 Ut
799 1592 982 1671 porcionem
1010 1593 1128 1654 Peioris
1156 1593 1365 1654 Monemuthe
1392 1595 1430 1655 de
1458 1595 1515 1655 Ta·

277 1704 411 1778 tyntone
445 1717 502 1776 per
535 1696 787 1776 quinquennium
821 1717 840 1757 a
874 1697 948 1756 data
983 1698 1095 1758 harum
1126 1699 1302 1759 litterarum
1336 1705 1516 1760 nostrorum

277 1803 428 1865 continue
455 1803 687 1863 numerandum
714 1802 800 1863 licite
827 1804 931 1881 poesis
956 1804 996 1864 ad
1020 1804 1144 1865 firmam
1165 1805 1304 1885 recipere
1326 1807 1382 1867 tibi
1407 1812 1517 1870 tenore

280 1909 482 1989 presencium
511 1908 675 1968 licenciam
711 1908 913 1969 concedimus
940 1909 1119 1987 specialem.
1174 1909 1214 1969 In
1249 1910 1340 1989 cujus
1370 1911 1424 1982 rei,
1455 1917 1515 1972 etc.

276 2017 398 2077 Datum
438 2015 523 2095 apud
556 2015 731 2095 Bosebnry,
766 2015 811 2094 vj⁰
845 2015 895 2076 die
929 2016 1049 2077 mensis
1084 2016 1239 2088 Octobris,
1275 2037 1359 2077 anno
1387 2018 1517 2079 Domini

271 2122 473 2193 M⁰GCC⁰xx⁰‚
495 2128 555 2183 etc.

279 2365 344 2426 Oct.
371 2365 507 2425 6.-The
534 2364 654 2444 Bishop
681 2364 890 2425 coenosissimo
921 2365 1051 2426 Thomas
1079 2366 1116 2426 de
1143 2366 1296 2438 Ghoedos,
1321 2367 1519 2428 Arohdoocorr

400 2446 436 2525 os
464 2446 625 2525 Herejord,
654 2445 796 2506 Richord
824 2447 861 2507 de
892 2446 1018 2516 Vernos,
1049 2446 1097 2508 the
1128 2447 1255 2525 Officiol,
1284 2449 1348 2508 ond
1375 2448 1517 2508 Richord

278 2578 281 2581 .
394 2527 432 2586 dr
453 2526 629 2598 Siderrholo,
653 2526 1004 2605 Commissum-pererret,
1028 2534 1056 2588 to
1079 2535 1127 2606 try
1150 2529 1198 2588 tte
1222 2528 1326 2589 action
1346 2530 1381 2608 os
1405 2530 1516 2608 Philip

396 2608 433 2668 dc
463 2608 494 2668 lo
528 2607 660 2668 Macedo
691 2607 815 2686 operest
848 2607 992 2668 Riotord
1026 2607 1063 2668 de
1097 2609 1225 2687 Herclep,
1254 2609 1434 2688 concerninp
1467 2610 1516 2670 tho

396 2688 521 2767 berrefice
548 2689 584 2768 os
607 2689 706 2748 Actori
734 2688 828 2748 Soott.

358 2837 542 2898 Conursmo
556 2853 682 2895 conran
696 2835 880 2894 Reoronnn
901 2853 1060 2896 accusem
1082 2855 1126 2898 ns
1142 2838 1252 2897 Acron
1269 2838 1515 2911 soom—Adam,

277 2947 349 3013 etc,
380 2942 525 3003 discretis
556 2941 631 3002 viris
652 2940 787 3021 filiisque
822 2941 855 3000 in
887 2941 1014 3003 Christo
1049 2942 1181 3014 dilectis,
1215 2945 1374 3024 magistris
1395 2946 1516 3008 Thome

273 3047 313 3109 de
342 3048 524 3119 Chaundos,
546 3046 775 3107 Archidiecono
805 3053 913 3108 nostre
941 3047 1072 3108 ecclesie
1100 3049 1351 3122 Herelordensis,
1380 3051 1516 3113 Ricardo

270 3157 311 3216 de
335 3155 497 3224 Vernoun,
523 3153 675 3214 canonico
704 3152 929 3214 Herefordensi
954 3158 987 3214 et
1015 3153 1148 3214 Offioieli
1172 3161 1290 3227 nostr0,
1315 3157 1450 3218 Ricardo
1475 3158 1514 3220 de

274 3259 457 3340 Sydenhale
484 3259 517 3317 in
538 3258 639 3318 nostri
660 3257 802 3318 officialis
826 3257 973 3318 absencia
994 3259 1210 3321 commissario
1231 3266 1340 3322 nostro
1366 3264 1513 3342 generali,

274 3367 412 3428 salntem
437 3366 470 3424 in
498 3364 641 3425 omnium
671 3364 841 3425 Salvatore.
892 3365 931 3424 In
962 3385 1057 3426 causa
1078 3365 1298 3428 destitucionis
1328 3373 1360 3428 et
1387 3368 1478 3429 instit
1503 3405 1513 3415 -

275 3465 377 3535 cionis
396 3492 458 3552 que
481 3491 586 3532 eorem
609 3470 701 3532 nobis
722 3491 778 3531 seu
802 3475 912 3531 nostro
929 3471 1046 3532 vicario
1067 3473 1201 3532 vertitur
1224 3473 1307 3534 inter
1331 3473 1513 3554 Philippum

272 3580 313 3640 de
338 3579 370 3639 la
400 3578 540 3638 Munede
569 3577 609 3637 ad
638 3576 802 3637 ecclesiam
832 3577 871 3637 de
901 3575 1002 3637 Acton
1034 3577 1132 3638 Schot
1156 3583 1264 3639 nostre
1284 3579 1417 3640 diocesis
1444 3597 1516 3660 pre

271 3690 444 3755 scutetum,
484 3689 622 3744 actorem
664 3702 702 3743 ex
736 3687 826 3762 perte
859 3703 933 3753 unc,
969 3687 1001 3744 et
1038 3682 1208 3743 Ricardum
1247 3684 1286 3745 de
1328 3686 1513 3765 Henneleye

273 3789 468 3871 possessioni
486 3789 569 3863 dicte
590 3788 721 3866 ecclesie
742 3787 986 3860 incumbentem,
1015 3809 1104 3850 reum
1127 3810 1164 3850 ex
1185 3790 1292 3861 altera,
1318 3791 1511 3870 conjunctim

275 3903 311 3958 et
343 3895 471 3957 divisim
499 3895 584 3957 vices
615 3899 741 3955 nostras
770 3894 999 3956 committimus
1030 3915 1102 3955 cum
1135 3897 1284 3956 canonice
1312 3896 1513 3958 coercicionis

270 3995 440 4083 potestate,
462 4002 562 4061 donec
583 4021 636 4061 eas
658 4000 838 4061 duxerimus
866 4002 1066 4062 revocandas.
1118 4003 1237 4062 Datum
1266 4003 1350 4082 opud
1373 4003 1512 4084 Sugwas,

268 4109 315 4188 vj⁰
335 4109 387 4168 die
408 4106 564 4176 Octobris,
586 4125 670 4166 anno
697 4106 847 4184 predicto.

276 4351 341 4412 Oct.
365 4349 522 4409 13.-rh0
546 4347 665 4428 Bislop
687 4347 835 4408 instructu
859 4348 908 4408 the
935 4348 1055 4427 Officiol
1080 4355 1108 4409 to
1132 4349 1244 4410 relcose
1270 4349 1319 4410 tlte
1342 4358 1509 4428 seqraestro-

309 4480 312 4483 .
396 4429 522 4509 tiones
543 4430 592 4489 the
619 4429 743 4489 Choreb
766 4430 801 4508 os
821 4428 968 4507 Kinpton.

351 4587 543 4647 anxamo
575 4603 761 4656 ssouasrm
802 4603 1009 4646 mrnmosrm
1051 4605 1085 4646 m
1126 4583 1309 4650 Panormus
1350 4606 1509 4649 nocensne

271 4711 316 4752 na
348 4691 695 4763 timorosa—Adam,
726 4697 786 4752 eto.
818 4691 933 4752 dilecto
962 4692 995 4750 in
1025 4691 1152 4753 Christo
1179 4692 1253 4763 filio,
1282 4693 1414 4754 Officicli
1442 4714 1508 4766 suo,

273 4797 420 4869 salutem,
455 4802 514 4858 etc.
571 4797 653 4872 Quia
687 4802 895 4877 sequestrum,
930 4797 1014 4876 quod
1052 4798 1084 4856 in
1120 4797 1273 4858 fructibus
1307 4799 1436 4860 ecclesie
1471 4800 1511 4861 de

275 4903 448 4983 Kyngtone
481 4908 590 4964 nostre
624 4903 757 4964 diocesis
788 4923 826 4963 ex
858 4903 952 4964 certis
987 4904 1091 4964 osusis
1124 4903 1344 4964 mendavimus
1378 4904 1507 4983 imponi,

272 5009 420 5073 duximus
440 5008 661 5080 relaxandum,
674 5008 972 5070 vobismandamus
994 5010 1152 5090 :quatinus
1181 5010 1258 5070 illud
1292 5031 1349 5089 pro
1369 5011 1507 5072 relaxato

274 5113 438 5185 habentes,
460 5113 628 5174 Rectorem
659 5114 801 5193 ejusdem
833 5120 865 5176 et
896 5135 971 5177 suos
1002 5115 1164 5177 ministros
1192 5116 1231 5176 de
1253 5115 1406 5176 fructibus
1430 5117 1508 5196 ipsis
