3850 5917
399 696 439 755 94
775 693 956 772 Repletrurn
982 693 1048 754 Adc
1075 693 1112 755 dc
1142 694 1266 755 Orlcton

226 926 284 966 ¹⁴·ss-
302 927 356 965 uis.
399 921 432 980 in
475 920 571 981 choro
610 921 799 1000 assignando
830 920 942 991 eidem,
977 926 1012 980 et
1049 941 1157 980 curam
1198 927 1231 981 et
1258 921 1568 982 administracionem
1607 923 1640 982 in

400 1024 616 1103 spiritualibus
645 1025 721 1085 dicti
749 1025 907 1104 prioratus
922 1025 960 1096 ei,
990 1030 1026 1085 ut
1048 1025 1162 1096 decuit,
1191 1025 1428 1087 committendo.
1471 1026 1551 1086 Acta
1565 1031 1642 1086 sunt

400 1130 506 1191 hocin
526 1131 667 1210 prioratu
687 1131 837 1210 predicto,
859 1141 891 1192 v⁰
912 1131 962 1192 dis
982 1131 1134 1201 Januarii,
1150 1152 1234 1192 anno
1253 1132 1383 1192 Domini
1400 1131 1640 1212 Mrcocuviffl

399 1235 599 1314 presentibus
634 1236 762 1296 domino
797 1235 945 1315 Philippo
980 1255 1022 1314 ap
1057 1235 1180 1307 Howel,
1216 1237 1444 1298 Archidiacono
1476 1237 1640 1308 Breconie,

400 1343 552 1422 magistro
573 1343 646 1414 Res,
675 1342 771 1404 fratre
798 1362 866 1414 suc,
895 1343 933 1402 R.
962 1343 1002 1404 de
1029 1343 1170 1414 Vernun,
1198 1344 1324 1404 officiali
1351 1344 1587 1414 Herefordensi,
1609 1349 1641 1404 et

401 1469 460 1520 me,
490 1450 538 1521 R,
563 1455 623 1511 etc.

404 1705 478 1764 Jaa.
504 1704 638 1764 e-Tlc
666 1704 785 1783 Bisliop
812 1724 937 1782 euprepes
965 1704 1032 1764 tlvul
1058 1705 1108 1765 the
1131 1705 1342 1796 appointuwut
1362 1707 1398 1785 ⁰s
1423 1706 1472 1766 tlte
1496 1707 1646 1789 Priores

513 1785 695 1863 ¹Worraslrp
718 1785 755 1862 hp
778 1785 905 1864 himself
916 1787 972 1864 sor
991 1785 1053 1846 this
1070 1791 1143 1846 turn
1163 1806 1191 1846 rs
1211 1786 1342 1846 without
1359 1787 1520 1866 prejudice
1541 1794 1571 1848 to
1593 1789 1643 1850 llic

524 1866 609 1944 riphe
623 1867 658 1945 ο]
675 1865 802 1926 electiori
823 1865 860 1942 by
883 1866 932 1926 the
955 1866 1090 1927 Gonvcnt
1110 1867 1146 1926 in
1159 1868 1270 1946 future
1289 1868 1458 1928 cucurum.

484 2022 632 2081 errsas
655 2040 716 2082 rao
738 2023 863 2082 Parcas
885 2023 1257 2084 enumero—Omnibus
1282 2022 1400 2084 Christi
1428 2025 1573 2086 fidelibus
1602 2027 1641 2086 ed

400 2148 481 2207 quos
502 2133 664 2208 presentes
685 2129 788 2190 littere
805 2129 1015 2207 pervenerint,
1031 2129 1142 2199 Adam,
1157 2136 1216 2190 ete.
1259 2129 1339 2190 Cum
1355 2149 1411 2208 per
1429 2131 1642 2210 provisionem

400 2253 457 2313 per
488 2254 547 2294 nos
572 2234 688 2294 factam
713 2234 905 2294 monasterio
933 2233 1018 2294 beati
1046 2234 1157 2294 iacobi
1189 2235 1228 2294 de
1256 2234 1464 2314 Wiggemore,
1496 2256 1554 2315 per
1575 2257 1641 2298 ces-

401 2339 522 2400 sionem
548 2359 605 2401 seu
632 2339 880 2418 resignscionem
908 2339 1015 2399 fratris
1044 2340 1182 2419 Philippi
1210 2360 1312 2419 nuper
1339 2341 1471 2402 Abbatis
1498 2343 1640 2420 ejusdem

400 2447 535 2516 vacanti,
557 2447 596 2506 de
623 2446 720 2506 fratre
748 2447 777 2506 J.
806 2447 845 2506 de
873 2444 1058 2524 Olehangre,
1084 2445 1203 2505 dudum
1232 2446 1340 2506 Priore
1364 2447 1403 2506 de
1432 2447 1642 2527 Wormeleye,

401 2553 485 2612 idem
509 2552 666 2632 prioratus
691 2556 826 2622 vacaret,
856 2551 971 2612 collate
998 2551 1089 2612 nobis
1110 2553 1303 2612 unanimiter
1331 2558 1489 2632 potestate
1517 2574 1536 2613 a
1562 2554 1640 2634 Sup-

399 2658 503 2737 priore
531 2662 563 2717 et
592 2657 758 2718 Conventa
785 2656 899 2716 domus
933 2655 1075 2735 ejusdem
1104 2657 1206 2717 eidem
1238 2657 1390 2736 prioratui
1427 2659 1465 2718 de
1502 2680 1566 2720 uno
1602 2661 1641 2720 de

402 2764 503 2824 tribus
531 2763 700 2832 canonicis,
731 2761 933 2841 presbyteris,
955 2766 988 2821 et
1010 2760 1160 2840 protessis
1183 2761 1243 2822 loci
1276 2763 1428 2841 ejusdem,
1453 2769 1529 2824 tunc
1550 2765 1642 2827 nobis

399 2891 457 2950 per
487 2871 573 2950 ipsos
602 2869 784 2938 nominatis,
813 2888 850 2928 ee
877 2866 946 2928 vice
988 2887 1125 2946 congrue
1154 2869 1348 2947 providendi,
1383 2889 1451 2940 nos,
1483 2876 1642 2950 potestate

401 2975 583 3057 hujusmodi
599 2974 691 3035 nobis
705 2975 738 3033 in
758 2974 817 3033 hac
839 2977 929 3052 parte
948 2992 1099 3033 concessa
1122 2974 1168 3032 uti
1190 2973 1342 3044 volentes,
1365 2975 1467 3035 eidem
1489 2976 1641 3054 prioratui

400 3085 440 3145 de
461 3083 557 3144 tratre
577 3083 597 3143 J
608 3082 756 3161 [ohanne]
781 3080 972 3159 Kynelorde,
992 3080 1060 3141 viro
1081 3079 1114 3138 in
1131 3080 1347 3160 spiritualibus
1366 3087 1398 3141 et
1415 3082 1642 3160 temporalibus

400 3192 511 3271 ntique
532 3189 770 3268 circumspecto,
798 3187 1004 3267 providimus,
1029 3192 1062 3246 et
1090 3187 1194 3266 ipsum
1220 3186 1372 3266 elegimus
1399 3194 1431 3248 et
1452 3190 1642 3268 prefecimus

400 3299 433 3357 in
451 3297 601 3366 Priorem,
623 3299 837 3374 protestantes
858 3294 942 3372 quod
963 3312 1001 3353 ex
1023 3292 1205 3372 hujusmodi
1228 3299 1336 3354 nostra
1355 3295 1534 3373 provisione
1557 3297 1642 3357 dicto

399 3402 553 3483 prioratui
584 3400 732 3462 nolumus
774 3399 901 3478 aliquod
922 3399 955 3458 in
984 3398 1126 3457 futurum
1161 3398 1369 3478 prejudicium
1394 3401 1536 3480 generari
1564 3403 1642 3481 quin

399 3529 457 3589 per
477 3509 667 3570 eleccionem
689 3507 738 3567 vel
759 3506 821 3566 alio
841 3505 935 3565 modo
952 3505 1093 3584 legitimo
1115 3504 1147 3563 in
1168 3505 1299 3583 singulis
1318 3506 1548 3577 messionibus,
1568 3528 1641 3568 cum

400 3615 599 3696 contigerint,
622 3614 681 3675 sibi
702 3613 829 3674 valeant
850 3612 888 3672 de
910 3610 1018 3670 Priore
1040 3610 1164 3688 ydoneo
1191 3611 1363 3689 providere.
1405 3611 1445 3670 In
1474 3612 1564 3691 cujus
1585 3614 1640 3684 rei,

382 3727 459 3783 eto.
503 3721 621 3781 Datum
644 3719 727 3799 apud
744 3719 884 3797 Sugwas,
899 3717 968 3795 viij⁰
988 3716 1066 3776 Idus
1084 3715 1236 3785 Januarii,
1251 3735 1335 3776 anno
1357 3717 1485 3776 Domini
1501 3718 1643 3780 M⁰coc⁰

400 3827 523 3888 decimo
545 3831 665 3894 octav0,
689 3829 749 3886 etc.

400 4081 507 4141 Lettcr
527 4081 562 4158 os
583 4079 632 4140 tlw
646 4078 765 4157 Bisliop
786 4078 822 4156 of
842 4076 995 4155 Hereford
1016 4084 1045 4137 to
1069 4076 1117 4136 tlte
1138 4075 1257 4154 Bishop
1278 4076 1314 4156 cs
1334 4076 1507 4148 Worcester,
1529 4078 1642 4158 crkinp

525 4161 590 4220 tim
612 4167 640 4220 to
662 4158 776 4238 oompel
798 4158 846 4218 tlte
867 4157 965 4218 Abbot
984 4157 1020 4235 of
1037 4158 1083 4216 St.
1099 4156 1305 4234 Auprlstinc’s,
1327 4157 1455 4228 Bristol,
1478 4165 1507 4218 to
1527 4160 1642 4221 receive

526 4241 609 4301 John
633 4240 701 4300 Ace.
752 4240 778 4299 A
805 4239 930 4300 similar
949 4237 1036 4298 letter
1056 4257 1119 4297 was
1139 4244 1205 4297 scat
1230 4244 1260 4296 to
1285 4236 1334 4296 tte
1358 4237 1477 4317 Bishop
1501 4240 1536 4318 os
1555 4241 1642 4301 Bait

524 4321 588 4382 aad
606 4321 697 4381 Wslls
719 4319 899 4397 corwcraiuq
922 4319 972 4379 tlte
993 4317 1147 4398 receptisa
1170 4319 1204 4397 os
1223 4317 1354 4378 Thomas
1376 4318 1516 4379 Piclrurd
1530 4320 1569 4398 by
1591 4321 1641 4382 thc

524 4402 622 4463 Absor
649 4403 684 4481 os
709 4401 894 4479 Kcynsltum.

483 4561 629 4620 er'rsss
658 4576 801 4618 umacus
829 4557 994 4616 Errscoso
1023 4555 1257 4615 Wreoaursrvsr
1286 4571 1319 4613 nr
1353 4557 1641 4637 arsurum—Epi·

401 4687 498 4746 scopo
519 4665 731 4744 Wigorniensi
755 4663 934 4742 Episcopus
963 4659 1215 4728 Herefordensis,
1250 4664 1309 4719 etc.
1366 4659 1446 4720 Cum
1475 4680 1576 4740 nuper
1603 4683 1641 4724 ex

400 4773 494 4836 officii
523 4772 624 4833 nostri
655 4771 762 4832 debito
793 4768 1019 4829 monasterium
1056 4767 1095 4827 de
1133 4766 1330 4844 Wiggemore
1364 4771 1472 4827 nostre
1506 4767 1643 4831 diocesis

400 4879 634 4941 visitaverimus
671 4877 704 4936 in
739 4876 842 4954 capite
876 4879 909 4935 et
940 4873 974 4931 in
1009 4871 1168 4941 membris,
1201 4869 1475 4950 invenerimusque
1510 4871 1640 4935 fratrem

400 4987 581 5047 «iohannem
611 4983 683 5054 Ace,
712 4983 900 5044 canonicum
928 4979 1112 5059 regularem,
1140 4977 1368 5057 presbyterum,
1397 4981 1430 5038 et
1462 4979 1640 5056 professum

402 5091 478 5152 dicti
507 5089 701 5160 monasterii,
725 5087 924 5169 presencium
952 5085 1147 5164 portitorem,
1170 5082 1271 5142 multa
1298 5087 1409 5142 contra
1435 5084 1643 5163 professionis
