3850 5917
694 696 846 778 Episcopi
872 697 1116 778 Heresordeasis.
1466 701 1526 761 155

127 927 172 966 ΑΒ·
186 927 240 968 ¹³²⁰·
283 922 375 984 nobis
402 924 534 1004 negocio
554 925 770 1004 procedentes,
792 923 923 986 fratrem
950 923 1122 986 Ricardum
1150 926 1189 986 de
1210 925 1390 986 Bromwico
1418 945 1525 986 mona·

285 1029 382 1090 chum
427 1035 570 1090 vestrum
612 1036 742 1110 propter
782 1031 883 1110 ipsius
929 1036 1007 1092 nota
1047 1030 1214 1111 probitatis
1257 1033 1370 1092 merita
1416 1033 1527 1093 eadem

287 1135 476 1196 anctoritate
510 1135 627 1197 ibidem
662 1135 853 1216 prefecimus
887 1136 920 1195 in
955 1137 1107 1208 Priorem,
1136 1138 1176 1197 ad
1207 1138 1267 1198 Dei
1296 1138 1458 1210 bonorem,
1494 1143 1527 1200 et

284 1239 446 1320 religionis
478 1247 694 1322 augmentum,
736 1248 770 1304 et
807 1242 943 1304 salutem
980 1243 1119 1304 fidelium
1162 1245 1348 1316 animarum,
1388 1251 1526 1306 vestram

285 1347 462 1407 amiciciam
501 1347 633 1408 attentis
670 1348 817 1429 precibus
855 1353 1021 1410 exorantes
1057 1353 1094 1409 ut
1132 1349 1234 1410 eidem
1267 1349 1357 1411 fratri
1391 1351 1527 1412 Ricardo

286 1452 459 1532 provisioni
488 1473 545 1514 seu
568 1453 758 1533 prefeccioni
783 1454 965 1534 hujusmodi
987 1455 1209 1516 consenciendi
1230 1460 1263 1516 et
1284 1456 1325 1516 ed
1351 1457 1527 1536 prioratum

284 1559 463 1637 predictum
502 1560 687 1620 transeundi
729 1559 860 1621 liberam
899 1560 1072 1640 dignemini
1118 1561 1289 1622 concedere
1332 1561 1526 1622 facultatem.

289 1665 380 1739 Quod
418 1666 529 1746 utiquc
563 1665 743 1746 irrequisito
781 1672 941 1728 conventu
978 1671 1084 1728 vestro
1126 1666 1212 1727 licite
1252 1666 1355 1728 iacere
1392 1667 1528 1747 potestis

285 1772 461 1832 secundum
489 1770 658 1832 canonicas
685 1771 879 1843 sancciones,
908 1777 945 1831 ut
970 1771 1135 1852 negocium
1163 1771 1353 1851 provisionis
1374 1791 1430 1833 seu
1457 1792 1526 1851 pre-

287 1875 438 1938 feccionis
462 1877 645 1956 hujusmodi
673 1877 806 1938 celerius
833 1882 866 1938 et
894 1876 1018 1938 facilius
1041 1876 1322 1957 valear‘expediri.
1375 1877 1415 1937 In
1440 1877 1527 1937 omni

285 1982 497 2061 prosperitate
515 2001 572 2043 vos
591 1987 757 2043 conservet
776 1981 958 2043 Altissimus
979 2002 1036 2062 per
1056 1988 1200 2062 tempora
1213 1982 1363 2062 longiora.
1407 1984 1527 2044 Datum

288 2088 372 2166 apud
394 2088 590 2168 Bergeveny,
611 2088 708 2168 xxvij⁰
728 2087 779 2148 die
801 2087 1005 2167 Septembris,
1031 2109 1115 2150 anno
1135 2095 1171 2149 ut
1193 2109 1296 2169 supra.

283 2317 435 2378 Mandata
456 2325 485 2378 to
508 2319 557 2378 the
578 2318 675 2378 Abbot
689 2319 725 2398 os
741 2318 823 2379 Dore
845 2325 874 2379 to
889 2317 998 2379 inderet
1019 2318 1162 2380 Richard
1180 2319 1217 2380 de
1238 2319 1414 2380 Bromwicb
1433 2321 1528 2382 Prior

404 2399 441 2478 os
464 2398 691 2477 Aberpavermy.

364 2544 691 2616 laeuone—Adam,
727 2550 797 2616 etc,
835 2545 1007 2611 venerabili
1033 2546 1117 2625 patri
1159 2546 1192 2605 in
1228 2546 1355 2609 Christo
1397 2547 1527 2608 domino

285 2642 472 2721 R[icardo],
494 2643 554 2702 Dei
575 2643 680 2722 gracia
704 2641 819 2702 Abbati
839 2643 878 2704 de
910 2643 1004 2714 Dore,
1027 2649 1135 2704 nostre
1156 2643 1300 2716 diocesis,
1329 2644 1463 2706 salutem
1492 2645 1526 2728 in

282 2740 423 2800 Domino
444 2741 679 2819 sempiternam.
722 2739 900 2800 Commissa
919 2740 1011 2801 nobis
1025 2761 1127 2820 nuper
1145 2742 1333 2802 auctoritate
1354 2742 1528 2822 apostolica

285 2838 483 2899 correccione
514 2842 546 2898 et
566 2837 793 2898 reformacione
823 2837 982 2917 prioratus
1008 2843 1117 2899 sancte
1140 2838 1241 2899 Maris
1269 2839 1308 2899 de
1330 2839 1524 2919 Bergeveny,

286 3032 496 3094 sufficientem
517 3052 685 3092 numerum
704 3032 932 3093 monachorum
956 3037 988 3093 et
1013 3033 1154 3093 Priorem
1177 3033 1285 3113 quiin
1310 3033 1526 3113 spiritualibus

288 3136 321 3191 et
351 3129 579 3209 temporalibus
606 3129 653 3191 eis
680 3129 789 3208 presit,
817 3149 886 3200 nos,
916 3149 973 3208 per
1008 3129 1249 3210 inquisicionem
1278 3150 1372 3210 quam
1401 3131 1433 3190 in
1465 3132 1526 3192 hac

288 3233 379 3307 parte
406 3227 540 3288 fecimus
571 3227 762 3306 diligentem,
797 3226 996 3288 invenientes
1026 3227 1199 3288 Fulconem
1228 3228 1373 3299 (lastard,
1402 3229 1456 3308 qui
1491 3249 1525 3290 se

283 3327 382 3404 gessit
402 3344 461 3405 pro
481 3324 591 3386 Priore
618 3324 694 3384 dicti
714 3325 784 3395 loci,
805 3329 934 3404 propter
962 3304 1103 3385 snorniia
1127 3330 1160 3385 et
1181 3325 1306 3385 notoria
1334 3345 1391 3386 sua
1418 3327 1524 3386 incon·

285 3423 423 3484 tincncie
444 3422 527 3483 vicia
548 3442 612 3481 non
633 3441 727 3501 posse
743 3421 861 3501 absque
880 3421 965 3500 gravi
987 3421 1135 3482 scandalo
1149 3427 1182 3483 et
1203 3422 1335 3482 aliorum
1349 3423 1526 3502 pernicioso

286 3523 430 3601 exemplo
454 3519 532 3580 inibi
556 3519 675 3580 diutius
700 3518 836 3589 tolerari,
862 3518 956 3580 sicuti
980 3539 1039 3579 nsc
1064 3519 1178 3590 deberi,
1204 3522 1308 3599 ipsum
1330 3520 1525 3582 decrevimus

285 3618 543 3688 ammovendum,
562 3622 598 3678 et
627 3616 809 3695 religiosum
840 3616 952 3687 virum,
982 3615 1110 3677 tratrem
1140 3616 1310 3676 Ricardum
1343 3617 1382 3677 de
1413 3611 1523 3679 Brom-

284 3717 395 3788 wiche,
418 3715 608 3775 monachum
629 3713 747 3775 ordinis
762 3713 864 3774 sancti
881 3713 1057 3784 Benedicti,
1077 3733 1164 3774 sacre
1184 3713 1340 3794 theologie
1354 3715 1523 3787 doctorem,

285 3814 402 3875 ibidem
434 3812 629 3893 prefecimus.
661 3811 695 3870 in
719 3811 870 3882 Priorem,
903 3814 936 3871 ct
967 3809 1072 3889 ipsum
1112 3809 1308 3871 instituimus
1336 3812 1524 3873 auctoritate

284 3910 435 3992 predicta.
489 3909 642 3984 Quocirca
679 3907 769 3969 robis
800 3912 909 3968 tenore
936 3907 1135 3987 presencium
1171 3907 1303 3968 firmiter
1331 3907 1524 3987 injungendo

195 4015 198 4019 ’
287 4008 518 4070 committimus
556 4011 588 4077 et
626 4007 814 4066 mandamus
842 4005 992 4084 quatinus
1028 4005 1146 4064 dictum
1179 4005 1309 4065 fratrem
1336 4006 1373 4064 R.
1403 4005 1436 4064 in
1457 4027 1522 4066 cor-

287 4107 427 4187 poralem
455 4105 688 4184 possessionem
716 4103 793 4163 dicti
820 4103 978 4183 prioratus
1001 4121 1038 4161 ac
1057 4101 1176 4181 jurium
1203 4107 1235 4163 st
1258 4102 1529 4192 pertinenciarum

289 4205 432 4285 ejusdem
467 4201 656 4262 auctoritate
683 4206 792 4261 nostra
830 4199 928 4260 immo
957 4199 1062 4260 verius
1097 4200 1269 4279 apostolica
1297 4199 1463 4271 inducatis,
1492 4206 1525 4262 et

285 4303 462 4372 inductum,
480 4301 507 4360 si
524 4319 653 4360 necesse
667 4298 770 4369 fuerit,
788 4317 846 4377 per
862 4316 1082 4377 quamcunque
1099 4316 1264 4357 censuram
1279 4297 1524 4359 ecclesiasticam

286 4397 472 4462 defendatis.
514 4397 635 4457 Datum
663 4395 747 4475 apud
773 4395 912 4474 Sugwas.

289 4617 367 4678 Noc.
390 4615 525 4676 9.—Tte
545 4612 665 4693 Bishap
678 4614 714 4692 os
731 4612 883 4691 Hereserd
903 4610 1113 4672 commissione
1135 4611 1183 4672 the
1204 4610 1323 4690 Bishop
1339 4612 1375 4691 cs
1391 4611 1526 4673 Liccalre

411 4703 440 4756 to
462 4702 514 4756 act
528 4695 583 4774 jor
606 4694 672 4753 tim
693 4693 729 4753 in
750 4693 799 4753 the
822 4699 934 4752 matter
953 4693 989 4772 os
1007 4713 1050 4752 aa
1070 4692 1220 4769 mehaape
1244 4692 1371 4753 between
1394 4693 1524 4754 Thoricos

302 4791 310 4799 ·
409 4777 447 4836 de
474 4775 667 4852 Porticptoa,
690 4775 802 4834 Rectcr
825 4774 861 4853 of
887 4773 1037 4850 Tayntoa
1066 4773 1129 4832 aad
1156 4773 1272 4833 Walter
1295 4772 1332 4833 de
1358 4773 1523 4846 Boaevr'lle,

409 4857 521 4918 Rector
547 4857 583 4935 of
610 4855 723 4933 Welby.

370 5002 554 5064 &mesto
584 5017 685 5059 ruere
716 4997 880 5058 Earsooro
900 4997 1137 5057 Lruoonuurrsr
1159 5014 1200 5056 in
1221 5013 1419 5057 rusrnuoreu
1440 4997 1523 5058 Rac-

291 5117 385 5162 roms
420 5117 464 5159 nn
496 5097 674 5157 Tarrroun
705 5113 767 5156 erro
811 5093 1295 5156 susurremus—Venerabili
1327 5094 1359 5152 in
1398 5094 1524 5155 Christo
