3850 5917
396 667 438 727 ae
769 665 949 744 rastrum
975 664 1041 726 Are
1067 665 1104 725 a
1133 665 1257 726 oreas

225 899 354 941 A·1>·¹³¹⁷·
395 891 482 951 modi
503 891 642 971 ipsorum
664 889 818 970 angustiis
838 890 892 969 pio
912 889 1146 969 compacientes
1165 889 1282 950 affectu
1296 909 1332 949 ac
1352 889 1495 951 volentes
1508 888 1628 950 eisdem

394 998 628 1078 gravaminibus
663 1003 695 1059 et
729 997 887 1058 mandatis
915 997 992 1057 dicti
1023 995 1142 1058 domini
1178 995 1412 1076 Archiepisoopi
1447 996 1554 1075 sepius
1588 995 1628 1056 ed

396 1103 536 1183 ipsorum
557 1103 758 1164 vexacionem
790 1101 985 1163 transmissis
1006 1107 1115 1163 nostro
1135 1108 1277 1182 tempore
1297 1102 1432 1174 obviare,
1459 1107 1492 1164 et
1519 1107 1630 1163 contra

396 1209 507 1270 eadem
528 1228 695 1288 procurare
714 1207 889 1269 remedium
911 1208 994 1287 quod
1007 1227 1182 1286 possemus,
1204 1207 1306 1268 sidem
1319 1206 1448 1268 domino
1468 1206 1628 1287 Archiepi-

395 1334 491 1394 soopo
512 1313 630 1394 pluries
650 1318 775 1374 nostras
797 1313 919 1374 litteras
940 1312 1111 1373 direximus
1132 1312 1372 1392 supplicatorias
1392 1317 1429 1372 ut
1449 1312 1629 1392 dignaretur

395 1420 548 1501 injuriosa
568 1421 718 1481 mandata
738 1419 919 1499 hujusmodi
940 1438 1086 1480 revocare
1107 1423 1140 1480 et
1166 1417 1307 1478 ulteriori
1327 1417 1488 1498 processui
1518 1422 1629 1478 contra

395 1527 497 1589 dictos
518 1526 660 1588 subditos
682 1531 807 1587 nostros
832 1526 1035 1604 supersedero
1055 1544 1218 1604 quousque
1239 1543 1334 1603 super
1363 1524 1426 1584 hiis
1456 1543 1529 1585 cum
1559 1523 1628 1604 ipso

396 1652 563 1712 possemus
583 1631 698 1692 habere
719 1629 909 1711 colloquium
930 1629 1145 1709 personaliter.
1187 1629 1262 1709 Ipse
1276 1629 1358 1689 votis
1378 1629 1496 1690 nostris
1516 1629 1549 1688 in
1570 1629 1630 1690 hac

396 1743 488 1818 parte
508 1735 719 1798 favorabiliter
739 1735 909 1797 inclinatus
930 1736 1013 1796 inter
1043 1740 1148 1796 cetera
1178 1735 1268 1795 nobis
1289 1733 1416 1814 scripsit
1436 1735 1573 1814 rogando
1594 1739 1630 1795 ut

398 1842 503 1922 ipsum
525 1843 564 1904 de
584 1847 676 1922 gestu
697 1841 831 1903 Gilberti
862 1842 1005 1922 predicti,
1026 1847 1059 1903 et
1088 1841 1296 1921 quantumin
1324 1847 1433 1902 nostra
1453 1841 1569 1902 diocesi
1589 1841 1630 1902 ad

398 1968 478 2028 opus
510 1949 651 2028 ejusdem
684 1948 803 2014 domini
835 1947 1070 2027 Archiepisoopi
1101 1954 1133 2008 et
1164 1952 1317 2026 quantum
1352 1946 1392 2006 ad
1426 1966 1506 2025 opus
1536 1966 1630 2007 suum

396 2054 561 2134 proprium
580 2074 637 2134 per
667 2074 701 2114 se
731 2053 781 2115 vel
812 2073 868 2132 per
899 2053 996 2114 alium
1024 2052 1120 2114 levari
1151 2051 1268 2123 lecerit,
1300 2072 1480 2113 curaremus
1501 2053 1630 2113 reddere

395 2161 574 2223 cerciorem.
630 2159 728 2221 Vobis
758 2160 863 2240 igitur,
890 2179 985 2239 quem
1015 2159 1114 2238 ipsius
1143 2164 1251 2238 gestus
1282 2163 1314 2219 et
1341 2157 1544 2218 colleccionee
1573 2178 1630 2218 seu

397 2266 594 2329 extorciones
630 2265 786 2326 credimus
820 2285 884 2325 non
914 2265 1021 2336 latere,
1052 2265 1184 2324 firmiter
1218 2264 1410 2344 injungendo
1443 2265 1630 2325 mandamus

399 2373 552 2454 quatinus
579 2392 674 2452 super
707 2377 799 2451 gestu
833 2378 865 2433 st
886 2372 1064 2452 quantitate
1097 2370 1294 2431 colleocionis
1321 2370 1461 2449 predicte
1495 2389 1630 2430 unacum

397 2477 579 2539 nominibus
607 2476 732 2537 illorum
763 2477 816 2556 qui
848 2476 1030 2556 hujusmodi
1061 2477 1254 2537 solucionem
1282 2476 1316 2535 in
1344 2481 1448 2536 vestro
1475 2475 1631 2536 decanatu

400 2582 485 2642 dioto
515 2580 657 2642 Gilbsrto
688 2581 727 2641 ad
758 2600 837 2660 opus
866 2581 986 2641 domini
1016 2580 1250 2660 Archiepisoopi
1278 2581 1328 2641 vel
1357 2600 1448 2641 suum
1478 2579 1629 2652 iecerunt,

398 2686 551 2767 inquisita
580 2685 764 2766 diligencius
803 2687 945 2755 veritate,
975 2686 1067 2747 nobis
1101 2687 1179 2746 citra
1208 2687 1331 2746 instans
1362 2686 1477 2746 festum
1506 2687 1631 2746 Natalis

396 2792 527 2854 Domini
548 2791 671 2852 faciatis
692 2797 837 2853 constare
856 2812 913 2871 per
933 2793 1055 2854 litteras
1076 2797 1196 2853 vestras
1216 2797 1362 2872 patentes
1383 2792 1493 2852 harum
1515 2793 1629 2854 seriem

396 2900 604 2962 continentes.
649 2899 718 2959 Hec
740 2904 846 2959 autem
868 2899 913 2959 ita
933 2905 1026 2960 caute
1049 2898 1151 2960 facere
1171 2899 1334 2970 studeatis,
1355 2905 1477 2961 utnon
1496 2899 1630 2960 nimium

395 3005 605 3084 divulgentur,
641 3024 803 3083 quousque
840 3004 924 3064 aliud
958 3025 1054 3084 super
1088 3005 1149 3066 hiis
1184 3005 1363 3084 receperitis
1398 3005 1430 3064 in
1462 3005 1629 3066 mandatis.

394 3113 516 3172 Datum
551 3111 634 3191 apud
671 3110 809 3190 Sugwas,
845 3110 923 3190 xvij⁰
957 3110 1008 3170 die
1041 3111 1161 3171 mensis
1202 3109 1356 3182 Octobris,
1392 3131 1476 3171 anno
1500 3111 1630 3171 Domini

399 3218 626 3298 Mrocoavija
653 3223 713 3279 etc.

477 3349 538 3409 Per
572 3348 657 3408 hunc
700 3347 829 3408 modum
872 3348 999 3428 scripsit
1039 3347 1185 3409 dominus
1225 3347 1371 3409 omnibus
1405 3348 1533 3410 decanis
1573 3369 1631 3410 sue

396 3454 547 3516 diocesis,

397 3696 531 3757 Eutroot
546 3696 631 3774 from
655 3695 703 3756 ibe
724 3696 791 3756 will
812 3703 844 3775 os
866 3695 1008 3757 Richnrd
1029 3696 1197 3774 Swiafield,
1220 3696 1420 3776 boqueatbinq
1440 3703 1469 3756 to
1492 3696 1541 3756 bis
1563 3716 1630 3757 suc·

521 3796 618 3837 caesor
645 3777 763 3837 certain
792 3777 889 3846 bools,
918 3777 982 3837 ond
1009 3777 1132 3838 articles
1161 3779 1196 3857 of
1226 3777 1327 3850 ailoer,
1351 3778 1405 3856 sor
1432 3798 1484 3838 use
1514 3777 1550 3836 in
1582 3778 1631 3838 the

519 3857 646 3918 emices
671 3859 706 3937 os
727 3857 776 3918 the
800 3857 943 3937 Bisbop'a
968 3859 1083 3937 cbapcl.

478 4016 594 4077 Vsass
615 4017 821 4075 rssrrriaarr
842 4034 952 4076 auras
973 4017 1252 4077 Hrrnrornrrsrs
1273 4017 1427 4078 Errscorr
1447 4033 1632 4076 amorreis

397 4131 486 4173 rouo
511 4113 703 4173 Errsoorurr
728 4113 1154 4175 fiscamnensem-Post
1181 4115 1240 4174 hec
1267 4113 1336 4192 lego
1367 4113 1536 4174 venerabili
1564 4113 1632 4173 viro

398 4210 453 4290 qui
475 4210 552 4268 mihi
573 4230 630 4289 per
661 4210 720 4271 Dei
741 4211 878 4289 graciam
909 4211 1049 4290 proxime
1084 4211 1230 4272 succedet
1259 4212 1436 4291 Episcopus
1461 4209 1631 4271 Herolord-

398 4307 484 4368 ensis
507 4307 620 4368 librum
642 4328 747 4368 meum
762 4308 976 4387 pontificalem
997 4315 1030 4370 st
1050 4329 1160 4370 omnes
1180 4309 1276 4370 libros
1296 4309 1409 4388 quibus
1423 4309 1633 4370 communiter

398 4423 456 4484 ego
477 4410 509 4466 et
539 4405 600 4466 mei
631 4405 734 4466 cleriei
756 4405 934 4467 solebamus
965 4406 1012 4467 uti
1043 4407 1076 4466 in
1105 4407 1234 4486 capella,
1256 4407 1400 4468 videlicet
1421 4426 1531 4467 omnes
1552 4425 1632 4486 quos

398 4503 461 4564 emi
483 4501 522 4562 ab
545 4502 762 4564 executoribus
791 4509 900 4564 sancte
921 4505 1071 4565 memorie
1102 4504 1221 4565 domini
1253 4505 1380 4573 Thome,
1402 4503 1632 4583 predecessoris

397 4599 471 4670 mei,
493 4605 526 4660 et
547 4599 618 4660 volo
648 4600 732 4679 quod
760 4600 820 4679 ipsi
849 4600 919 4661 libri
951 4601 990 4661 ab
1018 4601 1087 4679 ipso
1108 4601 1174 4662 suis
1200 4599 1432 4662 successoribus
1464 4600 1632 4680 Episcopis

400 4696 685 4758 Hereiordensibus
706 4703 893 4776 perpetuum
919 4699 1012 4758 modo
1040 4697 1135 4758 simili
1160 4697 1255 4759 libere
1280 4699 1501 4758 concedantur.
1549 4696 1633 4758 Item

399 4793 494 4855 simili
527 4794 620 4855 modo
651 4793 721 4874 lego
752 4794 812 4874 ipsi
843 4794 1084 4857 crismatorium¹
1112 4815 1217 4855 meum
1249 4800 1433 4874 argenteum
1459 4795 1543 4874 quod
1570 4793 1633 4854 emi

400 4890 574 4952 Londoniis
595 4895 627 4952 et
649 4891 670 4970 ij
693 4891 782 4952 fiolas
804 4890 938 4970 majores
960 4898 1123 4972 argenteas
1144 4897 1177 4953 et
1204 4891 1376 4953 turibulum
1396 4896 1579 4971 argenteum
1600 4897 1636 4952 et

400 4987 616 5068 juaviculam²
637 4993 816 5068 argenteam
838 5007 910 5048 cum
931 4989 1063 5050 cocleari
1083 4989 1228 5050 similiter
1247 4989 1288 5049 ad
1303 4989 1379 5049 thus
1406 4988 1631 5050 continendum

602 5115 657 5157 l—ll
670 5115 746 5156 verae!
760 5113 798 5156 lor
811 5115 905 5163 holding
918 5115 1072 5158 consecrated
1084 5115 1123 5158 oil.
1203 5117 1277 5157 ²-An
1290 5115 1448 5158 leucu-box.
