3850 5917
224 944 281 981 M),
299 943 353 980 1326.

243 1444 291 1481 Pol.
305 1442 353 1480 enh.

393 687 453 746 350
731 764 736 774 Ι
767 686 947 763 Rapistrren
974 686 1039 745 Ade
1066 685 1103 745 de
1133 685 1256 745 Orteten

395 936 467 996 Feb.
492 936 702 997 15.-Letters
734 936 933 997 Tastimont'at
960 936 1064 996 issued
1093 944 1121 996 to
1149 937 1262 996 Robert
1289 936 1326 996 de
1357 935 1487 1004 Kimble,
1515 936 1631 996 Fellow

519 1017 554 1096 os
574 1018 695 1077 Merton
718 1017 806 1087 Hell,
832 1016 955 1096 osferd,
980 1017 1047 1076 tbet
1070 1037 1110 1076 oa
1131 1016 1180 1077 the
1203 1016 1295 1077 above
1318 1016 1390 1077 dote
1414 1016 1450 1077 he
1474 1016 1536 1075 hed
1560 1016 1632 1076 been

518 1096 667 1157 ordained
693 1104 721 1157 to
747 1097 795 1157 the
819 1098 899 1176 office
923 1098 959 1175 os
979 1097 1170 1166 sab-deaeoa,
1196 1105 1229 1157 at
1255 1098 1301 1157 St.
1326 1098 1454 1174 Morus,
1477 1096 1629 1175 Raedinp,

519 1178 556 1256 by
583 1178 631 1317 the}
655 1178 772 1319 {stop
797 1177 832 1257 os
857 1178 1018 1257 Heresord,
1044 1178 1081 1256 tp
1106 1178 1221 1258 special
1246 1178 1355 1239 licence
1379 1179 1414 1257 of
1439 1177 1487 1237 the
1511 1177 1630 1257 Bishop

517 1260 552 1338 os
573 1260 616 1319 So
631 1279 658 1319 cs
679 1266 763 1337 ary.l

479 1416 624 1476 errsss
647 1434 896 1479 raseruouums
921 1435 1053 1477 osnuus
1086 1416 1412 1477 suscitem-Teuma
1433 1415 1631 1495 presencium

396 1527 504 1601 pateat
525 1522 679 1583 universis
701 1524 784 1601 qnod
815 1526 895 1601 [nos]
927 1522 1036 1591 Adam,
1058 1528 1128 1593 etc..
1150 1523 1199 1582 die
1225 1521 1353 1582 Sabbati
1375 1522 1516 1595 Quatuor
1539 1520 1629 1581 Tem-

395 1648 506 1707 porum
530 1628 562 1687 in
587 1629 688 1707 prima
710 1629 887 1708 septimana
910 1628 1163 1707 Quadragesime,
1192 1627 1337 1688 videlicet
1358 1636 1410 1687 xv⁰
1438 1626 1487 1687 die
1511 1626 1630 1687 mensis

396 1733 566 1804 Februarii,
589 1753 672 1794 anno
695 1734 824 1794 Domini
846 1733 985 1795 M⁰Occ⁰
1012 1734 1162 1795 vicesimo
1186 1734 1306 1812 quinto,
1328 1733 1359 1791 in
1381 1731 1513 1792 ecclesia
1540 1752 1629 1811 paro-

396 1838 490 1898 chisli
524 1838 613 1900 beate
648 1840 757 1909 Merie,
793 1839 966 1919 Radyngie,
993 1839 1233 1901 sarisburiensis
1266 1838 1409 1909 diocesis,
1438 1839 1477 1899 de
1501 1837 1631 1899 licencia

397 1944 525 2023 speciali
556 1943 742 2005 venerabilis
772 1944 804 2003 in
834 1944 960 2006 Christo
992 1946 1099 2025 patris,
1128 1944 1247 2005 domini
1277 1944 1400 2023 Rogeri,
1433 1944 1492 2003 Dei
1526 1944 1630 2022 gracia

399 2040 641 2109 Sarisburiensis
663 2048 822 2127 Episcopi,
838 2048 898 2109 loci
919 2049 1086 2120 diocesani,
1108 2049 1234 2109 ordines
1258 2048 1460 2119 celebrantes,
1482 2048 1630 2109 dilectum

399 2153 489 2214 nobis
526 2155 558 2212 in
594 2154 729 2223 Christo,
762 2155 948 2233 magistrum
982 2154 1156 2215 Robertum
1197 2155 1236 2215 de
1265 2153 1447 2233 Kynebelle,
1483 2153 1631 2214 acolitum

399 2258 627 2321 [dncolniensie
649 2259 791 2332 diocesis,
814 2260 934 2320 socium
956 2266 989 2321 et
1010 2260 1161 2321 scolarem
1183 2260 1295 2321 domus
1314 2258 1393 2319 Aule
1415 2259 1454 2319 de
1475 2258 1629 2329 Mertone,

398 2365 527 2437 Oxonie,
550 2385 607 2445 per
628 2367 790 2427 custodem
816 2370 848 2427 et
867 2366 970 2427 socios
994 2366 1136 2444 ejusdem
1159 2367 1272 2427 domus
1292 2364 1383 2426 nobis
1403 2370 1629 2445 presentatum,

396 2474 446 2537 sui
488 2473 647 2535 diocesani
688 2472 809 2534 litteras
843 2473 1038 2535 dimissorias
1078 2472 1287 2543 exhibentem,
1329 2472 1362 2531 in
1404 2470 1630 2532 subdiaconum

397 2580 547 2641 canonice
568 2580 791 2641 ordinavimus.
834 2579 873 2639 In
898 2580 999 2657 eujus,
1020 2585 1079 2640 etc.
1389 2576 1393 2583 ’

397 2822 469 2883 Feb.
491 2822 647 2883 1.-loba
669 2822 716 2899 [de
738 2821 885 2899 Bristol],
905 2820 1087 2881 Provinciel
1100 2820 1194 2881 Prior·
1207 2821 1242 2899 of
1260 2820 1308 2880 tbe
1321 2818 1495 2897 Preeehinq
1512 2818 1631 2889 Friers,

518 2910 654 2982 presente
677 2910 707 2963 to
727 2902 776 2962 the
792 2902 912 2981 Bishop
936 2902 1033 2980 Haqb
1053 2902 1090 2962 de
1109 2900 1254 2979 Ledbrop
1276 2900 1340 2961 and
1365 2900 1449 2961 John
1468 2900 1505 2960 de
1526 2901 1632 2961 Brom-

521 2982 609 3062 yerd,
640 2991 668 3043 to
709 2984 741 3043 be
772 2982 922 3043 admitted
962 2990 991 3043 to
1023 2982 1096 3043 lwar
1129 2982 1330 3061 Confessioas,
1360 2990 1415 3041 ete.
1471 2981 1567 3059 Hapb
1597 2980 1633 3041 de

521 3064 665 3142 Ledbeop
687 3064 713 3125 e's
736 3062 895 3133 admitted,
925 3064 978 3124 bat
1007 3062 1091 3124 Jobe
1120 3062 1158 3123 de
1188 3062 1386 3139 Bromyerd's
1407 3061 1578 3122 edacissimo
1604 3061 1632 3121 c'a

518 3144 686 3225 postponat
707 3144 805 3222 ewino
835 3144 934 3205 tobis
963 3144 1096 3204 absence.
1146 3143 1230 3204 Joba
1249 3143 1286 3203 de
1305 3142 1496 3203 Leominster
1519 3142 1546 3202 is
1568 3142 1634 3203 ebo

517 3225 675 3305 presented
698 3226 752 3304 sor
771 3225 943 3285 edmissioa
971 3231 1000 3284 to
1022 3224 1071 3285 the
1098 3244 1180 3284 sonte
1203 3223 1362 3304 prioibpe.

478 3381 705 3440 Passsumcro
728 3398 880 3439 raasson
902 3397 1155 3440 sermomonem
1176 3398 1218 3438 sn
1240 3397 1437 3440 sunrsnnuu
1465 3396 1632 3440 conrasas·

398 3503 490 3556 orms,
505 3502 651 3546 secuere
666 3502 752 3544 seon
768 3484 1000 3554 Lacessnsnn,
1015 3501 1116 3543 Paruo
1131 3502 1187 3543 rus
1205 3502 1325 3545 urnsrs
1339 3484 1532 3556 Fnsavsau,
1547 3502 1634 3545 enno

398 3590 736 3652 sursemcro—Patri
752 3590 784 3649 in
806 3590 900 3650 Patre
916 3589 1100 3669 spirituum,
1115 3589 1285 3651 reverendo
1299 3589 1436 3660 domino,
1452 3590 1511 3650 Dei
1529 3588 1635 3669 gracia

398 3696 623 3759 Herefordensi
641 3696 808 3776 Episcopo,
831 3695 928 3755 frater
949 3696 1121 3767 Johannes,
1143 3715 1252 3756 servus
1272 3694 1404 3755 fratrum
1425 3695 1543 3755 ordinis
1564 3714 1633 3773 pre·

400 3802 574 3863 dicatorum
598 3801 631 3861 in
656 3800 816 3881 provincia
839 3799 1020 3880 Anglicana,
1050 3800 1188 3879 impletis
1215 3800 1267 3861 hic
1295 3799 1475 3879 apostolicis
1502 3799 1633 3871 vicibus,

399 3914 507 3970 eterno
535 3906 639 3968 Judici
667 3907 700 3966 in
723 3906 891 3967 celestibus
912 3906 1082 3967 considere.
1127 3906 1289 3967 Sincerum
1314 3904 1502 3985 abjeccionis
1526 3911 1634 3967 nostre

399 4014 596 4093 propositum
617 4014 648 4073 in
670 4033 782 4093 operas
799 4012 889 4093 juges
911 4014 1022 4083 tendit,
1044 4012 1157 4092 quibus
1179 4013 1319 4074 velemus
1341 4012 1516 4072 animarum
1538 4012 1634 4073 saluti

398 4120 565 4181 efficaciter
593 4120 776 4180 subservire.
827 4118 1038 4193 Quamobrem
1069 4118 1238 4179 venerabili
1276 4118 1486 4179 dominacioni
1518 4124 1633 4191 vestre,

398 4226 449 4286 cui
473 4245 529 4306 pro
557 4224 733 4287 necessaria
761 4224 854 4286 officii
889 4224 951 4284 mei
986 4224 1172 4284 execucione
1200 4242 1321 4303 nequeo
1346 4223 1439 4284 modo
1466 4242 1536 4285 mee
1563 4244 1634 4303 par-

399 4334 508 4395 vitatis
536 4334 647 4395 offerre
669 4334 874 4413 presenciam,
902 4333 1062 4393 humiliter
1090 4331 1232 4412 supplico
1259 4336 1295 4391 ut
1322 4330 1435 4392 fratres
1463 4331 1633 4411 Hugonem

399 4441 438 4501 de
466 4439 631 4519 Ledebury
658 4446 690 4501 et
722 4439 900 4513 Johannem
928 4438 968 4499 de
996 4438 1180 4516 Bromyerd,
1208 4457 1287 4517 quos
1321 4456 1341 4497 a
1371 4456 1423 4498 me
1453 4437 1634 4499 nominatos

399 4554 548 4627 tanquam
582 4546 664 4607 viros
692 4547 822 4625 probate
850 4545 914 4605 vite
942 4551 975 4605 et
1009 4544 1151 4605 doctrine
1181 4549 1284 4604 vestre
1312 4542 1489 4604 reverencie
1520 4542 1634 4603 harum

462 4682 545 4720 1-The
560 4680 649 4727 Bishoo
662 4680 740 4721 would
754 4690 817 4719 seem
832 4678 967 4726 frequently
980 4684 1005 4720 to
1019 4680 1080 4720 have
1092 4678 1146 4719 held
1159 4678 1313 4719 ordinatione
1327 4682 1353 4719 at
1368 4680 1403 4719 St.
1414 4678 1512 4725 Mam’s.
1523 4678 1637 4724 uescina.

396 4744 486 4789 though
500 4744 541 4783 the
555 4742 609 4782 lists
622 4740 647 4783 of
666 4743 734 4782 those
753 4742 864 4782 ordained
881 4752 922 4782 are
939 4742 994 4782 lost.
1022 4742 1049 4781 ln
1066 4742 1108 4782 the
1124 4740 1224 4782 Tritleck
1242 4740 1350 4787 Resistet
1366 4738 1415 4783 (iol.
1433 4738 1466 4783 7³)
1483 4741 1551 4780 there
1568 4740 1590 4780 is
1606 4752 1639 4781 an

396 4809 467 4851 entry
486 4805 548 4847 that.
569 4815 599 4845 on
618 4804 673 4844 Dec.
693 4806 713 4845 3.
734 4804 790 4847 1346.
813 4803 902 4850 Bishoo
919 4804 982 4844 John
999 4802 1028 4843 de
1045 4802 1145 4843 'l'rilleclr
1160 4801 1261 4848 aranted
1278 4806 1304 4843 to
1322 4801 1409 4843 Robert
1427 4801 1456 4842 de
1474 4802 1605 4849 Brustwvlr
1623 4814 1640 4844 a

398 4864 529 4909 certificate
543 4867 597 4907 that
611 4867 640 4907 he
654 4866 700 4907 had
715 4865 772 4906 been
786 4864 897 4906 ordalned
912 4865 941 4911 by
955 4865 1038 4910 Adam,
1054 4866 1143 4911 Blshoo
1155 4864 1180 4905 ot
1195 4863 1318 4909 llerelord,
1332 4864 1355 4904 in
1371 4866 1426 4909 1³28,
1443 4868 1470 4905 et
1487 4864 1523 4905 st.
1538 4866 1638 4911 Merv's,

399 4928 511 4975 sending.
525 4929 615 4975 thoueh
629 4939 660 4969 no
674 4927 754 4967 record
769 4925 794 4968 of
807 4927 848 4967 the
857 4926 991 4967 ordination
1004 4926 1117 4972 remains.
1127 4924 1189 4974 maia
1201 4924 1337 4972 registrum
1348 4924 1444 4972 metati
1456 4924 1640 4972 andecemric

398 4990 480 5033 matri
492 4990 522 5032 ἐκ
535 4992 582 5032 bac
599 4992 671 5038 barte
688 4989 723 5031 ad
741 5000 834 5029 uranus
851 5001 902 5030 aon
918 4988 1040 5031 autenm
1057 5002 1084 5030 eo
1101 4988 1168 5039 quod
1184 4988 1289 5037 cuidam
1306 4987 1422 5030 ministri
1439 4986 1520 5034 Retia.
1536 4988 1638 5029 dudm

398 5054 504 5096 eundem
520 5053 713 5101 predecessorem
731 5054 846 5092 nostrvm
863 5053 924 5093 tunc
942 5051 1145 5097 Hensoreemem
1161 5050 1306 5098 episcobum
1321 5051 1500 5099 umquem,
1517 5048 1586 5091 idem
1602 5062 1641 5093 re-

400 5118 511 5165 suonam
523 5129 580 5159 cum
594 5114 658 5157 aliis
671 5114 743 5157 bonis
755 5114 812 5156 suis
824 5114 947 5157 violenter
959 5118 984 5156 et
996 5115 1092 5157 notorie
1104 5114 1274 5157 abstulerunt.
