3850 5917
699 697 851 778 Episcopi
877 697 1121 778 Hercsordeneis.
1469 699 1528 759 189

122 929 174 968 M>-
190 929 249 968 ¹⁸²⁰·
293 920 404 982 Amen.
446 921 526 982 (ium
542 920 731 981 intensionis
752 901 825 981 mee¹
835 921 955 981 Thomu
972 920 1011 981 de
1028 920 1224 1000 Portington,
1240 921 1383 982 Rectoris
1398 921 1529 983 ecclesie

293 1027 331 1087 de
352 1027 524 1106 Teyntone,
550 1026 792 1087 Herefordensis
813 1025 955 1098 diocesis,
987 1026 1081 1087 iuerit
1106 1033 1138 1088 et
1166 1027 1208 1087 sit
1235 1027 1337 1106 ipsam
1364 1027 1528 1088 ecclesiam

292 1151 395 1192 meam
417 1132 456 1192 de
483 1132 628 1211 Teynton
653 1151 723 1191 cum
748 1130 879 1192 ecclesia
901 1132 939 1192 de
955 1131 1107 1210 Welleby‚
1134 1132 1364 1193 Lincolniensis
1385 1132 1527 1202 diocesis,

292 1239 383 1318 cujus
411 1239 527 1299 Rector
554 1236 660 1298 existit
686 1237 846 1298 Walterus
870 1237 909 1298 de
934 1237 1087 1308 Bonevill,
1117 1258 1155 1299 ex
1176 1237 1279 1299 causis
1304 1237 1452 1317 legitimis
1477 1258 1529 1298 me

292 1345 332 1404 ad
360 1344 392 1404 id
420 1343 650 1412 inducentibus,
676 1347 864 1421 permutare,
890 1342 1061 1404 dummodo
1089 1349 1293 1423 patronorum
1321 1349 1354 1404 et
1378 1345 1528 1405 ordinari·

292 1470 382 1511 orum
421 1449 576 1510 dictarum
614 1449 816 1509 ecclesiarum
851 1469 1024 1510 consensus
1064 1455 1097 1510 et
1134 1449 1314 1520 auctoritas,
1355 1455 1386 1511 et
1425 1456 1529 1512 cetera

292 1576 354 1636 que
375 1555 576 1636 requiruntur
592 1555 630 1614 de
649 1555 718 1632 jure
737 1554 949 1614 interveniant
966 1555 998 1613 in
1021 1555 1080 1614 hac
1102 1559 1200 1634 parto,
1222 1558 1380 1634 protestor
1396 1555 1480 1635 quod
1502 1555 1529 1616 si

293 1682 389 1742 quam
414 1660 660 1739 resignacionom
685 1660 812 1720 fecerim
832 1660 864 1718 in
893 1660 1035 1719 futurum
1064 1661 1103 1720 de
1127 1660 1258 1726 ecclesia
1280 1680 1350 1722 mea
1378 1661 1528 1740 predicta,

293 1787 363 1828 eam
402 1787 440 1827 ex
468 1785 564 1826 causa
590 1765 836 1845 permutacionis
864 1765 995 1826 ecclesie
1024 1785 1092 1826 mee
1120 1766 1259 1844 predicte
1295 1786 1367 1826 cum
1397 1766 1529 1828 ecclesia

295 1873 333 1933 de
356 1871 497 1950 Welleby
525 1871 753 1951 prenominata,
777 1875 809 1931 et
831 1890 895 1930 non
924 1871 1001 1931 aliae
1027 1871 1156 1938 intendo
1185 1870 1288 1932 iacere
1311 1871 1528 1951 quovismodo,

294 1977 524 2039 constitucione
558 1977 657 2038 felicis
686 1977 914 2038 recordacionis
943 1977 1115 2038 Clementis
1151 1977 1236 2057 Papo
1261 1978 1290 2038 V
1322 1977 1355 2036 in
1383 1977 1529 2039 omnibus

294 2083 467 2144 observata.
524 2084 550 2143 A
579 2102 641 2163 qua
668 2083 795 2162 quidem
827 2083 1059 2162 protestacione
1087 2081 1268 2143 nullatenus
1307 2082 1452 2143 recedere
1481 2083 1527 2142 in·

296 2189 429 2250 teudens
443 2189 606 2249 ecclesiam
621 2208 723 2249 meam
738 2188 921 2268 predictam,
936 2188 1064 2249 domine
1078 2188 1226 2259 Hennes,
1247 2194 1337 2268 pater
1351 2189 1530 2260 reverende,

296 2297 355 2357 Dei
389 2296 494 2376 gracia
530 2295 687 2374 Episcopo
723 2295 961 2366 Lincolniensis,
994 2294 1027 2354 in
1056 2301 1177 2356 vestras
1214 2314 1318 2356 sacras
1352 2315 1464 2356 manus
1492 2315 1530 2356 ex

296 2421 392 2462 causa
419 2400 663 2481 permutacionis
688 2401 827 2480 predicte
862 2400 1003 2462 faciende
1043 2405 1075 2461 et
1111 2420 1175 2460 non
1213 2400 1274 2461 alio
1310 2401 1412 2472 modo,
1441 2420 1529 2479 pure,

296 2511 419 2585 sponte
441 2511 473 2566 et
491 2504 633 2565 absolute
652 2505 776 2584 resigno
793 2525 849 2585 per
869 2511 1042 2585 presentes.
1085 2505 1124 2564 In
1142 2505 1232 2584 cujus
1252 2505 1296 2566 rei
1311 2505 1528 2567 testimonium

296 2610 495 2691 presentibus
516 2610 652 2690 sigillum
674 2630 781 2671 meum
801 2616 851 2671 est
872 2630 1057 2690 appensum.
1100 2611 1144 2671 Et
1168 2611 1242 2691 quia
1264 2611 1400 2690 sigillum
1423 2629 1529 2672 meum

295 2716 437 2796 pluribus
461 2721 510 2776 est
532 2715 735 2795 incognitum,
760 2716 898 2795 sigillum
919 2715 1106 2778 venerabilis
1130 2716 1229 2796 patris
1250 2716 1369 2778 domiui
1400 2718 1440 2788 J,
1470 2719 1530 2780 Dei

296 2822 401 2900 gracia
428 2821 677 2882 Northwicensis
699 2821 857 2901 Episcopi,
887 2823 1002 2901 apponi
1032 2823 1196 2902 procuravi
1226 2823 1353 2884 eisdem.
1410 2823 1530 2884 Datum

297 2927 478 2998 Londoniis,
501 2927 567 3007 xiij⁰
595 2927 665 2987 Kal.
688 2927 880 2999 Decembris,
902 2947 986 2988 anno
1008 2928 1137 2989 Domini
1159 2928 1357 2990 M00000xx0.

296 3156 369 3217 Feb.
393 3155 548 3216 lat-The
570 3155 689 3235 Bisbcp
710 3155 854 3235 appointa
879 3155 987 3234 Hecry
1011 3155 1048 3216 dc
1069 3157 1200 3218 Lmadoc
1223 3163 1251 3218 lo
1275 3156 1308 3217 bc
1331 3156 1379 3218 bis
1404 3158 1533 3219 Proctor

418 3237 454 3296 in
482 3236 531 3297 tha
561 3236 656 3296 Court
683 3237 718 3315 of
745 3235 944 3313 Gactcrbary.

378 3387 587 3446 Psocuascro
608 3385 890 3446 Douma-Pateat
915 3385 1069 3446 universis
1091 3405 1147 3464 per
1167 3390 1330 3464 presentes
1354 3385 1438 3466 quod
1462 3405 1530 3457 nos,

298 3491 408 3564 Adam,
440 3497 509 3563 etc,
549 3491 582 3550 in
610 3490 756 3551 omnibus
790 3490 893 3550 causis
921 3497 954 3551 et
993 3491 1131 3570 negociis
1169 3511 1227 3552 uos
1263 3491 1328 3552 sive
1366 3491 1530 3552 ecclesiam

297 3603 439 3659 nostram
464 3596 722 3676 qualitercunque
746 3594 1002 3674 contingentibus
1025 3595 1057 3654 in
1084 3595 1178 3656 Curia
1205 3595 1434 3666 Cantuariensi,
1459 3601 1530 3667 etc,

296 3703 446 3764 dilectum
474 3701 565 3762 nobis
602 3702 634 3761 in
671 3701 797 3763 Christo
835 3701 1021 3780 magistrum
1059 3701 1234 3762 Henricum
1270 3701 1309 3762 de
1348 3701 1529 3772 Londoniis,

296 3810 453 3879 clericum,
483 3813 625 3868 nostrum
662 3808 804 3877 facimus,
839 3808 1031 3876 ordinamus,
1068 3812 1100 3868 et
1128 3807 1350 3870 constituimus
1384 3826 1529 3886 procura-

296 3921 407 3986 torem,
436 3915 548 3975 dantm
578 3913 680 3974 eidem
708 3912 851 3992 generale
876 3912 1061 3973 mandatum
1084 3917 1116 3973 et
1144 3912 1312 3992 specialem
1339 3917 1531 3992 potestatam

297 4021 426 4081 nomine
461 4025 570 4081 nostro
611 4024 643 4080 et
678 4018 808 4080 ecclesie
834 4023 939 4078 nostre
967 4017 1106 4096 predicte
1142 4017 1262 4096 agendi,
1295 4022 1354 4078 etc.
1411 4018 1530 4076 Datum

297 4125 480 4197 Londoniis,
501 4125 565 4185 xvi⁰
586 4124 656 4186 Kal.
679 4125 800 4196 Marcii,
821 4145 905 4185 anno
927 4125 1056 4185 Domini
1079 4123 1276 4186 M⁰0000m

296 4354 369 4415 Feb.
389 4352 629 4414 15.-Mattbcw
650 4352 687 4412 de
700 4352 831 4413 Lcdlow
852 4352 914 4412 had
934 4352 1053 4414 eilmod
1070 4351 1279 4431 blasphemae
1293 4351 1391 4413 words
1405 4353 1531 4431 aquirat

420 4435 467 4494 St.
495 4433 624 4494 Thorace
655 4433 819 4512 Cactilupe
846 4433 909 4493 and
936 4432 1055 4512 Bishop
1085 4432 1252 4510 Swinficbl.
1309 4432 1371 4493 Hic
1400 4433 1529 4506 brolhcn

420 4513 569 4574 Nichclce
595 4513 633 4574 dc
659 4513 798 4584 Ludlow,
827 4513 891 4573 and
917 4514 1019 4573 Adam
1042 4513 1237 4574 Marimoclb
1260 4512 1430 4574 intcrccdcd
1453 4513 1532 4574 with

422 4595 471 4655 the
498 4593 625 4673 Bishop,
650 4594 798 4674 plecdc'aq
827 4594 894 4654 char
922 4594 972 4654 the
996 4595 1106 4672 offcncc
1128 4614 1191 4654 was
1218 4593 1402 4671 tboaphtlcss
1426 4595 1533 4656 rather

422 4675 498 4736 than
524 4673 741 4752 inanimata
765 4675 920 4736 crimincl.
981 4675 1042 4735 The
1067 4674 1194 4753 Bisbcp,
1224 4674 1377 4752 tbcrcsorc,
1406 4673 1434 4735 c'e
1462 4695 1531 4736 corc-

422 4763 485 4817 tcat
517 4755 595 4816 with
628 4775 649 4816 a
678 4756 786 4836 public
819 4755 990 4834 confession
1022 4756 1058 4834 of
1091 4754 1139 4814 his
1174 4754 1383 4832 cormac-dorm
1418 4755 1452 4814 in
1482 4756 1531 4816 tho

421 4837 538 4897 Parisb
560 4835 683 4896 Obarcb
698 4837 734 4915 of
750 4836 890 4908 Lcdlow,
911 4836 1026 4914 durinc
1049 4835 1097 4896 tho
1119 4835 1190 4896 licre
1210 4837 1245 4914 os
1262 4834 1377 4895 Divina
1399 4836 1530 4898 Servios.

381 4994 526 5053 erruau
561 5011 603 5052 sn
624 5010 821 5053 rssraucrau
846 5009 999 5052 uaersrar
1029 4993 1194 5052 Nrouomu
1225 5008 1269 5049 ns
1294 4989 1532 5050 Donamus.—

300 5101 478 5182 Episcopus
513 5099 656 5171 Officiali,
697 5104 757 5160 etc.
819 5099 975 5178 Exposuit
1010 5098 1100 5159 nobis
1146 5096 1300 5158 discretus
1341 5095 1397 5166 vir,
1440 5115 1531 5158 carus
