3850 5917
709 683 860 765 Episcopi
888 686 1130 767 Heresordeasc's.
1478 694 1537 753 261

105 910 178 950 Α-ὓ·
197 910 259 949 ¹³²³·
303 925 382 977 esse,
414 905 547 986 pulsatis
575 907 746 987 campanis,
785 910 923 972 candelis
955 912 1095 973 accensis
1129 918 1162 974 et
1189 914 1345 985 extinctis,
1381 936 1471 977 cruce
1506 915 1539 974 in

303 1012 448 1073 manibus
482 1018 595 1085 erecta,
631 1014 714 1074 intra
748 1014 916 1075 missarum
947 1017 1130 1097 solempnia,
1163 1020 1320 1081 nunciatis
1348 1025 1380 1082 et
1418 1020 1540 1082 iacietis

302 1117 427 1198 publice
454 1118 606 1190 nunciati,
629 1119 738 1181 diebus
770 1126 802 1181 et
826 1121 903 1182 locis
934 1122 1048 1202 quibus
1074 1124 1214 1185 videritis
1243 1125 1397 1205 expedire,
1429 1132 1461 1187 et
1483 1146 1541 1206 per

301 1229 424 1304 partem
443 1224 569 1285 domine
586 1224 694 1286 Sibille
708 1226 886 1306 supradicte
903 1227 1025 1290 fueritis
1042 1248 1136 1309 super
1152 1230 1212 1291 hoc
1231 1251 1367 1311 congrue
1387 1231 1540 1312 requisiti,

302 1329 481 1391 inhibentes
512 1330 718 1391 nihilominus
749 1352 805 1392 seu
836 1332 971 1394 inhiberi
996 1334 1147 1397 iacientes
1175 1336 1279 1415 palam
1301 1341 1333 1397 et
1354 1336 1478 1417 publice
1498 1358 1540 1399 ne

302 1436 466 1515 quiscum
488 1436 598 1496 eodem
620 1436 747 1497 domino
769 1437 868 1498 Alano
892 1439 1004 1518 quovis
1028 1459 1141 1519 genere
1166 1442 1396 1503 communionis
1420 1447 1538 1522 preter-

301 1561 396 1621 quam
416 1541 449 1600 in
469 1541 593 1602 casibus
608 1562 626 1601 a
644 1542 713 1621 jure
727 1543 889 1621 permissis
903 1546 1135 1608 communicare
1148 1553 1329 1626 presumat;
1352 1548 1390 1609 de
1405 1570 1536 1628 quorum

301 1646 482 1707 nominibus
503 1646 687 1725 diligencius
708 1646 913 1727 inquirentes,
928 1670 1007 1729 quos
1029 1651 1200 1731 culpabiles
1221 1652 1404 1715 inveneritis
1429 1654 1461 1713 in
1479 1654 1539 1716 hac

301 1756 400 1830 parte,
423 1750 528 1812 citetis
550 1770 607 1812 seu
621 1751 711 1810 citari
732 1751 854 1813 faciatis
875 1754 1085 1832 peremptorie
1106 1755 1189 1834 quod
1215 1762 1417 1835 compareant
1433 1778 1538 1819 coram

302 1856 386 1917 dicto
414 1856 541 1917 domino
574 1855 715 1929 Officiali,
744 1856 844 1929 nobis,
883 1863 938 1919 aut
968 1859 1028 1920 alio
1067 1861 1150 1922 dicte
1184 1862 1277 1923 (luris
1304 1863 1476 1942 presidenti
1505 1864 1538 1924 in

301 1961 433 2022 ecclesia
473 1961 565 2022 beate
600 1962 701 2023 Marie
739 1963 778 2023 de
816 1962 1145 2037 Alderemarichirche,
1185 1967 1366 2039 Londoniis,
1400 1969 1444 2048 iiij
1488 1970 1538 2031 die

300 2068 432 2147 juridico
467 2072 540 2146 post
575 2067 692 2128 festum
722 2068 941 2129 translacionis
971 2070 1072 2131 sancti
1100 2071 1220 2133 Thonis
1252 2072 1401 2146 Martiris,
1424 2094 1538 2153 penam

301 2194 358 2253 pro
379 2174 540 2235 demeritis
565 2178 597 2233 et
626 2174 710 2253 quod
737 2174 858 2253 justum
885 2175 980 2236 fuerit
1011 2178 1175 2256 recepturi,
1206 2182 1265 2238 etc.
1321 2178 1403 2253 Quid
1432 2184 1539 2241 autem

301 2277 447 2349 feceritis,
483 2283 542 2339 etc.
606 2278 726 2338 Datum
761 2279 943 2351 Londoniis,
980 2280 1034 2339 xii⁰
1069 2281 1138 2341 Kal.
1171 2281 1258 2353 Julii,
1290 2302 1373 2344 anno
1408 2285 1537 2345 Domini

301 2383 468 2445 millesimo
489 2383 675 2463 CCO⁰xxiij⁰.

301 2714 378 2792 Arcq.
408 2712 542 2773 a-Tte
569 2713 760 2793 Archbc'shop
795 2714 831 2793 of
863 2714 1053 2792 Oaaterbury
1089 2715 1297 2777 commiserens
1335 2716 1383 2777 the
1417 2718 1538 2798 Bishop

422 2795 457 2873 of
477 2793 628 2873 Heresord
649 2802 678 2855 to
701 2794 773 2855 hold
793 2815 836 2854 on
854 2795 985 2873 enquiry
1006 2795 1072 2855 into
1094 2795 1143 2856 ibe
1163 2796 1344 2877 electiones
1362 2798 1536 2861 Alexander

422 2875 459 2935 de
483 2875 665 2936 Moumocth
688 2896 723 2936 cs
748 2874 866 2955 Bisbop
890 2877 925 2956 of
948 2876 1128 2955 ulamaffs

383 3052 564 3113 (louurssio
606 3072 648 3113 sn
693 3070 936 3113 ursumsnnuu
983 3072 1193 3114 snuocrouuu
1241 3054 1539 3118 musivum--

304 3158 470 3229 Walterus,
505 3153 712 3238 permissione
748 3159 854 3220 divina
888 3159 1125 3221 cantuariensis
1160 3160 1431 3242 Archiepiscopus,
1467 3168 1537 3237 etc,

302 3264 471 3326 venerabili
499 3265 588 3325 fratri
608 3270 726 3338 nostro,
749 3265 809 3326 Dei
830 3265 934 3345 gracia
955 3266 1181 3328 Hereiordensi
1201 3266 1369 3347 Episcopo,
1392 3269 1536 3343 salutem,

302 3376 362 3431 etc.
404 3369 451 3429 Ad
470 3370 711 3431 examinandum
731 3371 920 3431 eleccionem
937 3370 976 3432 de
995 3371 1164 3432 venerabili
1183 3372 1258 3444 viro,
1277 3372 1427 3453 magistro
1446 3374 1536 3437 Alex-

302 3477 399 3538 andro
427 3478 466 3538 de
494 3477 711 3548 Monemutha,
741 3477 969 3539 Archidiacono
997 3478 1205 3549 Landavensi‚
1234 3479 1267 3538 in
1298 3479 1536 3543 landavensem

301 3581 496 3662 Episcopum
524 3582 721 3655 celebratam,
749 3603 873 3643 necnon
900 3583 940 3643 ad
968 3583 1220 3662 cognoscendum
1244 3588 1276 3645 et
1304 3586 1536 3665 procedendum

301 3686 334 3747 in
353 3688 453 3768 ipsius
472 3688 638 3750 eleccionis
659 3689 788 3768 negocio
805 3688 980 3750 secundum
994 3688 1161 3751 canonicas
1176 3688 1367 3763 sancciones,
1384 3696 1416 3752 et
1430 3693 1537 3753 omnia

301 3795 443 3857 iacienda
480 3799 513 3855 et
545 3793 724 3874 recipienda
762 3814 822 3875 que
857 3794 896 3853 ad
932 3793 1176 3855 instruccionsm
1207 3794 1328 3874 negocii
1355 3795 1537 3876 hujusmodi

300 3902 502 3981 requiruntur
529 3901 568 3961 da
595 3900 673 3979 jura,
704 3900 792 3961 vobis
823 3900 908 3961 vices
939 3906 1064 3961 nostras
1096 3900 1332 3973 committimus,
1362 3908 1430 3974 stc,
1463 3923 1533 3964 con-

301 4004 513 4067 firmacionem
535 4026 609 4067 vcro
637 4025 693 4067 seu
714 4004 971 4065 informacionem
993 4004 1134 4084 ejusdem
1159 4004 1323 4066 eleccionis
1347 4006 1537 4087 nobisipsis

301 4111 478 4191 specialiter
508 4116 713 4172 reservantes.
775 4110 872 4171 Vobis
901 4110 1124 4170 nichilominus
1166 4110 1352 4172 mandamus
1387 4112 1537 4191 quatinus

301 4223 404 4279 totum
424 4237 608 4298 processum
635 4237 740 4278 coram
761 4216 850 4277 vobis
871 4215 1015 4276 habitum
1037 4215 1069 4275 in
1092 4215 1152 4276 hac
1181 4220 1270 4295 parte
1298 4216 1337 4276 ad
1357 4217 1536 4296 proximum

300 4324 384 4385 diem
412 4327 485 4403 post
519 4322 642 4385 instans
677 4322 793 4383 festum
821 4321 1035 4383 Exaltacionis
1064 4326 1173 4382 sancte
1201 4321 1310 4383 Orucis
1341 4321 1400 4383 sub
1434 4322 1538 4403 sigillo

300 4433 405 4489 vestro
433 4427 523 4488 nobis
552 4426 775 4488 transmittatis
807 4426 973 4487 inclusum.
1029 4426 1069 4485 In
1094 4426 1185 4503 cujus
1212 4426 1266 4499 rei,
1300 4430 1360 4488 etc.
1416 4428 1536 4489 Datum

300 4534 385 4613 apud
409 4532 563 4604 Otteiord,
584 4532 697 4613 vj01d.
720 4532 852 4612 Augusti
874 4531 1108 4613 Mucorxxiijv.

362 4668 447 4708 l-Tbe
461 4666 535 4714 Royal
548 4666 636 4708 license
648 4670 675 4708 to
687 4668 748 4708 elect
757 4667 804 4708 had
814 4666 871 4708 been
881 4666 960 4708 issued
970 4678 1001 4708 on
1011 4668 1067 4713 May
1075 4668 1107 4712 ³1.
1119 4665 1165 4707 and
1179 4666 1220 4707 the
1235 4666 1308 4713 Royal
1322 4670 1405 4709 assent
1419 4668 1466 4709 had
1480 4668 1538 4710 been

297 4728 366 4776 niven
379 4733 405 4770 to
418 4729 460 4770 the
472 4728 572 4770 electiori
585 4739 615 4770 oo
628 4730 691 4770 dune
706 4731 736 4770 1⁵.
772 4731 821 4771 But
833 4730 875 4771 the
889 4730 958 4777 Pone.
973 4740 1003 4770 on
1016 4730 1079 4769 dune
1091 4730 1123 4776 20.
1139 4728 1248 4776 provided
1261 4730 1324 4770 ‹lohn
1337 4728 1366 4770 de
1380 4729 1500 4777 Egleseliff
1512 4735 1539 4772 to

297 4792 339 4831 the
351 4794 439 4832 vacant
455 4792 506 4832 See.
522 4815 527 4823 ·
541 4790 599 4832 Tuis
611 4792 711 4839 escuir-v
727 4792 805 4834 would
820 4803 885 4833 seem
902 4796 928 4833 to
946 4792 974 4832 be
991 4801 1022 4832 an
1040 4793 1144 4838 attempt
1161 4802 1191 4832 on
1209 4790 1250 4833 the
1268 4794 1322 4838 part
1335 4790 1360 4832 oi
1376 4792 1418 4833 the
1436 4793 1495 4839 ilina
1513 4796 1540 4835 to

298 4862 381 4893 secure
394 4852 436 4894 the
450 4851 574 4899 Bishooric
587 4852 651 4894 atter
663 4853 695 4894 all
709 4852 746 4895 ior
758 4855 800 4895 the
818 4852 923 4895 Elector
939 4854 981 4894 the
998 4853 1110 4899 Chapter.
1150 4854 1177 4893 ln
1190 4853 1232 4893 the
1244 4852 1291 4894 end
1307 4854 1348 4895 the
1365 4854 1538 4901 temporalium

298 4925 361 4955 were
374 4913 480 4955 restored
492 4917 519 4955 to
531 4914 593 4955 ‹lohn
607 4914 636 4956 de
650 4914 772 4962 Balesclilt
783 4926 813 4957 on
826 4916 885 4963 Aua.
901 4916 924 4956 18
936 4914 961 4957 ot
974 4915 1014 4956 the
1028 4912 1147 4961 following
1159 4924 1224 4961 year.
