3850 5917
679 686 831 768 Episcopi
858 688 1101 768 Horsjordcneis.
1467 693 1509 752 21

122 934 233 975 anau.
273 912 382 973 suadit.
440 913 570 974 Donnes
595 933 670 974 sous
693 917 784 974 notre
807 913 895 992 privs
919 912 984 974 seal
1005 934 1024 973 a
1048 913 1254 993 Notyngham
1274 914 1304 976 le
1324 914 1355 994 vj
1376 915 1448 995 jour
1468 916 1508 977 de

272 1016 403 1098 August,
432 1018 495 1079 l'an
524 1020 563 1080 de
591 1024 681 1081 notre
709 1038 803 1098 regne
831 1019 967 1080 unnime.

352 1135 435 1197 (lum
472 1136 568 1217 igitur
602 1138 775 1198 seeundum
820 1135 1007 1216 Apostolum
1048 1136 1293 1208 obsecraciones‚
1335 1138 1508 1210 oraciones,

271 1241 513 1321 postulationes,
538 1242 713 1321 graciarum
736 1242 879 1303 acciones
900 1241 968 1303 fieri
989 1262 1047 1322 pro
1065 1242 1212 1303 omnibus
1236 1243 1425 1315 hominibus,
1448 1264 1508 1323 pro

271 1348 410 1427 Regibus
432 1340 465 1409 et
488 1348 635 1409 omnibus
657 1349 711 1429 qui
736 1349 769 1407 in
789 1348 983 1409 sublimitate
1007 1354 1083 1409 sunt
1110 1349 1284 1419 constituti,
1305 1353 1341 1409 ut
1365 1349 1507 1429 quietam

271 1458 303 1513 et
330 1454 534 1534 tranquillam
562 1454 661 1515 vitam
689 1459 784 1533 agant
812 1454 845 1513 in
874 1454 961 1514 omni
995 1454 1114 1533 pietate
1141 1458 1174 1514 et
1202 1454 1357 1527 castitate,
1385 1454 1505 1515 bonum

271 1564 303 1619 et
323 1564 489 1640 acceptum
512 1560 555 1621 sit
576 1580 682 1621 coram
704 1560 859 1621 salvatore
883 1559 1012 1620 domino
1034 1564 1142 1620 nostro
1164 1560 1242 1631 Deo,
1265 1579 1321 1621 vos
1344 1579 1455 1621 omnes
1474 1566 1508 1622 et

271 1666 412 1745 singulos
436 1687 508 1726 oum
531 1667 642 1728 eodem
671 1666 813 1746 apostolo
838 1664 1038 1727 obsecramus
1063 1671 1095 1727 et
1116 1665 1280 1727 hortamur
1300 1666 1333 1725 in
1357 1666 1506 1739 Domino,

271 1772 359 1833 vobis
387 1772 611 1834 nichilominus
639 1772 771 1833 firmiter
797 1773 999 1853 injungentes
1026 1772 1176 1852 quatinus
1203 1772 1379 1852 predictum
1407 1773 1508 1834 domi·

271 1898 347 1938 num
375 1878 495 1957 Regem
522 1883 555 1939 et
582 1898 693 1939 omnes
721 1878 780 1939 sibi
808 1878 996 1939 adherentes
1024 1878 1203 1938 divinorum
1231 1877 1507 1951 celebracionibus,

271 1984 392 2045 devotis
412 1982 619 2055 oracionibus,
638 1989 671 2045 et
689 1983 758 2045 aliis
776 1983 933 2064 suffragiis
950 1983 1166 2063 spiritualibus
1182 1984 1251 2045 Deo
1268 1985 1506 2058 commendetis,

272 2090 470 2170 majestatem
505 2090 605 2169 ipsius
640 2089 801 2151 humiliter
834 2089 1040 2169 implorantes
1070 2093 1107 2149 ut
1141 2090 1224 2150 idem
1255 2089 1331 2162 Rex,
1363 2090 1417 2169 qui
1448 2110 1508 2152 sua

272 2197 477 2258 miseracione
511 2196 650 2276 suscepit
681 2196 768 2276 regni
797 2195 1016 2277 gubernacula,
1052 2195 1206 2256 virtnmm
1237 2196 1333 2257 etiam
1364 2197 1507 2257 omnium

271 2304 425 2383 percipiat
449 2304 652 2376 incrementa,
680 2302 794 2382 quibua
818 2303 967 2364 decenter
989 2307 1119 2363 ornatus
1147 2301 1299 2363 viciorum
1326 2303 1507 2382 voraginem

273 2408 421 2480 desitus,
438 2408 546 2469 hostes
563 2427 719 2488 superare,
734 2412 766 2468 et
783 2406 944 2487 adipsum
962 2407 1016 2486 qui
1033 2407 1084 2467 via
1100 2412 1133 2468 et
1149 2407 1265 2468 veritas
1282 2412 1331 2468 est
1347 2408 1509 2487 graciosns

273 2514 375 2575 valeat
399 2514 570 2594 pervenire.
614 2512 662 2573 Ad
684 2514 742 2574 hec
764 2511 853 2573 vobis
875 2513 1070 2593 injungimus
1092 2518 1124 2574 et
1146 2513 1335 2575 mandamus
1356 2514 1508 2594 quatinus

273 2621 444 2681 secundam
479 2626 603 2699 partem
631 2619 707 2680 dicti
745 2619 886 2679 mandati
925 2619 1161 2699 circumspectis
1199 2619 1507 2681 consideracionibus

272 2726 472 2787 attendentes
497 2725 596 2805 ipsius
620 2724 800 2786 executioni
824 2744 897 2785 cum
920 2730 1030 2786 exacta
1048 2724 1214 2804 diligencia
1234 2724 1377 2786 celeriter
1398 2724 1502 2786 inten-

271 2829 352 2890 datis
377 2829 476 2890 nichil
496 2829 534 2891 de
559 2829 813 2909 contingentibus
838 2830 1031 2890 omittentes.
1084 2829 1204 2889 Datum
1224 2829 1309 2909 apud
1329 2830 1507 2909 Edyndone

351 3054 472 3116 Similis
499 3054 680 3115 commissio
708 3053 768 3114 fuit
795 3053 879 3115 iacta
906 3053 1020 3115 Abbati
1047 3058 1080 3115 et
1108 3053 1285 3116 Conventui
1312 3054 1352 3116 de
1380 3053 1506 3135 wigge-

272 3181 365 3223 more.

271 3368 352 3449 Sept.
378 3366 655 3429 s-00mmissi0o
679 3373 708 3427 to
734 3366 782 3427 the
804 3365 1002 3427 Archdeoooo
1021 3366 1057 3445 of
1077 3365 1230 3445 Horcsord
1251 3372 1280 3427 to
1301 3364 1434 3427 instrrrct
1456 3365 1507 3428 tir

393 3448 502 3527 Olcrqy
527 3455 556 3509 to
577 3468 658 3529 prop
677 3449 732 3528 for
760 3447 810 3508 tho
833 3447 943 3526 Kioq's
967 3466 1084 3508 succes
1109 3447 1233 3525 oqotrsst
1258 3445 1307 3507 tho
1332 3446 1428 3508 Scots.

349 3594 437 3655 Iram
466 3595 648 3656 commemo
684 3608 789 3652 susan
813 3607 1002 3651 nususuom
1032 3607 1221 3652 surraasns
1253 3606 1354 3651 raom
1385 3589 1507 3649 hacm-

269 3716 409 3760 onooso
426 3696 850 3767 Haaasoannusn—Adam,
866 3700 936 3767 etc..
951 3695 1066 3756 dilecto
1082 3695 1115 3754 in
1137 3695 1264 3757 Christo
1285 3695 1359 3767 filio,
1377 3695 1507 3756 domino

270 3805 498 3867 Archidiaoono
534 3802 759 3865 Hereiordensi
794 3802 938 3874 salutem,
977 3807 1037 3863 eto.
1076 3802 1215 3862 Litteras
1249 3801 1369 3863 domini
1404 3802 1507 3864 nostri

269 3910 363 3991 Regis
384 3910 418 3969 in
435 3909 539 3971 verbis
560 3908 690 3969 Gallicis
711 3908 879 3988 recipimus
894 3908 926 3967 in
947 3908 1007 3969 heo
1028 3906 1135 3969 verba:
1157 3908 1303 3980 Edward,
1321 3913 1381 3969 etc.
1423 3907 1505 3969 (tum

268 4017 371 4097 igitur,
398 4021 458 4077 etc.
483 4016 530 4095 (ut
552 4014 669 4095 snpra),
691 4014 892 4094 injungentes
916 4014 1067 4094 quatinus
1091 4012 1273 4075 convocatis
1296 4013 1451 4093 religiosis
1472 4019 1507 4076 ct

268 4122 336 4184 aliis
356 4120 502 4201 personis
524 4120 756 4181 Ecclesiastiois
784 4120 880 4180 vestri
909 4119 1189 4181 Archidiaoonatus
1217 4120 1295 4199 ipsis
1316 4122 1506 4184 anctoritate

268 4233 376 4289 nostra
410 4226 584 4288 districtius
616 4224 788 4306 injungatis
819 4230 856 4286 ut
886 4226 1063 4306 predictum
1091 4226 1254 4286 dominum
1283 4226 1411 4307 Regem,
1443 4232 1505 4288 etc.

269 4333 315 4394 Ae
336 4333 396 4394 hec
417 4332 506 4393 vobis
527 4332 731 4412 injungimus,
754 4337 813 4393 eto.

348 4450 470 4512 Similis
503 4449 684 4510 commissio
714 4449 799 4511 iacta
826 4450 886 4510 fuit
914 4450 1143 4513 Archidiacono
1172 4452 1330 4531 Salopsire
1357 4452 1408 4515 vel
1434 4453 1506 4533 ejus

269 4556 373 4619 locum
394 4557 527 4654 tenenti⁸¹

269 4775 345 4855 Aeq.
373 4774 551 4836 12.-J0hn
580 4772 774 4856 [Dotierby],
796 4774 915 4854 Bishop
942 4776 978 4854 of
1001 4774 1144 4848 Liccotn,
1172 4776 1278 4836 oltows
1307 4776 1357 4837 tho
1384 4776 1505 4857 Bistop

389 4856 425 4937 ⁰s
443 4854 595 4936 Heroford
617 4862 646 4917 to
667 4862 836 4917 ooosocroto
850 4856 913 4934 fico
933 4856 1032 4917 ultore
1053 4857 1089 4917 in
1110 4856 1159 4917 the
1182 4856 1306 4918 utores
1326 4858 1362 4936 os
1380 4858 1504 4920 Thonis.

350 5002 498 5062 Limusa
525 5016 644 5061 nomm
672 5000 926 5063 Lruoonruarsrs
954 5002 1112 5063 Errscorr
1139 5020 1200 5062 rao
1224 5020 1405 5063 narramus
1428 5020 1506 5064 ooa-

270 5125 448 5169 saoasrms
469 5124 504 5167 ru
526 5123 684 5168 sconsam
703 5124 746 5167 na
766 5106 883 5167 Tarsus
898 5125 962 5167 rna
982 5108 1504 5185 Haanroanassssr.—Johannes‚
