3850 5917
703 723 854 805 Episcopi
881 722 1125 805 Heresordcnais.
1474 728 1535 789 289

82 956 168 997 Α-ὓ·
189 956 249 996 ¹²³⁸·
293 950 342 1012 vel
378 949 562 1011 ballivorum
592 971 722 1013 suorum
750 951 937 1030 deriperent,
967 950 1017 1011 vel
1046 971 1066 1010 a
1094 950 1239 1012 domibus
1267 957 1323 1013 aut
1360 952 1429 1013 aliis
1458 952 1536 1014 locis

293 1055 498 1118 eeclesiarum
526 1076 582 1136 per
614 1056 801 1118 violenciam
826 1062 1052 1118 ammoverent.
1117 1056 1172 1118 Set
1203 1062 1239 1117 ut
1279 1078 1316 1119 ex
1347 1064 1420 1138 post
1451 1058 1535 1121 iacto

293 1160 471 1233 didicimus,
495 1168 528 1223 et
553 1161 690 1242 gravit0r
712 1161 825 1223 exinde
849 1161 1002 1233 dolemus,
1030 1161 1233 1224 execuciones
1261 1162 1442 1244 hujusmodi
1471 1184 1534 1226 non

293 1265 413 1347 absque
433 1264 605 1327 multorum
619 1264 767 1346 periculo,
783 1270 816 1327 et
836 1286 945 1327 eorum
967 1266 1115 1346 precipue
1129 1266 1182 1346 qui
1198 1267 1238 1327 ad
1252 1267 1283 1327 id
1298 1288 1336 1329 ex
1355 1268 1535 1331 obediencie

291 1370 399 1433 debito
419 1372 617 1444 tenebantur,
642 1372 682 1432 ab
705 1371 862 1452 aliquibus
886 1372 1081 1451 coepiscopis
1102 1372 1220 1433 nostris
1242 1372 1275 1433 in
1298 1379 1375 1445 toto,
1405 1374 1444 1435 ab
1465 1374 1535 1437 aliis

293 1482 401 1538 autem
421 1476 454 1537 in
475 1482 566 1556 parte
587 1477 742 1538 hactenus
758 1482 834 1537 sunt
854 1477 973 1547 omissi,
995 1497 1052 1557 per
1072 1478 1156 1557 quod
1173 1478 1374 1558 quamplures
1396 1480 1533 1541 malivoli

292 1582 482 1662 quandoque
522 1587 736 1661 sumpserunt,
778 1586 811 1643 et
845 1581 1052 1662 imposterum
1081 1581 1186 1644 forsan
1222 1589 1349 1644 sument
1383 1585 1534 1664 majorem

293 1686 457 1748 audaciam
480 1686 587 1747 taliter
616 1686 828 1766 delinquendi.
885 1686 924 1746 In
952 1688 1065 1748 ultima
1094 1688 1193 1750 eciam
1222 1689 1428 1751 innovacione
1450 1710 1534 1773 mag·

293 1812 406 1853 aarum
428 1798 586 1854 cartarum
607 1791 646 1855 de
675 1792 873 1855 libertatibus
895 1798 928 1855 et
958 1794 1076 1855 foresta
1105 1794 1281 1875 antiquitus
1313 1814 1533 1857 concessarum

291 1918 350 1979 per
382 1899 558 1979 principem
593 1919 694 1979 nuper
738 1898 830 1971 iacta,
866 1900 1014 1962 dominus
1048 1900 1115 1962 Rex
1150 1901 1256 1962 talit0r
1285 1900 1345 1962 hec
1379 1901 1535 1963 innovans

293 2003 460 2075 ordinavit,
481 2009 514 2066 et
535 2005 649 2066 statuit
668 2005 753 2084 quod
780 2005 889 2067 eedem
919 2011 1005 2067 carte
1026 2006 1066 2065 ad
1090 2006 1287 2067 cathedrales
1308 2006 1456 2068 ecclesias
1478 2028 1535 2088 per

294 2115 398 2171 totum
428 2128 559 2189 regnum
586 2110 697 2190 Anglie
718 2111 928 2183 mitterentur,
954 2117 987 2173 et
1008 2117 1207 2173 remanerent
1235 2112 1360 2183 ibidem,
1388 2112 1535 2192 quodque

292 2214 472 2295 legerentur
504 2235 612 2276 coram
642 2215 760 2295 populo
791 2215 840 2277 bis
869 2216 902 2276 in
932 2236 1025 2289 anno,
1056 2223 1088 2278 et
1117 2217 1202 2297 quod
1231 2216 1466 2298 Archiepiscopi
1501 2224 1535 2279 et

293 2322 445 2403 Episcopi
474 2321 585 2402 Anglie
615 2322 733 2384 ferrent
762 2322 892 2404 majoris
919 2324 1257 2385 excommunicacionis
1293 2324 1471 2386 sentencias
1500 2324 1533 2386 in

236 2452 251 2483 ·.
293 2446 405 2489 omnes
429 2428 500 2489 illos
528 2428 582 2507 qui
612 2434 723 2490 contra
743 2428 844 2490 dictas
875 2430 1029 2501 venirent,
1059 2428 1142 2492 iacto
1170 2429 1301 2491 consilio
1325 2430 1375 2491 vel
1409 2430 1534 2503 auxilie,

173 2590 180 2599 ,
225 2589 231 2600 ,
293 2536 349 2593 aut
370 2530 403 2591 in
423 2551 612 2612 quocunque
633 2537 753 2611 puncto
773 2532 980 2612 infringerent
1008 2538 1112 2595 cartas
1141 2533 1235 2613 ipsas,
1264 2534 1410 2614 quodque
1438 2533 1533 2596 iidem

293 2638 443 2718 Episcopi
466 2639 592 2700 easdem
613 2639 792 2701 sentcncias
812 2638 1010 2719 publicarent
1024 2640 1074 2701 vel
1092 2640 1231 2702 facerent
1245 2640 1396 2721 publicari
1417 2641 1450 2701 in
1468 2641 1533 2703 suis

294 2742 527 2805 cathedralibus
545 2744 686 2805 ecclesiis
707 2744 809 2806 bisin
831 2766 923 2817 anno,
945 2751 979 2808 et
997 2746 1080 2826 quod
1102 2745 1253 2825 Episcopi
1274 2766 1369 2826 super
1391 2745 1534 2808 iacienda

293 2848 509 2928 publicacione
538 2850 719 2929 hujusmodi
749 2850 943 2931 negligentes
978 2871 1034 2931 per
1065 2851 1324 2914 Cantuariensem
1353 2857 1385 2913 et
1414 2852 1531 2914 Ebora·

291 2974 418 3016 eensem
441 2954 711 3035 Archiepiscopos,
740 2955 793 3036 qui
815 2975 872 3036 pro
896 2961 1039 3037 tempore
1064 2956 1190 3028 fuerint,
1218 2957 1532 3037 reprehenderentur,

290 3066 324 3121 et
367 3060 407 3121 ad
448 3060 711 3122 denunciaciones
738 3061 921 3140 hujusmodi
962 3062 1123 3125 faciendas
1163 3082 1220 3143 per
1260 3063 1387 3125 eosdem
1423 3063 1531 3124 Archi·

292 3166 458 3247 episcopos
479 3172 666 3228 artarentur.
708 3166 777 3229 Nos
791 3167 890 3229 eciam
912 3173 945 3229 et
966 3168 1066 3230 nostri
1081 3168 1259 3248 coepiscopi
1279 3172 1356 3229 tunc
1369 3174 1533 3248 presentes

291 3292 329 3333 ac
349 3272 442 3334 nobis
462 3273 496 3333 in
516 3272 750 3353 pontificalibus
771 3273 957 3335 assistentes
978 3274 1062 3354 apud
1082 3274 1401 3335 Westmonastenum
1430 3273 1531 3334 eciam

292 3380 333 3439 de
353 3397 510 3439 consensu
530 3377 652 3439 consilii
684 3378 804 3439 domini
838 3378 934 3459 Regis
969 3384 1046 3440 tunc
1077 3380 1109 3439 in
1140 3380 1282 3459 partibus
1311 3378 1530 3441 transmarinis

290 3484 425 3564 agentis,
450 3484 568 3545 dictam
590 3485 930 3547 excommunicacionis
950 3486 1145 3547 sentenciam
1172 3486 1376 3566 solempniter
1401 3486 1532 3547 tulimus

290 3592 324 3648 et
350 3586 581 3667 publicavimus
608 3588 642 3648 in
663 3589 792 3669 vulgari.
836 3590 881 3653 Ut
905 3590 1001 3671 igitur
1028 3596 1094 3651 tarn
1122 3591 1290 3653 salubriter
1316 3591 1469 3663 ordinata,
1497 3596 1530 3653 et

235 3762 238 3766 ¹
289 3692 400 3771 grandi
422 3693 583 3754 communi
601 3694 740 3756 utilitate
756 3696 883 3774 provisa
902 3716 959 3776 per
975 3695 1262 3757 dissimulacionem
1281 3716 1345 3757 non
1367 3701 1531 3757 transeant

291 3798 362 3859 sine
385 3798 500 3870 fructu,
519 3799 586 3879 jam
609 3800 643 3859 in
671 3800 783 3861 ultima
811 3801 1056 3881 congregacione
1083 3801 1275 3881 prelatorum
1303 3806 1335 3863 et
1356 3800 1430 3862 cleri
1457 3806 1532 3881 post

291 3903 409 3966 testum
430 3904 616 3967 Nativitatis
638 3906 740 3968 sancti
760 3907 917 3968 Johannis
941 3906 1088 3987 Baptiste
1109 3904 1198 3986 apud
1215 3905 1341 3967 Novum
1365 3905 1530 3985 Templum

292 4009 465 4073 londoniis
492 4031 549 4091 per
583 4032 642 4073 nos
672 4017 860 4093 nostrosque
887 4013 1090 4093 coepiscopos
1113 4018 1146 4073 et
1175 4011 1322 4091 prelatos,
1345 4030 1381 4071 ac
1412 4011 1530 4072 clerum

292 4121 400 4177 nostre
433 4116 671 4179 cantuariensis
701 4118 861 4197 provincie
889 4118 1051 4198 provisum
1079 4116 1184 4179 extitit
1214 4120 1247 4177 et
1274 4114 1464 4187 condictum,
1493 4120 1530 4177 ut

291 4220 375 4283 dicte
395 4222 760 4285 excommunicaciouum
785 4223 945 4285 sentencie
974 4227 1084 4284 contra
1111 4221 1278 4283 violatores
1302 4225 1458 4281 cartarum
1481 4220 1531 4282 bis

256 4375 258 4378 .
291 4329 325 4388 in
342 4349 427 4390 anno
445 4334 602 4409 utsupra,
620 4329 766 4390 videlicet
783 4330 815 4389 in
829 4328 911 4391 festo
928 4328 1078 4391 Omnium
1098 4328 1295 4397 Sanctorum,
1313 4330 1345 4387 et
1362 4325 1530 4387 Dominica

247 4486 251 4496 ,
290 4436 323 4494 in
345 4434 456 4497 Remis
484 4435 674 4506 Palmarum,
713 4436 745 4494 in
776 4435 1008 4496 cathedralibus
1036 4432 1175 4495 ecclesiis
1202 4451 1260 4512 per
1288 4430 1472 4511 Episcopos,
1501 4430 1529 4492 si

291 4541 359 4604 lieri
379 4542 490 4621 possit,
512 4540 651 4621 alioquin
679 4561 787 4602 eorum
813 4540 1001 4602 auctoritate
1021 4560 1078 4619 per
1098 4538 1176 4599 alios
1197 4536 1402 4616 solempnit0r
1428 4536 1528 4616 publi·

289 4652 410 4709 centur.
453 4646 534 4722 Quia
555 4646 685 4727 insuper
705 4647 851 4709 dominus
872 4646 942 4708 Rer'
959 4646 992 4706 in
1013 4644 1218 4707 innovacione
1239 4643 1379 4723 predicta
1399 4642 1529 4722 prelatis

290 4749 324 4805 et
344 4744 405 4805 toti
425 4743 646 4805 communitati
667 4744 754 4824 regni
775 4742 961 4824 promiserat
983 4744 1073 4823 quod
1091 4762 1149 4822 pro
1173 4740 1260 4802 nullo
1287 4739 1416 4819 negocio
1444 4738 1529 4819 quic·

290 4860 386 4920 quam
408 4841 536 4929 nomine
557 4841 657 4921 ipsius
679 4841 799 4902 domini
819 4840 915 4921 Regis
944 4842 984 4902 de
1012 4839 1103 4901 bonis
1124 4838 1256 4918 alicujus
1277 4840 1441 4916 caperetur
1461 4836 1530 4898 sins

292 4938 391 4999 totius
415 4938 504 5017 regni
528 4937 689 4999 communi
713 4956 854 5009 assensu,
879 4937 912 4999 et
936 4937 964 4999 si
989 4936 1160 5016 contingat,
1184 4934 1267 5015 quod
1292 4932 1383 5003 absit,
1407 4932 1529 5013 aliquos

268 5079 270 5083 -
293 5034 510 5097 malefactores
533 5035 573 5096 de
593 5034 747 5105 domibus,
772 5035 919 5115 grangiis,
940 5034 990 5095 vel
1011 5034 1080 5095 aliis
1094 5032 1172 5093 locis
1192 5029 1420 5100 ecclesiasticis,
1447 5028 1530 5091 bona

257 5128 261 5134 ’
293 5132 576 5194 ecclesiasticarum
596 5131 953 5212 personarum'aulerre,
975 5130 1138 5201 abducere,
1157 5128 1207 5190 vel
1225 5126 1401 5213 aliqualiter
1421 5144 1527 5205 aspor-
