3850 5917
687 689 838 768 Episcopi
864 687 1108 768 Heresorderrsr's.
1458 689 1516 748 119

123 951 169 988 ts>—
184 950 234 988 ¹³¹⁹-
275 939 358 1018 Sept.
388 937 543 998 m-Tlo
578 937 697 1016 Bishop
724 937 934 997 coremissiorts
969 937 1112 996 Richord
1139 937 1176 996 de
1208 937 1326 996 Vereorr
1352 937 1416 996 ond
1438 938 1516 1015 four

397 1018 496 1079 others
526 1025 554 1078 to
583 1027 669 1078 eracl
691 1019 776 1095 from
805 1018 853 1078 the
876 1018 985 1077 Burei
1008 1018 1122 1088 Deam,
1152 1017 1289 1096 Boilr'ffs.
1316 1024 1380 1088 etc,
1405 1037 1426 1076 a
1448 1017 1517 1096 full

397 1107 524 1160 (recount
546 1100 581 1178 os
601 1099 647 1158 all
671 1099 719 1158 the
740 1099 832 1176 poods
854 1100 889 1177 os
911 1099 960 1158 the
983 1098 1102 1177 Bishop
1123 1098 1226 1158 which
1249 1098 1324 1158 lrooe
1345 1119 1426 1158 come
1448 1097 1516 1158 into

399 1180 480 1240 their
514 1180 612 1240 lrorrds
647 1180 730 1239 since
766 1179 801 1239 ire
833 1179 968 1239 received
1004 1179 1053 1239 thr
1087 1179 1308 1258 spiritualiter
1342 1178 1407 1238 arrd
1442 1185 1515 1239 tem·

394 1260 557 1340 porolr'tiee
585 1262 620 1339 os
646 1261 694 1320 tlte
724 1261 787 1320 See.

357 1416 538 1476 Gonnrssm
560 1435 602 1475 an
636 1433 865 1475 nnorrmnnuru
897 1416 1316 1495 nostrorum—Episcopus,
1352 1422 1422 1488 etc,
1454 1418 1518 1477 die-

278 1524 381 1593 cretis,
414 1523 565 1602 magistro
597 1522 634 1581 R.
668 1523 706 1582 de
734 1523 893 1591 vernoun,
930 1523 1082 1582 canonico
1114 1521 1349 1593 Herelordensi,
1381 1522 1516 1593 officiali,

278 1629 416 1690 Johenni
449 1630 487 1690 de
519 1628 681 1689 Bromleld
709 1629 834 1699 seniori,
864 1628 992 1689 domino
1024 1628 1062 1688 R.
1094 1629 1133 1688 de
1165 1629 1357 1707 Breyntone,
1389 1629 1519 1690 Rectori

277 1736 407 1798 ecclesie
443 1736 482 1796 de
510 1734 586 1806 Ake,
619 1739 727 1795 nostre
754 1733 897 1804 diocesis,
927 1739 959 1794 et
991 1733 1120 1794 domino
1155 1733 1206 1793 W.
1242 1732 1357 1804 Gades,
1389 1733 1518 1794 Rectori

278 1841 407 1903 ecclesie
442 1841 481 1901 de
509 1841 710 1919 Bredeweye‚
743 1839 961 1918 Wigornensis
989 1839 1133 1909 diocesis,
1162 1838 1284 1900 clericis
1311 1838 1519 1900 familiaribus

279 1948 404 2018 nostrie,
437 1953 470 2007 et
506 1947 667 2026 Stephano
692 1945 788 2006 dicto·
809 1945 933 2016 iuveni,
962 1945 1078 2006 bnllivo
1109 1951 1219 2006 nostro
1256 1945 1295 2005 de
1331 1946 1517 2024 Bromyaul,

278 2053 422 2122 salutem,
445 2057 505 2112 etc.
548 2053 597 2112 De
618 2051 773 2111 industrie
798 2057 830 2111 et
855 2050 1007 2111 fidelitate
1024 2050 1139 2110 vestris
1162 2049 1302 2129 plenarie
1322 2049 1518 2111 confidentes

279 2158 366 2218 vobis
389 2157 428 2218 ad
451 2157 638 2235 exigendum
667 2162 700 2216 et
727 2155 941 2234 recipiendum
970 2176 988 2216 e
1016 2156 1153 2226 decanis,
1176 2155 1308 2226 ballivis,
1338 2156 1518 2235 prepositis,

279 2270 310 2326 et
341 2264 411 2326 aliis
443 2263 561 2324 nostris
593 2262 747 2323 ministris
775 2261 979 2323 ratiocinium
1007 2282 1063 2324 eeu
1092 2267 1275 2342 compotum
1304 2262 1343 2322 de
1371 2262 1520 2324 omnibus

279 2370 369 2432 bonis
399 2370 518 2432 nostris
546 2388 607 2448 que
637 2369 676 2428 ed
714 2368 854 2448 ipsorum
883 2389 997 2429 manue
1028 2375 1248 2448 pervenerunt,
1277 2369 1327 2430 vel
1354 2369 1519 2448 pervenire

279 2477 463 2547 debuerunt,
501 2495 557 2536 seu
596 2479 754 2553 poterunt,
788 2494 806 2534 e
845 2479 914 2535 toto
943 2479 1086 2553 tempore
1113 2493 1176 2553 quo
1200 2474 1292 2535 nobis
1329 2475 1520 2536 exstiterunt

280 2589 388 2644 nostra
419 2581 594 2661 spiritualia
626 2586 658 2640 et
689 2579 875 2659 temporalia
903 2579 1035 2640 liberata
1066 2599 1167 2658 usque
1194 2580 1235 2640 ed
1262 2585 1389 2659 tempus
1416 2581 1519 2641 reddi-

281 2690 379 2751 cionis
421 2687 581 2748 reciooinii
623 2706 680 2746 seu
718 2685 857 2764 compoti
899 2684 1019 2745 eisdem
1060 2689 1133 2763 post
1174 2685 1281 2744 datam
1319 2685 1520 2765 presencium

281 2794 478 2874 imponendo,
507 2798 539 2853 et
568 2793 608 2852 ad
636 2792 723 2871 ipsos
752 2791 792 2851 ed
820 2791 889 2861 hoc,
921 2791 949 2851 si
976 2809 1107 2851 necesse
1138 2789 1242 2861 fuerit,
1274 2790 1518 2870 compellendos,

152 2936 184 2973 νο,
220 2965 225 2976 ,
281 2920 403 2961 necnon
435 2899 474 2958 ed
505 2898 712 2959 alloceciones
749 2896 909 2958 faciendas
947 2897 1075 2967 eisdem,
1111 2902 1205 2975 prout
1235 2896 1325 2958 vobis
1362 2897 1522 2958 videbitur

279 3004 400 3082 justum
428 3008 460 3064 et
485 3001 682 3072 racionabile,
712 3007 743 3062 et
771 3001 878 3062 omnia
912 3002 974 3062 alia
1004 3007 1037 3062 et
1068 3001 1192 3081 singule
1224 3003 1353 3081 agenda,
1385 3023 1446 3082 que
1477 3004 1520 3064 ad

281 3109 463 3190 hujusmodi
494 3108 698 3169 ratiocinium
737 3127 794 3169 seu
825 3113 1007 3187 compotum
1036 3112 1188 3187 poterunt
1217 3107 1384 3186 pertinere,
1408 3120 1520 3170 tenore

278 3215 477 3297 presencium
500 3214 703 3275 concedimus
722 3213 906 3275 iecultatem
927 3213 1023 3292 (quod
1045 3214 1072 3274 si
1094 3232 1159 3273 non
1178 3232 1290 3274 omnes
1306 3213 1368 3275 hiis
1389 3214 1520 3293 agendis

279 3321 446 3403 potueritis
473 3321 635 3391 interesse,
661 3325 804 3399 quatuor,
830 3325 903 3391 tres,
927 3326 983 3380 eut
1007 3320 1070 3380 duo
1091 3325 1233 3381 vestrum
1256 3340 1295 3382 ea
1312 3320 1520 3384 nihilominus

279 3429 502 3506 exsequantur)
518 3433 622 3488 retum
638 3427 776 3488 hebitnri
794 3432 827 3488 et
846 3433 970 3506 gratum
989 3427 1139 3507 quicquid
1158 3447 1215 3488 vos
1234 3448 1353 3498 omnes,
1373 3433 1519 3508 quatuor,

280 3539 353 3604 tres,
386 3538 442 3593 eut
473 3532 535 3592 duo
563 3537 703 3592 vestrum
731 3530 869 3592 feceritis
897 3530 930 3590 in
958 3532 1130 3610 premissis.
1189 3532 1228 3591 In
1256 3532 1347 3611 cujus
1375 3533 1429 3604 rei,
1457 3539 1519 3594 eto.

280 3641 401 3700 Datum
419 3639 451 3698 in
470 3638 611 3718 prioratu
630 3637 732 3698 sancti
750 3637 824 3697 Rufi
845 3637 935 3716 juxta
949 3637 1167 3716 Avynyonem,
1184 3645 1236 3698 xv⁰
1249 3638 1299 3699 die
1314 3638 1519 3718 Septembris,

280 3765 364 3806 anno
389 3743 517 3804 Domini
541 3741 754 3813 Musonio,
779 3747 838 3803 etc.

282 4011 359 4071 Nor.
380 4009 517 4070 4.—Tlre
537 4007 656 4088 Bishop
677 4009 806 4070 horrores
829 4010 878 4070 the
907 4021 923 4045 ‘⁴
935 4011 1064 4072 Surena
1087 4011 1283 4090 Theolopie,”
1308 4013 1372 4073 arrd
1392 4013 1518 4076 correus

404 4089 490 4152 other
513 4089 601 4150 booles
624 4092 710 4169 from
732 4091 890 4152 Laurence
914 4093 1037 4152 Broton
1059 4092 1097 4152 de
1123 4093 1279 4172 Ghrppinp
1303 4094 1430 4167 Nonou,
1454 4096 1519 4156 ond

400 4170 549 4252 promisee
572 4177 601 4231 to
621 4178 728 4231 retem
747 4172 876 4232 thensin
897 4173 1053 4251 Erylum,
1068 4193 1104 4234 or
1118 4180 1148 4234 to
1158 4194 1223 4253 pay
1239 4173 1319 4236 their
1333 4174 1403 4254 just
1420 4177 1516 4255 price.

359 4350 506 4409 ΒΗΜΛ
527 4367 745 4410 oemosroars
765 4368 826 4410 rao
847 4369 954 4413 nunus
979 4370 1139 4413 aucuerre
1162 4371 1205 4412 nn
1228 4353 1420 4416 Leuenucro
1441 4374 1519 4417 cou-

280 4472 465 4517 srnounmo
487 4455 829 4518 M'orn1.-Universis
846 4463 953 4536 pateat
969 4477 1027 4537 per
1046 4464 1216 4537 presentes
1227 4461 1311 4538 quod
1333 4481 1392 4522 nos
1407 4462 1518 4535 Adam,

281 4567 351 4632 ete,
370 4561 540 4642 recipimus
560 4582 580 4622 a
601 4561 777 4623 Laurencio
800 4563 942 4624 Brutone
961 4564 1001 4625 de
1020 4564 1330 4645 Ghepyngnorthone
1354 4568 1519 4629 Summam

282 4667 388 4730 nuens
409 4668 531 4729 Thome
557 4668 597 4728 de
625 4667 749 4748 Aquino
777 4668 810 4728 in
838 4676 974 4749 quatuor
1001 4671 1230 4742 voluminibus;
1260 4672 1337 4733 item
1364 4674 1519 4754 seriptum

282 4773 424 4852 ejusdem
465 4770 572 4833 fratris
612 4771 732 4832 Thome
773 4793 868 4853 super
907 4780 1057 4854 quartum
1100 4774 1214 4836 librum
1255 4776 1517 4852 Sentenoiarnm;

283 4877 397 4940 librum
432 4876 573 4938 Anaelmi
604 4878 643 4938 de
679 4877 943 4940 Similitudinibus
955 4897 962 4950 ;
998 4880 1111 4941 librum
1145 4881 1287 4943 Historia
1324 4883 1518 4959 Scelerum

284 4983 398 5044 librum
439 4983 607 5044 Rethorice
649 4983 843 5056 Aristotilis;
885 4985 1011 5045 librum·
1041 4986 1210 5047 Rethorice
1249 4987 1342 5047 Tullii
1354 5005 1361 5059 ;
1403 4988 1519 5052 librum

284 5089 454 5170 geometris
474 5107 547 5150 oum
567 5093 730 5160 comento;
753 5109 832 5169 quoe
852 5089 980 5170 quidem
1001 5090 1101 5152 libros
1120 5091 1203 5152 bone
1222 5091 1284 5153 fide
1302 5093 1520 5172 promittimus
