3850 5917
677 699 827 780 Episcopi
854 699 1097 780 Hercfordensis.
1463 703 1502 763 33

124 930 169 969 Μ’·
182 931 228 970 ¹³¹⁷·
267 923 399 984 aarum
434 922 528 985 istius
556 923 676 986 sanwic
700 944 770 984 cum
789 923 929 985 omnibus
949 924 1076 1004 juribus
1098 932 1126 985 et
1147 925 1348 1005 pertirwuciis
1372 928 1447 998 arcu,
1473 935 1503 988 ct

265 1028 370 1090 eodm
393 1029 578 1090 aucwritotc
598 1049 649 1090 uos
674 1029 825 1091 introniso
849 1050 903 1091 sou
923 1029 1059 1090 iustoilo.
1102 1031 1200 1092 Lecta
1220 1032 1322 1111 primo
1345 1037 1504 1112 potestate

266 1141 365 1215 ponat
381 1135 488 1213 ipsum
509 1135 635 1197 insede
657 1136 789 1196 dicendo
809 1136 962 1197 Dominus
987 1136 1142 1198 crutodiot
1162 1137 1327 1198 introitum
1352 1145 1447 1209 tcum,
1470 1144 1504 1200 et

264 1240 301 1302 iu
317 1241 442 1302 immine
463 1241 571 1302 Patris
587 1248 617 1302 et
636 1241 729 1314 Filii,
753 1245 803 1303 dcc.
846 1243 946 1317 Quem
972 1243 1099 1322 quidem
1119 1244 1282 1304 dominum
1307 1245 1502 1325 Episcopum

265 1348 414 1410 dominus
456 1347 703 1409 Archidiaconus
735 1347 977 1410 Herefordensis
1018 1348 1051 1408 in
1093 1349 1234 1429 predicta
1270 1349 1492 1412 commissione

268 1455 452 1516 nominatus
473 1454 676 1516 intronizavit
707 1454 758 1515 die
789 1454 957 1516 Dominica
986 1456 1129 1536 proxima
1148 1461 1222 1535 post
1252 1455 1369 1517 festum
1400 1456 1503 1517 sancti

266 1559 445 1630 Michaelis,
467 1579 551 1620 anno
571 1559 701 1620 Domini
724 1559 987 1640 Mffi0000mhvij0.

270 1788 333 1850 Oct.
355 1787 647 1868 4.-Appoinlmeut
671 1788 707 1867 os
723 1787 834 1866 Philip
863 1787 950 1866 Body
974 1795 1003 1848 io
1035 1788 1084 1848 the
1104 1787 1185 1866 office
1215 1789 1251 1869 os
1276 1789 1448 1868 Appuritor
1467 1789 1504 1850 ic

391 1869 442 1930 the
462 1868 695 1946 Archdccooury
716 1868 751 1948 of
768 1867 873 1947 Soiop.

345 2016 511 2078 Gonnsero
532 2034 652 2077 ereren
675 2033 884 2076 errsmronrs
906 2033 940 2076 ru
956 2015 1248 2077 Aucnmrseousru
1270 2018 1505 2078 sineremu-

267 2123 378 2194 Adam,
400 2128 471 2193 ete,
493 2122 626 2183 Officieli
655 2143 712 2182 suo
742 2122 886 2192 salutem,
916 2128 976 2183 eto.
1032 2123 1082 2184 De
1106 2123 1261 2183 industria
1289 2129 1322 2184 et
1349 2123 1502 2186 fidelitate

268 2229 374 2289 dilecti
395 2227 488 2288 nobis
509 2228 543 2287 in
564 2227 690 2289 Christo
712 2227 850 2308 Philippi
871 2227 963 2305 Body
984 2228 1063 2288 satis
1083 2227 1194 2289 confisi
1214 2229 1319 2308 ipsum
1339 2229 1501 2308 deputavi·

267 2353 337 2394 mus
358 2333 399 2394 ad
419 2333 557 2394 officium
570 2333 758 2413 apparitoris
772 2333 805 2391 in
827 2332 1092 2393 Archidiaeonatu
1107 2333 1264 2413 Salopsire
1279 2335 1501 2414 peragendum.

267 2437 309 2499 Et
341 2439 413 2498 ideo
455 2437 544 2499 vobis
585 2437 783 2517 presencium
818 2443 927 2499 tenore
969 2439 1157 2499 mandamus
1191 2439 1341 2518 quatinus
1381 2439 1501 2500 dictum

266 2544 451 2624 Philippum
487 2545 526 2604 ad
561 2544 680 2603 dictum
716 2543 852 2604 officium
888 2543 1047 2624 recipiatis
1081 2543 1185 2623 ipsum
1220 2544 1253 2604 in
1284 2544 1347 2605 hiis
1377 2544 1503 2624 plenius

266 2649 482 2710 informantes.
525 2651 654 2718 Datum,
675 2655 744 2720 etc,
766 2655 802 2710 ut
824 2670 928 2729 supra.

267 2871 349 2951 Sept.
372 2875 411 2930 21
417 2869 649 2950 .-Trunrcript
670 2871 705 2949 of
722 2891 742 2931 o
762 2870 983 2950 dispensationi,
1004 2871 1132 2949 prantcd
1154 2872 1192 2949 by
1206 2871 1324 2951 Bishop
1342 2871 1502 2950 Swinfieid

391 2961 421 3012 to
452 2951 482 3011 J.
507 2960 544 3012 dc
574 2951 719 3022 stretton,
749 2951 861 3012 Rector
887 2953 922 3031 os
944 2951 1108 3032 nastusi,
1139 2959 1168 3012 to
1199 2952 1232 3013 be
1259 2952 1365 3013 absent
1392 2959 1426 3013 at
1451 2953 1500 3014 iiis

389 3031 507 3094 studies
523 3033 578 3111 sor
599 3032 680 3092 three
700 3051 798 3110 years.

184 3229 189 3238 .
224 3231 229 3240 .
286 3169 293 3178 ’
345 3180 808 3240 Tnsnscnrrruu.-Ricardus
849 3180 1055 3260 permissione
1097 3179 1210 3242 'divina
1258 3181 1500 3244 Hereiordensis

268 3285 448 3366 Episcopus
472 3285 587 3346 dilecto
609 3285 641 3344 in
667 3284 794 3346 Christo
818 3285 883 3345 filio
907 3285 936 3346 J.
962 3287 1001 3347 de
1023 3285 1194 3358 Strettone,
1220 3287 1344 3348 Rectori
1369 3287 1500 3349 ecclesie

267 3391 304 3452 de
324 3391 481 3470 Esthope,
496 3397 604 3452 nostre
618 3391 751 3452 diocesis
767 3391 968 3462 subdiacono,
988 3391 1132 3462 salutem,
1147 3398 1206 3453 etc.
1238 3393 1304 3454 Tne
1320 3393 1500 3456 devocionis

267 3497 413 3576 precibus
448 3495 591 3556 inclinati
622 3501 659 3556 ut
689 3497 722 3555 in
753 3495 915 3557 ordinibus
945 3497 1012 3576 jam
1043 3497 1199 3578 susceptis
1233 3518 1290 3578 per
1327 3497 1499 3558 triennium

264 3603 408 3682 proximo
429 3621 564 3681 sequens
596 3623 615 3662 a
641 3606 783 3681 tempore
812 3601 869 3662 tibi
900 3602 1062 3664 commissi
1081 3602 1242 3682 regiminis
1270 3605 1500 3664 numerandum

264 3707 349 3770 licite
377 3707 484 3768 valeas
505 3727 617 3769 vacare
645 3707 819 3768 scolasticis
849 3707 1033 3787 disciplinis,
1065 3709 1239 3769 secundum
1259 3713 1400 3769 tenorem
1425 3728 1498 3769 con-

265 3812 447 3874 stitucionis
468 3812 568 3874 felicis
589 3812 817 3874 recordacionis
837 3813 957 3874 domini
978 3812 1134 3873 Boniiacii
1161 3813 1247 3892 Pape
1268 3813 1371 3874 octavi
1405 3813 1498 3886 edite,

264 3918 297 3980 in
321 3920 384 3981 hae
404 3924 495 3999 parte
516 3923 621 3980 tecum
642 3925 751 3980 tenore
771 3919 970 3999 presencium
990 3918 1219 3998 dispensamus,
1243 3919 1369 3999 proviso
1390 3924 1499 3981 tamen

262 4025 346 4105 quod
383 4023 515 4086 ecclesia
549 4030 604 4084 tua
638 4023 766 4084 interim
787 4022 914 4084 'debitis
954 4043 1019 4083 non
1058 4022 1219 4084 fraudetur
1261 4023 1419 4102 obsequiis
1466 4028 1498 4084 et

263 4131 443 4191 animarum
464 4135 613 4190 curatus
634 4128 781 4209 parochie
802 4129 983 4189 nullatenus
1004 4128 1187 4208 negligatur,
1209 4134 1241 4190 et
1262 4129 1346 4208 quod
1367 4128 1499 4208 singulis

262 4237 354 4298 annis
400 4235 440 4296 de
478 4235 631 4296 fructibus
666 4235 796 4296 ecclesie
831 4241 1004 4296 memorate
1038 4235 1142 4314 aliqua
1177 4240 1360 4315 competens
1390 4236 1498 4315 porcio

263 4342 406 4421 ejusdem
438 4340 569 4401 ecclesie
600 4340 799 4420 parochianis
834 4339 1025 4421 pauperibus
1056 4345 1209 4419 erogetur.
1252 4341 1292 4399 Iu
1320 4340 1411 4419 cujus
1442 4341 1496 4412 rei,

262 4453 320 4508 etc.
363 4448 486 4507 Datum
501 4446 585 4526 apud
606 4444 760 4525 Bosbury,
775 4447 820 4526 xj⁰
841 4445 910 4506 Kal.
926 4445 1081 4516 Octobris,
1103 4466 1187 4506 anno
1208 4445 1337 4506 Domini
1359 4445 1499 4508 M⁶0000

261 4552 499 4633 quartodecimo
520 4557 553 4612 et
573 4556 680 4612 nostre
702 4550 920 4612 ordinacionis
941 4552 1101 4612 tricesimo
1121 4551 1269 4612 secundo.

264 4783 327 4844 Ori.
364 4781 501 4843 (ie-Tho
539 4780 658 4861 Bisbop
682 4781 805 4843 intuma
836 4781 884 4842 tho
913 4782 1005 4842 atoue
1040 4779 1253 4860 dispensatiore
1281 4781 1336 4861 for
1370 4780 1498 4842 airother

385 4881 470 4942 your.

385 5007 607 5067 Drernnsrcro
628 5023 690 5067 rso
711 5007 867 5068 Raouoan
895 4965 1065 5068 accursus·
1086 5025 1130 5067 nn
1151 5006 1495 5070 Esuriens-Memor-

263 5113 381 5174 andum
402 5112 488 5192 quod
508 5111 562 5191 viij
584 5111 635 5173 die
655 5112 774 5174 mensis
795 5113 950 5186 Octobris,
974 5132 1059 5174 anno
1079 5111 1209 5173 Domini
1232 5111 1495 5196 Mmcoouxvijs
