3850 5917
684 687 835 767 Episcopi
863 688 1106 768 Hcrcsordcnsis.
1454 692 1514 754 317

85 916 142 955 ⁴⁰·
163 916 229 955 ¹³2⁰·
276 909 414 973 cacionis
445 912 608 972 sentencia
631 911 665 971 in
696 912 888 973 contrarium
917 912 1078 985 iacientes,
1108 914 1181 994 quia
1212 919 1319 975 tamen
1350 914 1514 976 occasione

98 1040 153 1079 cor.
167 1042 206 1079 aa.
274 1015 457 1095 hujusmodi
478 1016 639 1078 sentencie
659 1017 806 1079 novimus
827 1018 923 1080 nimis
945 1024 1030 1090 note,
1053 1019 1248 1099 experienoia
1268 1020 1389 1100 optima
1409 1040 1513 1081 rerum

275 1121 425 1201 magistra
456 1122 597 1193 docente,
621 1141 716 1202 quam
740 1122 831 1201 plura
854 1124 1032 1184 animarum
1053 1125 1182 1185 suborta
1205 1123 1352 1204 pericula,
1367 1126 1514 1206 variaque

277 1226 458 1287 discrimina
485 1226 519 1287 in
553 1233 662 1289 nostra
695 1229 837 1308 predicta
864 1229 981 1291 diocesi
1013 1230 1192 1309 contigisse,
1224 1235 1257 1291 et
1287 1251 1325 1291 ex
1355 1232 1514 1311 preteritis

275 1332 418 1413 graviora
452 1333 668 1413 multipliciter
700 1334 958 1408 formidabantur,
991 1336 1074 1397 siout
1109 1342 1142 1397 et
1179 1335 1339 1397 lormidari
1367 1342 1515 1416 poterant

275 1437 487 1499 verisimiliter
504 1443 703 1517 proventura,
719 1458 777 1499 nos
797 1459 855 1520 pro
869 1440 1052 1519 hujusmodi
1073 1440 1220 1520 periculis
1235 1445 1267 1501 et
1282 1440 1514 1501 discriminibus

276 1543 440 1614 evitandis,
469 1542 601 1623 aliisque
622 1544 735 1605 ceteris
755 1564 793 1605 ex
814 1544 918 1605 causis
939 1550 971 1607 et
999 1545 1146 1625 legitimis
1166 1546 1199 1605 id
1219 1544 1287 1607 lieri
1308 1546 1514 1607 suadentibus

276 1657 433 1711 statutum
455 1651 630 1731 predictum
649 1652 752 1732 quoad
773 1652 956 1732 hujusmodi
977 1654 1142 1715 dumtaxat
1160 1654 1258 1715 latam
1276 1654 1309 1713 in
1328 1674 1365 1715 eo
1387 1658 1512 1715 senten-

275 1756 357 1816 ciam
385 1756 519 1817 sinodali
540 1755 733 1836 approbante
754 1757 886 1819 consilio
908 1758 1055 1820 duximus
1083 1759 1293 1820 revocandum
1318 1760 1515 1839 excepcioue¹

276 1862 417 1941 predicte
431 1862 533 1941 quoad
554 1862 616 1923 alia
635 1862 669 1922 in
690 1862 775 1923 dicto
789 1867 910 1923 statuto
928 1869 1079 1926 contenta
1095 1864 1128 1923 in
1148 1884 1205 1926 suo
1225 1864 1335 1925 robore
1353 1865 1512 1925 duratura.

275 1966 393 2027 Verum
415 1972 522 2027 nostre
543 1966 732 2028 intencionis
748 1988 911 2048 nunquam
931 1968 1037 2029 extitit
1057 1988 1116 2031 nec
1134 1969 1241 2031 existit
1262 1989 1318 2049 per
1331 1970 1512 2048 hujusmodi

274 2072 510 2134 revocacionem
541 2074 737 2134 sentenciam
771 2075 1109 2137 excommunicacionis
1140 2076 1269 2155 majoris
1297 2076 1331 2135 in
1361 2075 1432 2137 illos
1459 2077 1513 2157 qui

275 2182 386 2239 eontra
407 2197 553 2258 magnam
574 2184 693 2239 cartam
714 2200 771 2241 seu
785 2185 905 2259 cartam
924 2181 963 2241 de
984 2181 1101 2243 foresta
1120 2182 1153 2241 iu
1172 2202 1360 2262 quocunque
1381 2182 1513 2243 articulo

275 2302 384 2344 aarum
407 2283 522 2355 venire,
539 2303 575 2344 ac
596 2304 762 2345 concessas
782 2284 815 2343 in
837 2285 883 2346 eis
903 2285 1065 2347 libertates
1087 2291 1119 2347 et
1137 2285 1251 2347 liberas
1270 2287 1515 2348 consuetudines

274 2388 393 2450 violare
418 2395 535 2449 temere
565 2389 814 2469 presumpserint
842 2390 973 2469 proinde
1002 2389 1201 2451 fulminatum
1235 2390 1268 2450 in
1302 2390 1416 2471 aliquo,
1440 2391 1515 2453 licet

274 2494 416 2575 plerique
439 2494 544 2555 minus
565 2493 645 2556 bene
663 2496 840 2556 sencientes
860 2496 1051 2555 contrarium
1079 2496 1198 2575 opinati
1212 2495 1338 2567 fuerint,
1358 2516 1513 2568 revocare,

275 2602 370 2663 sicuti
389 2621 448 2662 nec
467 2602 506 2662 de
525 2601 594 2681 jure
614 2602 776 2681 potuimus
797 2622 856 2663 nec
877 2601 1028 2671 valemus,
1042 2606 1154 2681 utpote
1175 2622 1194 2663 a
1214 2601 1333 2663 sanctie
1355 2600 1513 2673 Patribus,

275 2708 537 2789 Arcbiepiscopis,
577 2713 610 2769 et
644 2707 812 2787 Episcopis
847 2706 958 2788 Anglie
997 2708 1193 2788 congregatis
1229 2713 1305 2769 tunc
1341 2708 1514 2769 Londoniie

276 2811 481 2893 solempniter
499 2812 618 2871 dudum
635 2811 741 2871 latam.
784 2811 825 2871 In
841 2811 983 2891 predicta
1000 2818 1086 2873 carta
1103 2813 1142 2873 de
1158 2812 1275 2873 foresta
1296 2812 1355 2873 hec
1373 2813 1514 2873 clausule

275 2918 456 2980 continetur
465 2917 655 2977 2-“Nullus
676 2916 859 2978 forestarius
875 2937 932 2978 seu
952 2917 1093 2979 bodellus
1114 2918 1153 2979 de
1173 2922 1259 2979 certo
1280 2917 1375 2979 faciat
1395 2918 1514 2979 scotale

273 3023 326 3085 vel
345 3023 471 3103 colligat
491 3022 612 3102 garbas,
634 3022 685 3083 vel
705 3042 830 3093 avenas,
852 3021 903 3084 vel
924 3022 1061 3095 bladum,
1081 3022 1131 3085 vel
1150 3042 1257 3104 agnos,
1278 3024 1440 3104 porcellos,
1462 3025 1513 3087 vel

274 3130 412 3211 aliquam
441 3130 635 3191 collectam.'’
687 3129 839 3191 Volentes
870 3129 966 3209 igitur
1000 3130 1196 3191 subditorum
1228 3135 1408 3192 nostrorum
1447 3132 1514 3192 ani-

274 3254 399 3295 marum
420 3234 514 3295 saluti
534 3233 714 3313 prospicere
741 3238 774 3294 et
801 3234 1014 3312 predictorum
1047 3234 1129 3295 male
1150 3235 1351 3315 opinanoium
1376 3256 1511 3298 errorem

275 3340 438 3402 excludere
462 3360 519 3419 pro
543 3339 670 3411 viribus,
698 3343 735 3399 ut
763 3345 916 3411 tenemur,
945 3341 1109 3402 devocioni
1129 3346 1233 3402 vestre
1253 3341 1385 3402 firmiter
1409 3342 1513 3422 injun-

273 3446 376 3526 gendo
397 3446 584 3506 mandamus
605 3445 754 3525 quatinus
779 3446 886 3505 omnia
910 3450 942 3506 et
956 3446 1080 3525 singula
1101 3447 1314 3526 suprascripta
1334 3446 1457 3510 faciatis
1478 3447 1512 3507 in

274 3552 389 3613 vestris
416 3552 557 3632 proxime
589 3551 782 3612 celebrandis
811 3552 965 3631 Capitulis
989 3572 1046 3631 per
1081 3572 1145 3622 vos,
1170 3557 1330 3613 vestrosve
1358 3552 1512 3615 Commis-

274 3657 383 3728 sarios,
405 3676 441 3717 ac
463 3656 594 3735 singulis
615 3656 755 3717 ecclesiis
776 3662 808 3717 et
829 3657 956 3737 capellis
981 3656 1213 3743 parochialibus
1232 3658 1513 3720 Archidiaconatus

274 3762 407 3841 predicti
437 3781 494 3841 per
527 3782 635 3822 earum
661 3762 820 3834 Rectores,
850 3763 992 3835 vicarios,
1015 3784 1072 3824 seu
1096 3763 1286 3842 presbiteros
1306 3766 1511 3844 parochiales,

275 3868 385 3929 diebus
416 3867 591 3928 Dominicis
622 3873 654 3929 et
685 3867 815 3939 festivis,
847 3874 880 3929 et
903 3870 1069 3950 presertim
1098 3870 1131 3928 in
1151 3870 1397 3950 Quadregesima
1427 3871 1512 3932 intra

275 3974 443 4034 missarum
464 3973 647 4053 solempnia,
669 3994 741 4034 cum
769 3973 870 4053 major
892 3970 1154 4055 parochianorum
1175 3974 1301 4036 affuerit
1331 3976 1510 4049 multitudo,

275 4080 392 4142 curetis
413 4080 445 4139 in
465 4080 572 4159 lingua
593 4085 702 4141 nostra
729 4086 872 4142 materna
897 4081 980 4142 clare
1001 4086 1033 4142 et
1054 4082 1132 4142 adeo
1153 4079 1389 4159 intelligibiliter
1409 4081 1509 4161 publi·

275 4206 346 4247 care
366 4185 451 4266 quod
472 4184 572 4245 nostri
593 4185 711 4246 subditi
742 4206 851 4248 cavere
872 4186 998 4248 valeant
1019 4207 1059 4247 ne
1080 4187 1274 4247 sentenciam
1299 4188 1512 4247 excommuni-

275 4292 411 4353 cacionis
445 4291 608 4351 incurrant
643 4292 817 4370 predictam
859 4312 915 4371 per
948 4312 1017 4364 nos,
1053 4298 1089 4352 ut
1129 4292 1339 4371 premisimus,
1380 4292 1512 4354 minime

275 4402 462 4482 revocatam,
490 4402 523 4457 et
554 4396 590 4467 si,
622 4396 706 4476 quod
737 4397 828 4469 absit,
861 4398 1030 4469 incurrent,
1059 4398 1197 4458 adiciant
1225 4416 1262 4457 eo
1294 4397 1396 4469 citius,
1428 4398 1511 4459 siout

275 4503 463 4583 appetimus,
484 4501 647 4581 Resurget.
703 4504 850 4564 Ceterum
872 4503 991 4575 diebus,
1020 4504 1106 4575 locis,
1129 4509 1161 4563 et
1192 4522 1264 4563 cum
1289 4502 1511 4583 solempnitate

274 4608 434 4689 predictis,
454 4606 596 4667 inhibere
616 4607 732 4668 curetis
753 4628 793 4668 ne
814 4609 867 4688 qui
888 4608 1085 4669 subditorum
1118 4613 1296 4669 nostrorum
1331 4608 1418 4669 laicis
1445 4608 1510 4670 ullo

275 4714 369 4774 modo
390 4732 448 4774 nec
468 4711 589 4773 clericis
605 4713 674 4773 sine
694 4719 803 4775 nostra
819 4720 1006 4794 preoptanta
1024 4715 1155 4775 licencia
1176 4734 1249 4775 suas
1270 4714 1417 4775 ecclesias
1433 4715 1511 4775 dent

274 4819 315 4880 ad
335 4818 459 4878 firmam
479 4817 539 4878 sub
559 4838 642 4897 pena
661 4818 695 4877 in
718 4818 905 4880 Sanctorum
927 4820 1058 4879 Patrum
1087 4818 1369 4880 constitucionibus
1400 4825 1510 4879 contra

275 4924 427 4985 iacientes
458 4922 649 4983 contrarium
676 4923 843 4986 salubriter
876 4924 1029 4996 ordinata,
1065 4944 1160 5004 quam
1198 4924 1306 5003 procul
1338 4924 1432 4985 dubio
1470 4925 1510 4985 ab

739 5072 803 5115 l-ln
817 5072 869 5113 MS.
882 5068 1047 5113 exhibicione.
