3850 5917
701 694 852 775 Episcopi
878 694 1120 775 Hercjordensia.
1488 698 1527 757 19

121 928 178 969 ΑΜ·
195 928 252 967 ¹³¹⁷·
293 920 535 1001 procur-aciones
555 919 770 982 cardinalium
791 919 983 1000 aliquociens
1004 920 1069 980 sint
1089 920 1228 990 collecte,
1250 920 1310 981 hoo
1331 924 1439 980 tamen
1459 919 1526 981 ficri

292 1044 358 1088 non
388 1024 494 1105 potuit
524 1024 586 1085 ista
616 1024 685 1085 vics
715 1044 773 1105 pro
803 1044 841 1085 eo
871 1025 956 1104 quod
987 1008 1054 1096 noa,
1085 1024 1140 1104 qui
1170 1024 1294 1085 noviter
1322 1024 1527 1104 permittente

294 1131 433 1192 Domino
468 1150 575 1191 curam
597 1130 773 1210 recepimus
806 1130 1006 1210 pastoralem,
1040 1130 1266 1210 precipitanter
1299 1135 1332 1191 et
1356 1128 1460 1190 subito
1488 1129 1527 1190 de

293 1238 418 1299 officiali
439 1238 562 1318 ydoneo
583 1242 615 1297 et
636 1237 705 1298 aliis
719 1236 873 1298 ministris
893 1237 1078 1298 necessariis
1098 1257 1163 1298 non
1183 1237 1345 1316 potuimus
1363 1236 1528 1297 commode

291 1344 466 1425 providere,
493 1349 527 1406 ct
561 1343 742 1423 hujusmodi
777 1343 932 1415 collecci0,
968 1344 1050 1405 sicut
1083 1363 1140 1424 per
1167 1344 1288 1405 litteras
1313 1343 1526 1405 cardinalium

291 1450 382 1511 robis
402 1449 510 1529 liquet,
536 1454 659 1510 tantam
680 1449 873 1510 celeritatem
894 1450 1051 1511 desiderat
1071 1450 1155 1529 quod
1183 1456 1312 1510 turnum
1333 1469 1390 1510 seu
1413 1450 1526 1511 transi-

292 1560 361 1617 tum
397 1555 538 1616 offioialis
573 1574 637 1616 non
678 1556 782 1635 potuit
831 1554 1008 1635 aliqualiter
1045 1555 1212 1635 expedire;
1254 1562 1287 1616 et
1326 1556 1397 1616 ideo
1438 1555 1527 1617 vobis

292 1662 481 1723 mandamus
519 1662 603 1741 quod
641 1662 681 1721 ad
719 1661 939 1722 executionem
976 1661 1198 1741 predictorum,
1234 1681 1366 1723 excusso
1401 1667 1528 1741 torpore

292 1767 462 1848 cujuslibet
482 1767 682 1847 negligencia,
715 1787 796 1828 vano
827 1768 939 1828 timore
960 1772 993 1829 et
1021 1767 1082 1828 elio
1107 1767 1246 1847 quolibet
1273 1768 1398 1848 quesite
1425 1768 1528 1829 colore

292 1874 480 1956 poetposito,
501 1894 614 1935 manus
636 1874 799 1935 mittentes
820 1874 858 1934 ed
884 1874 978 1934 fortia
991 1873 1121 1934 viriliter
1142 1874 1323 1934 intendatis.
1380 1874 1527 1935 Ceterum

292 1987 404 2043 contra
432 1982 567 2042 decanos
599 1979 717 2041 rurales
752 1985 785 2041 et
819 1984 939 2041 ceteros
975 1980 1014 2040 de
1048 1979 1131 2039 clero
1165 1979 1248 2041 dicte
1277 1979 1410 2040 diocesis
1438 1980 1526 2040 vobis

292 2086 408 2149 sufficit
442 2090 583 2166 potestas
618 2085 831 2147 ecclesiastica
863 2105 920 2164 per
951 2104 1046 2165 quam
1079 2084 1224 2165 poteritis
1255 2104 1365 2146 omnes
1395 2084 1526 2146 rebelles

294 2192 450 2272 condigna
477 2190 747 2252 animadversione
774 2190 895 2271 punire,
924 2196 956 2252 ct
984 2190 1025 2250 ad
1048 2189 1166 2251 bonum
1193 2189 1373 2251 obediencie
1400 2194 1527 2251 auctore

293 2298 432 2359 Domino
474 2316 629 2358 revocare.
691 2296 759 2357 Noe
800 2296 896 2356 etiam
931 2295 964 2354 in
1005 2294 1091 2356 brevi
1126 2296 1166 2355 ed
1201 2301 1342 2356 nostram
1377 2295 1527 2357 diocesim

292 2404 456 2466 veniemus
487 2406 520 2463 et
550 2402 639 2463 vobis
673 2402 706 2461 in
738 2401 925 2465 exconcione
955 2401 1181 2481 premissorum
1212 2401 1381 2480 opportuni
1412 2400 1527 2462 favorio

292 2510 430 2591 presidio
452 2509 637 2571 assistemus
657 2508 759 2589 parati
780 2508 870 2570 vobis
891 2508 1032 2590 possibili
1053 2508 1191 2569 remedio
1211 2508 1383 2588 providere.
1439 2508 1526 2569 Deua

292 2616 495 2696 omnipotens
519 2616 552 2675 in
576 2617 663 2677 omni
688 2614 898 2695 prosperitate
921 2635 978 2676 voe
1002 2620 1175 2685 conservet,
1200 2619 1233 2675 et
1257 2614 1346 2676 vobis
1373 2614 1527 2694 adaugeat

294 2722 412 2783 donum
434 2720 537 2801 gracie
557 2720 713 2782 salutaria.
765 2719 924 2799 Scriptum
948 2719 999 2781 dic
1023 2724 1056 2780 et
1075 2719 1145 2780 loco
1164 2719 1323 2799 predictis.

296 2989 380 3069 Sept.
402 2987 680 3049 2.-Oommiaar'ort
703 2978 736 3048 to
755 2986 804 3048 tho
824 2986 923 3049 Attot
944 2988 1009 3048 aad
1032 2988 1166 3049 Ooavmt
1187 2988 1223 3067 of
1244 2988 1394 3067 quowrc
1416 2996 1445 3050 to
1467 2989 1527 3051 col·

420 3070 476 3130 lect
504 3068 554 3130 tta
575 3068 793 3149 procuratione
821 3067 857 3127 in
885 3068 934 3129 the
960 3068 1194 3147 Arcbdcucorrrp
1220 3069 1256 3150 of
1286 3069 1392 3149 Solop,
1425 3070 1528 3133 wirot

417 3156 501 3211 must
528 3149 562 3211 be
588 3148 669 3230 por'd
695 3148 732 3209 ἐπ
757 3148 888 3209 Londorr
914 3169 954 3209 ort
984 3149 1108 3211 October
1130 3154 1160 3209 1.

372 3306 555 3369 Oonmsero
589 3324 727 3371 nonnus
760 3305 886 3367 Acciri
920 3324 962 3366 ar
998 3306 1191 3368 Gouvnurm
1235 3324 1278 3366 nn
1327 3307 1525 3369 Wrcuuoan

291 3430 393 3475 mora
427 3427 533 3473 surra
563 3429 771 3473 amonemur
806 3428 1079 3473 reocunacmunu
1112 3430 1310 3472 nomouun
1344 3414 1382 3474 G.
1417 3432 1460 3473 rr
1488 3415 1525 3475 L.

296 3520 529 3581 Oenomaum!
549 3536 643 3579 sums
663 3534 860 3579 arosronrou
881 3516 1237 3589 utrumnum-Adam,
1259 3522 1329 3589 etc„
1351 3518 1473 3581 dilectis
1491 3520 1524 3580 in

293 3624 421 3687 Christo
455 3623 538 3695 filiis,
574 3622 687 3684 Abbati
719 3628 751 3684 et
783 3622 959 3685 Conventui
990 3623 1030 3684 de
1060 3623 1257 3702 Wygomorc,
1289 3624 1433 3696 salutem,
1465 3630 1524 3687 etc.

293 3728 432 3790 litteras
459 3728 700 3789 reverendorum
727 3734 863 3808 petrum,
892 3728 1091 3789 dominorum
1122 3728 1295 3801 Gauoelini‚
1323 3730 1407 3789 tituli
1435 3751 1524 3792 sano·
1599 3772 1601 3775 <

292 3838 398 3895 torum
434 3832 609 3895 Marcellini
644 3838 675 3895 ct
710 3834 796 3895 Petri
833 3833 1018 3914 presbyteri,
1053 3833 1320 3906 vice-cancellarii,
1361 3841 1394 3895 et
1428 3837 1523 3910 Luce,

293 3946 403 4003 sancte
436 3940 536 4001 Maris
567 3940 600 3999 in
629 3940 681 4002 via
712 3941 793 4002 Iata
823 3940 955 4012 diaconi,
985 3940 1208 4012 cardinalium,
1243 3942 1413 4020 apostolice
1441 3944 1526 4006 sedis

292 4047 490 4116 nunciorum,
526 4066 627 4126 nuper
657 4046 832 4127 recepimus
861 4047 895 4106 in
926 4048 985 4108 hec
1015 4046 1378 4110 verba:-Miseracione
1408 4049 1523 4121 divina,

292 4155 352 4224 dc..
378 4158 415 4212 nt
444 4170 548 4231 supra.
611 4152 700 4213 [dcet
728 4158 834 4214 autem
862 4153 1043 4233 hujusmodi
1071 4153 1256 4214 mandatum
1283 4155 1323 4215 ad
1350 4176 1408 4216 nos
1435 4158 1524 4219 tarde

292 4256 471 4338 pervenerit
501 4262 630 4337 propter
663 4257 797 4337 culpam,
826 4263 861 4319 ut
889 4258 1055 4328 credimus,
1083 4258 1191 4318 nuncii
1218 4258 1395 4332 deferentia,
1424 4262 1524 4341 ipsius

293 4366 401 4423 tamen
423 4361 645 4423 exeoucionem
664 4368 790 4442 oportet
810 4382 869 4424 nos
890 4364 1032 4424 celeriter
1062 4364 1164 4425 facere
1195 4364 1375 4427 omnimodo
1395 4374 1524 4448 propter

291 4466 444 4547 temporis
472 4465 667 4538 brevitatem,
697 4473 731 4528 et
761 4468 832 4529 ideo
862 4468 951 4529 vobis
982 4468 1016 4527 in
1046 4469 1163 4530 virtute
1190 4469 1371 4532 obediencie
1401 4477 1433 4533 et
1464 4475 1523 4535 sub

289 4574 382 4653 penis
403 4572 438 4631 in
468 4571 538 4651 ipeo
567 4573 717 4634 mandato
747 4574 905 4634 contentis
930 4574 1072 4635 districte
1102 4576 1302 4656 precipiendo
1336 4580 1523 4645 mandamus

289 4678 442 4759 quatinus
463 4677 503 4738 ab
524 4676 670 4739 omnibus
691 4684 723 4741 et
747 4679 879 4759 singulis
903 4680 936 4739 in
964 4679 1228 4743 Archidiaconatu
1253 4683 1410 4764 Salopsire
1431 4686 1522 4749 bene-

289 4782 363 4844 ficia
383 4782 597 4845 ecclesiastica
617 4783 841 4857 obtinentibus,
866 4784 920 4865 qui
944 4786 1069 4847 racione
1089 4786 1311 4849 beneficiorum
1335 4810 1463 4851 suornm
1484 4793 1524 4854 ad

290 4888 478 4951 solvendum
512 4890 768 4968 procuracionem
808 4892 982 4971 predictam
1023 4892 1257 4972 quomodolibet
1290 4900 1365 4956 sunt
1402 4898 1523 4960 astricti

290 4994 394 5075 ipsam
415 4994 559 5056 celeriter
579 4994 710 5074 exigatis
730 5002 763 5057 et
783 4996 917 5058 fideliter
937 4996 1099 5077 colligatis,
1120 4998 1166 5059 ita
1186 5000 1270 5079 quod
1290 5001 1369 5061 citra
1388 5004 1522 5082 primam

291 5100 375 5163 diem
397 5100 545 5163 Octobris
575 5102 756 5181 procuracio
787 5102 942 5165 dictorum
967 5103 1165 5165 dominorum
1200 5105 1411 5167 Oardinalium
1440 5110 1522 5171 Lon·
