3850 5917
404 711 445 768 80
779 711 958 789 Rapistrum
984 711 1050 771 ade
1076 711 1114 771 dc
1143 712 1267 772 Orieton

234 940 291 980 Α-ὓ-
308 941 362 978 ¹³¹⁸·
404 935 480 1015 quin
501 936 642 1014 proxime
663 943 839 1010 vacaturos,
855 938 1019 998 collacioni
1039 957 1104 1008 sue,
1127 937 1203 1017 quin
1220 938 1324 999 verius
1344 938 1429 999 sedis
1451 938 1641 1017 apostolice,

403 1060 536 1120 persone
568 1041 689 1120 ydonee
730 1042 936 1104 conferendos
968 1043 1102 1104 duxerat
1147 1044 1361 1112 reservandos.
1400 1045 1639 1124 postmodoque,

402 1155 537 1207 vacante
565 1147 725 1226 prebenda
746 1148 784 1208 de
807 1149 979 1228 Henytone
1008 1149 1039 1208 in
1068 1149 1200 1210 ecelesia
1227 1154 1337 1210 nostra
1363 1150 1514 1228 predicta,
1536 1150 1641 1211 dictus

404 1260 493 1332 pater
514 1254 647 1314 eandem
662 1253 853 1332 prebendam
869 1255 900 1314 in
923 1255 1056 1316 ecclesia
1076 1263 1186 1316 nostra
1206 1255 1356 1334 predicta,
1381 1261 1418 1316 ut
1436 1255 1638 1333 premittitur,

401 1365 568 1422 vacantem
591 1380 728 1421 unacum
756 1361 944 1422 canonicatu
966 1362 1049 1421 dicte
1076 1361 1206 1423 ecclesie
1234 1363 1385 1440 magistro
1413 1361 1573 1423 Willeimo
1600 1363 1640 1423 de

403 1465 574 1543 Kneptone
592 1465 707 1526 virtute
730 1467 831 1542 gracie
849 1466 989 1544 predicte
1006 1467 1152 1537 contulit,
1175 1473 1206 1527 et
1229 1467 1288 1527 sibi
1306 1467 1442 1546 providit
1461 1467 1638 1540 desudem,

402 1571 568 1651 ipsumque
611 1571 643 1630 in
685 1572 917 1650 possessionem
953 1570 1096 1650 ejusdem
1131 1572 1238 1631 induci
1273 1571 1389 1632 iecerat
1434 1573 1638 1652 corporalem,

402 1675 533 1736 credens
554 1694 721 1755 personam
750 1677 892 1755 ejusdem
918 1677 1060 1756 magistri
1087 1678 1236 1738 willelmi
1257 1679 1396 1739 habilem
1423 1685 1455 1740 et
1483 1681 1640 1758 ydoneam

402 1791 434 1842 et
469 1784 572 1862 gracie
604 1785 775 1863 apostolice
803 1786 835 1844 in
864 1805 902 1846 ea
936 1791 1028 1865 parte
1064 1785 1161 1846 inisse
1189 1805 1358 1864 capacem:
1395 1787 1468 1847 iicet
1496 1787 1639 1865 ejusdem

401 1909 501 1968 capax
523 1890 555 1948 in
581 1891 712 1951 veritate
735 1910 798 1950 non
822 1891 943 1963 inisset,
969 1912 1027 1950 nec
1049 1891 1091 1952 ad
1110 1911 1277 1970 personam
1300 1912 1402 1962 suam,
1429 1912 1490 1972 que
1514 1893 1638 1972 ydonea

401 2014 464 2054 non
495 1995 606 2066 iuerat,
636 2004 729 2074 prout
758 1996 862 2075 gracia
890 1999 1063 2076 apostolica
1083 1998 1270 2078 requirebat,
1298 2016 1333 2058 se
1357 1999 1564 2077 quovismodo
1584 2019 1636 2061 ex·

402 2101 531 2160 tendere
561 2109 687 2179 poterat
719 2101 824 2180 gracia
856 2103 1048 2180 supradicta,
1081 2123 1137 2183 pro
1169 2123 1206 2162 eo
1239 2110 1270 2164 et
1301 2123 1340 2164 ex
1372 2123 1409 2164 eo
1440 2105 1524 2184 quod
1555 2105 1637 2166 idem

402 2207 551 2278 magister
581 2205 758 2267 Willelmus
790 2217 930 2286 tempore
965 2209 1061 2287 hujus
1093 2209 1273 2270 collacionis
1297 2216 1329 2270 st
1360 2210 1548 2288 provisionis
1580 2210 1639 2270 sibi

401 2311 483 2371 incre
517 2311 556 2372 de
587 2312 772 2372 canonicatu
810 2318 841 2373 et
876 2312 1036 2391 prebenda
1074 2315 1256 2394 supradicto
1294 2315 1386 2376 titulo
1426 2315 1642 2376 institucionis

404 2417 506 2478 tenuit
528 2423 559 2478 et
582 2417 686 2478 adhuc
707 2424 795 2478 tenet
820 2418 1007 2496 dignitatem
1029 2420 1313 2481 archidiaconalem
1338 2421 1583 2500 Norwycensem
1606 2422 1639 2482 in

404 2523 537 2584 ecclesia
557 2523 773 2603 Norwycensi‚
797 2526 903 2604 sicque
923 2524 957 2583 in
979 2543 1143 2602 personam
1167 2546 1258 2586 susm
1279 2531 1430 2606 tanquam
1452 2525 1639 2604 dignitatem

403 2629 525 2689 notorie
554 2641 630 2688 tune
654 2628 824 2690 habentem
852 2630 940 2690 nullo
968 2630 1062 2690 modo
1086 2631 1197 2690 cadere
1224 2637 1349 2710 poterat
1377 2631 1508 2691 effectus
1535 2633 1640 2708 gracie

403 2735 594 2814 supradicte,
616 2735 781 2814 potissime
809 2755 880 2795 cum
910 2736 949 2796 ad
979 2735 1133 2797 habentes
1161 2735 1313 2796 beneficia
1334 2736 1489 2814 simplicis
1516 2746 1547 2796 et
1575 2757 1639 2797 non

404 2841 445 2903 ad
465 2841 620 2902 babentes
644 2841 811 2919 dignitates
833 2843 938 2919 gracia
960 2862 994 2902 se
1017 2842 1184 2902 extendere
1202 2847 1329 2920 poterat
1349 2842 1512 2920 prelibata.
1556 2842 1639 2903 Item

401 2967 458 3027 pro
496 2965 533 3008 eo
573 2945 658 3026 quod
696 2946 779 3005 idem
818 2947 970 3024 magister
1011 2946 1189 3007 Willelmus
1227 2957 1369 3024 tempore
1397 2946 1578 3007 collacionis
1606 2953 1639 3007 et

401 3053 592 3131 provisionis
620 3052 830 3130 predictarum
861 3072 924 3111 non
953 3052 1095 3129 ydoneus
1122 3052 1178 3112 sed
1206 3051 1354 3112 inhabilis
1382 3058 1458 3111 tunc
1487 3053 1638 3131 temporis

401 3162 504 3220 iuerat
527 3165 558 3219 et
579 3159 727 3238 indignus
748 3158 799 3218 oui
820 3159 936 3218 virtute
958 3159 1060 3237 gracie
1081 3159 1220 3238 predicte
1242 3158 1405 3236 providere
1426 3177 1490 3217 non
1513 3167 1637 3237 poterat

400 3283 439 3324 ea
468 3263 535 3323 vioe
563 3282 620 3342 pro
652 3282 689 3324 eo
717 3262 801 3343 quod
830 3262 912 3322 idem
942 3265 1091 3341 magister
1121 3261 1297 3322 Willelmus
1322 3262 1414 3322 dictis
1444 3261 1639 3340 temporibus

401 3378 477 3430 ante
506 3375 631 3448 etpost
657 3369 716 3428 fuit
737 3374 768 3428 et
793 3368 897 3428 adbuc
927 3374 976 3428 est
1004 3370 1124 3428 notorie
1152 3367 1291 3446 pluralis,
1318 3375 1427 3446 utpote
1455 3366 1509 3446 qui
1537 3367 1637 3427 archi-

400 3475 603 3534 diaconatum
627 3474 861 3534 Norvvicensem
887 3473 1062 3552 predictum
1088 3473 1209 3533 notorie
1230 3486 1374 3533 curatum
1396 3473 1488 3532 titulo
1511 3472 1636 3533 institu-

400 3580 500 3640 cionis
529 3599 664 3640 unacum
694 3579 826 3639 ecclesia
853 3579 893 3640 de
932 3579 1077 3650 Hecales,
1108 3579 1319 3638 Norwioensis
1346 3579 1490 3649 diocesis,
1527 3599 1635 3638 curam

402 3687 578 3746 animarum
608 3685 754 3756 habente,
781 3686 901 3765 absque
930 3683 1168 3763 dispensacione
1193 3685 1278 3744 sedis
1302 3684 1473 3762 apostolice
1492 3703 1547 3743 seu
1573 3683 1637 3744 alia

401 3792 589 3852 auctoritate
610 3791 784 3852 sufficiente
799 3791 891 3850 titulo
913 3791 1068 3851 consimili
1082 3789 1185 3852 tenuit
1205 3797 1237 3850 et
1259 3789 1362 3850 adhuc
1383 3796 1470 3850 tenet
1485 3789 1635 3868 dampna·

404 3896 508 3956 biliter
540 3902 738 3974 occupatum,
779 3895 886 3974 sicque
910 3894 1023 3966 eidem,
1060 3915 1131 3954 cum
1161 3902 1235 3954 tunc
1264 3894 1406 3972 ydoneus
1434 3911 1498 3952 non
1525 3892 1638 3954 inisset

402 4001 458 4070 sed
481 4007 694 4080 transgressor
713 4000 842 4060 canonis
862 3998 1061 4070 manifestus,
1081 4009 1258 4077 competere
1278 4017 1340 4056 non
1361 4005 1486 4076 poterat
1505 3997 1638 4058 effectus

402 4109 506 4188 gracie
546 4107 745 4186 supradicte:
779 4125 840 4187 que
864 4106 972 4166 omnia
999 4116 1031 4164 et
1060 4104 1184 4182 singula
1214 4106 1294 4165 adeo
1322 4103 1471 4163 dicuntur
1498 4111 1530 4162 et
1561 4112 1638 4164 sunt

402 4213 539 4293 publica,
566 4213 699 4281 notoria,
727 4219 759 4271 et
785 4213 965 4283 manifesta,
991 4211 1074 4291 quod
1096 4209 1184 4269 nulla
1207 4218 1355 4288 poterant
1375 4209 1637 4287 tergiversacione

403 4318 497 4378 zelari
510 4337 518 4390 ;
547 4337 586 4378 ex
616 4317 729 4398 quibus
758 4317 918 4378 evidenter
939 4315 1107 4393 conjicitur
1134 4315 1236 4374 dictos
1260 4315 1481 4375 canonicatum
1507 4328 1539 4374 et
1567 4335 1635 4393 pre-

401 4425 537 4485 bendam
567 4443 587 4484 a
614 4425 667 4484 diu
697 4423 869 4492 vacavisse,
898 4441 978 4502 quos
1004 4422 1105 4482 eciam
1133 4441 1172 4480 ex
1201 4421 1306 4480 causis
1333 4420 1495 4499 premissis
1524 4441 1636 4480 vacare

400 4551 463 4592 non
493 4529 661 4608 ambigitur
693 4529 814 4590 notorie
846 4529 878 4587 in
913 4527 1062 4607 presenti.
1122 4526 1190 4586 Nos
1225 4525 1319 4604 igitur
1353 4545 1447 4604 super
1474 4525 1637 4604 premissis

401 4638 525 4696 noviter
552 4636 725 4707 informati,
752 4653 815 4694 non
853 4634 994 4693 valentes
1021 4632 1183 4692 dominum
1223 4631 1408 4709 magistrum
1441 4631 1636 4694 Willeimum

401 4743 485 4801 dicte
500 4741 656 4820 prebende
671 4741 825 4810 illicitum,
841 4749 877 4800 ut
892 4741 1095 4818 premittitur,
1110 4738 1305 4797 detentorem
1327 4739 1360 4796 in
1377 4737 1494 4797 eisdem
1511 4738 1637 4799 canoni·

399 4856 473 4910 catu
498 4854 529 4907 st
557 4848 717 4926 prebenda
738 4867 817 4908 sans
844 4843 1042 4906 consciencia
1063 4844 1185 4904 diucius
1206 4843 1361 4913 tollerare,
1387 4861 1458 4902 oum
1485 4844 1636 4905 viciosum

248 4985 358 5028 mm,
400 4953 574 5031 ingressum
606 4951 750 5013 babuerit
777 4954 809 5011 in
837 4951 968 5022 eisdem,
996 4951 1097 5010 dictos
1129 4950 1352 5009 canonicatum
1381 4960 1414 5008 et
1442 4949 1635 5028 prebendam

399 5057 531 5129 notorie,
554 5061 588 5118 ut
611 5057 813 5136 premittitur,
837 5059 881 5116 sic
902 5062 1050 5115 vacantes
1070 5054 1205 5114 discreto
1227 5053 1302 5124 viro,
1329 5053 1478 5132 magistro
1494 5055 1637 5118 Gilberto
