3850 5917
687 665 838 744 Episcopi
865 664 1109 744 Herqtordensis.
1457 667 1516 725 321

81 923 132 961 D·
158 924 231 962 ¹³²5·
278 918 354 978 Jan.
377 918 532 978 30.-Tte
554 916 672 996 Bislwp
693 916 822 995 certifica
845 916 893 978 the
916 917 1011 977 Goart
1028 918 1063 995 os
1082 916 1273 994 Canterbary
1295 916 1520 993 that—thoaplc

404 998 453 1059 the
481 998 600 1077 Bishop
624 1000 659 1077 os
683 997 837 1075 Llandaff
863 997 924 1057 had
952 1005 1005 1058 not
1033 997 1162 1075 broapltt
1190 997 1239 1057 the
1266 1005 1377 1057 ncatter
1404 999 1439 1076 os
1471 998 1520 1057 the

404 1078 495 1139 tithes
520 1079 556 1157 os
581 1078 629 1138 the
657 1079 764 1138 Forest
789 1079 824 1157 of
847 1078 938 1139 Dearc
962 1077 1059 1158 before
1088 1078 1231 1137 hira-he
1259 1078 1321 1138 toa
1345 1078 1519 1139 srcrarnoned

405 1160 453 1220 tte
479 1160 591 1220 Rector
614 1160 649 1238 os
673 1159 810 1219 Biclcnor
835 1165 864 1219 to
888 1179 1004 1238 appear
1027 1159 1090 1219 aad
1114 1180 1232 1219 answer
1261 1167 1289 1219 to
1319 1160 1367 1219 the
1394 1159 1518 1236 charpcs

402 1240 530 1318 bronplct
554 1240 678 1319 apainst
702 1239 775 1298 lotar.
831 1241 896 1299 But
918 1260 958 1299 ori
981 1240 1029 1300 the
1051 1240 1217 1319 appointed
1240 1240 1311 1317 day,
1338 1240 1386 1299 the
1409 1241 1520 1300 Rector

402 1321 488 1399 beinp
513 1328 644 1400 present,
673 1340 712 1381 no
742 1320 978 1400 representative
1005 1321 1041 1400 of
1073 1320 1121 1380 the
1156 1320 1275 1400 Bishop
1302 1320 1338 1399 of
1367 1321 1524 1399 Llandaff

399 1402 551 1481 appeared
580 1409 608 1461 to
632 1408 790 1480 prosecute
819 1401 867 1461 tta
895 1422 972 1461 case.

359 1579 663 1641 Gnurrrrcarouiuu
691 1598 930 1640 surusscmrrn
953 1598 1107 1649 Quassus
1137 1580 1293 1639 Eriscorr
1323 1580 1516 1637 Linusvuu-

277 1687 565 1749 sis-Venerando
580 1691 611 1747 et
627 1687 762 1747 discreto
777 1687 853 1757 vira,
868 1686 997 1747 domino
1012 1685 1144 1746 Officiali
1161 1686 1254 1746 Curis
1272 1684 1518 1754 Cantuariensis,

277 1794 417 1873 ipsiusve
439 1793 662 1854 Commissario
684 1793 859 1872 cuicunque
889 1794 973 1853 dicte
994 1792 1087 1853 Ourie
1111 1791 1293 1871 presidenti,
1315 1790 1426 1861 Adam,
1447 1795 1517 1860 ete,

276 1899 487 1960 reverenciam
520 1919 592 1958 cum
628 1899 755 1959 honore.
809 1898 998 1958 Mandatum
1035 1902 1175 1957 vestrum
1211 1896 1267 1975 vij⁰
1308 1895 1358 1956 die
1400 1894 1519 1955 mensis

278 2004 463 2065 Decembris
507 2004 683 2083 recepimus
718 2004 885 2065 continens
931 2004 1016 2062 hunc
1058 2008 1199 2063 tenorem
1216 2000 1448 2062 :—Venerabili
1485 2000 1516 2058 in

277 2110 405 2171 Christo
425 2111 517 2190 patri,
550 2116 608 2171 etc.
652 2110 742 2171 Licet
767 2110 862 2189 igitur
882 2130 955 2189 pars
980 2110 1055 2169 dicti
1077 2109 1176 2188 patris
1198 2114 1272 2168 aute
1300 2106 1516 2186 recepcionem

278 2215 404 2296 querele
432 2216 571 2295 predicte
605 2234 663 2295 pre
698 2215 825 2295 justicia
849 2215 888 2275 de
923 2235 986 2294 qua
1010 2214 1214 2293 conqueritur
1247 2211 1417 2273 obtinenda
1445 2230 1519 2289 erge

279 2340 346 2391 nos,
376 2326 412 2380 ut
441 2321 559 2391 debuit,
603 2320 787 2381 nullatenus
822 2320 1002 2391 institisset,
1039 2320 1182 2380 volentes
1224 2324 1331 2379 tamen
1368 2316 1519 2376 mandato

279 2432 385 2489 vestro
406 2447 524 2507 parere,
546 2432 582 2487 ut
604 2428 703 2497 decet,
724 2426 875 2506 predicto,
900 2432 974 2505 post
999 2426 1215 2504 recepcionem
1236 2424 1378 2502 ejusdem
1398 2422 1518 2482 dictum

277 2534 445 2595 Rectorem
481 2534 520 2593 ad
555 2538 658 2593 certos
686 2534 768 2593 diem
801 2538 833 2593 et
864 2532 967 2592 locum
1003 2531 1125 2610 prelato
1157 2530 1239 2609 patri
1264 2530 1303 2589 de
1338 2532 1520 2608 supratacta

276 2638 404 2717 justicia
439 2658 663 2717 responsurum
699 2638 738 2698 ad
774 2638 961 2698 instanciam
994 2637 1206 2716 procuratoris
1236 2636 1378 2714 ejusdem
1412 2635 1519 2713 patris,

277 2746 399 2805 dictum
434 2744 620 2803 mandatum
657 2748 796 2804 vestrum
832 2742 923 2803 nobis
958 2743 1122 2812 tradentis,
1151 2761 1257 2801 coram
1294 2739 1520 2801 Commissario

279 2856 389 2910 nostro
417 2849 550 2910 fecimus
571 2854 788 2929 competenter
811 2849 851 2909 ad
882 2848 1035 2927 judicium
1070 2847 1203 2909 evocari.
1259 2846 1381 2921 Quibus
1409 2846 1459 2905 dic
1487 2848 1520 2905 et

277 2955 349 3016 loco
377 2956 462 3015 dicto
484 2957 617 3016 Rectore
646 2976 752 3015 coram
782 2959 868 3016 certo
891 2954 1115 3016 Commissario
1140 2959 1249 3014 nostro
1274 2953 1307 3012 in
1343 2952 1403 3011 hac
1431 2956 1522 3029 parte

278 3063 430 3140 deputato
461 3062 599 3141 legitime
636 3068 847 3141 comparente,
881 3081 956 3141 pars
991 3060 1178 3121 venerabilis
1213 3058 1313 3139 patris
1348 3055 1519 3137 supradicti

276 3164 367 3246 juxta
388 3166 520 3227 formam
545 3167 722 3228 vocacionis
757 3166 897 3246 predicte
924 3187 1031 3227 coram
1053 3166 1137 3226 dicto
1159 3164 1382 3226 Commissario
1410 3167 1520 3222 nostro

277 3273 310 3331 in
340 3273 399 3333 hac
421 3279 510 3352 parte
535 3294 725 3352 comparere,
754 3278 848 3353 prout
883 3272 1001 3342 debuit,
1037 3292 1101 3332 non
1134 3270 1265 3341 curavit,
1297 3269 1404 3348 sicque
1436 3268 1521 3327 dicto

278 3380 429 3439 mandato
467 3385 581 3450 vestro,
620 3379 769 3452 quatinus
805 3378 1000 3447 tenebamur,
1037 3376 1210 3455 paruimus,
1253 3380 1285 3435 et
1320 3372 1523 3435 certificando

279 3505 427 3565 paremus
459 3491 647 3555 reverenter,
669 3491 706 3546 ut
737 3485 836 3546 decet.
889 3484 1010 3543 Datum
1042 3482 1126 3562 apud
1160 3479 1421 3559 Schenynglelde,
1449 3484 1523 3536 xxx⁰

278 3592 329 3653 die
351 3592 469 3653 mensis
491 3592 642 3663 Januarii‚
665 3611 748 3653 anno
770 3590 899 3651 Domini
921 3590 1111 3669 supradicto.

281 3872 375 3952 April
398 3872 554 3931 26.—The
579 3871 697 3950 Bishop
721 3870 842 3949 assiprrs
869 3870 917 3929 thc
943 3868 1114 3929 Oaaoai'eot
1141 3868 1246 3927 Haase
1273 3866 1364 3942 latcty
1390 3864 1459 3924 held
1484 3864 1522 3940 tp

405 3952 547 4013 Richard
571 3952 607 4012 de
636 3950 834 4015 Hamenasclt
863 3958 891 4011 to
922 3950 1052 4010 Thorace
1081 3949 1118 4009 dc
1145 3947 1297 4017 Ghandos,
1327 3945 1525 4005 Archdeacoa

401 4033 437 4115 os
461 4033 622 4115 Heresord.

363 4216 526 4276 Conuscm
562 4232 724 4275 nououuu
756 4212 998 4273 resins-Item
1041 4210 1280 4271 memorandum
1318 4207 1403 4288 quod
1437 4205 1524 4283 xxvj⁰

280 4324 332 4383 die
354 4322 472 4383 mensis
495 4322 619 4401 Aprilis,
652 4341 736 4381 anno
768 4320 897 4380 Domini
933 4317 1179 4394 Maeander,
1212 4313 1346 4376 contulit
1377 4313 1524 4373 dominus

284 4428 435 4508 magistro
467 4428 587 4488 Thome
615 4427 654 4488 de
684 4426 864 4497 Ohaundos‚
894 4424 1123 4484 Archidiacono
1151 4420 1386 4491 Herelordensi‚
1415 4419 1526 4479 domos

285 4533 493 4603 canonicales,
519 4553 597 4613 quas
632 4533 735 4593 dictus
770 4532 919 4610 magister
946 4529 996 4589 R.¹
1027 4527 1204 4588 inhabitare
1233 4525 1398 4587 consuevit
1425 4524 1524 4584 Here·

285 4637 387 4699 fordie
407 4658 464 4717 per
492 4643 626 4698 mortem
656 4636 798 4714 ejusdem
826 4640 986 4704 vacantes,
1008 4633 1148 4694 scribens
1176 4632 1304 4691 domino
1324 4628 1463 4689 Jobanni
1485 4626 1524 4687 de

284 4744 315 4803 la
346 4744 451 4815 Felde,
482 4744 633 4804 canonico
655 4740 889 4811 Herefordensi,
911 4760 968 4820 pro
997 4739 1182 4799 induccione
1209 4736 1317 4817 ipsius.

347 5056 425 5097 1-1.e.
441 5054 543 5096 Richard
558 5054 586 5095 de
603 5054 778 5097 llamenasche.
791 5054 873 5095 whose
886 5051 959 5093 death
974 5050 994 5091 is
1007 5048 1111 5091 retes-red
1130 5052 1157 5089 to
1170 5046 1194 5087 in
1206 5046 1248 5087 the
1262 5043 1385 5091 preceding
1397 5047 1468 5091 entry
1481 5041 1529 5089 (ior

281 5119 361 5164 which
375 5130 415 5161 see
428 5116 562 5166 appendix).
