3850 5917
700 667 851 747 Episcopi
879 668 1123 749 Hercjordcruis.
1472 673 1531 734 347

100 927 170 965 MJ-
193 926 250 964 1326-
297 918 361 978 Tire
381 918 500 997 Bishop
520 925 627 995 pronis
648 922 689 977 10
709 918 796 995 dcyc'
818 918 997 997 0000190000
1019 926 1048 979 io
1069 919 1115 979 011
1134 919 1200 979 who
1221 919 1304 979 shall
1325 920 1400 979 10000
1420 920 1534 979 visited

418 998 467 1059 01ιο
500 998 616 1078 Ohcpci
646 1000 681 1078 os
708 999 893 1070 Aidcworth,
924 1000 989 1059 aad
1020 1000 1102 1060 there
1128 1000 1247 1079 prcyed
1279 1008 1307 1061 00
1341 1001 1390 1061 ihc
1424 999 1534 1079 Virpio

414 1080 517 1157 Mory.

375 1234 606 1295 Innumeram
640 1252 682 1293 sn
718 1252 931 1294 uxorraunurr
962 1251 1174 1294 nnvcc1ouuu
1209 1254 1251 1294 sn
1283 1253 1394 1295 uocurr
1426 1254 1533 1294 nnana

295 1340 409 1400 Msarn
431 1342 565 1401 Vmerru
586 1341 1006 1403 nascamus-universis
1027 1348 1137 1401 sancte
1152 1341 1265 1401 Matris
1293 1341 1435 1402 Ecclesia
1450 1341 1532 1412 filiis,

295 1450 366 1516 etc,
392 1444 502 1516 Adam,
526 1451 595 1517 etc,
621 1446 765 1516 salutem,
794 1453 853 1507 etc.
897 1446 987 1507 Licet
1015 1446 1083 1507 loca
1110 1450 1292 1507 sanctorum
1320 1448 1462 1507 omnium
1481 1447 1534 1526 pia

297 1556 329 1612 et
349 1557 496 1631 prompta
511 1552 680 1613 devocione
700 1552 765 1613 sint
786 1573 804 1613 a
827 1551 944 1613 Christi
969 1551 1114 1612 fidelibus
1132 1552 1319 1622 veneranda,
1343 1552 1411 1631 ipsa
1426 1558 1533 1613 tamen

294 1676 356 1735 que
391 1658 432 1717 ad
460 1658 643 1718 memoriam
677 1662 709 1717 et
745 1657 865 1718 cultum
903 1658 1038 1737 gloriose
1073 1657 1221 1737 Virginis,
1261 1658 1321 1718 Dei
1362 1658 1533 1736 genitricis,

297 1762 399 1823 Marie
427 1768 502 1823 sunt
531 1763 708 1843 specialiter
731 1764 883 1843 deputata
903 1784 941 1824 eo
962 1763 1114 1824 devocius
1132 1769 1164 1824 et
1193 1763 1432 1824 habundancius
1459 1784 1531 1823 con-

292 1867 380 1929 venit
416 1868 558 1929 venerari
594 1887 656 1948 quo
698 1869 850 1947 majorem
887 1870 1025 1948 graciam
1062 1870 1146 1947 apud
1184 1870 1357 1930 Dominum
1396 1869 1533 1929 ereditur

295 1974 464 2035 invenisse.
507 1975 555 2035 De
575 1974 635 2035 Dei
655 1973 750 2055 igitur
764 1975 991 2055 omnipotentis
1011 1976 1232 2047 misericordia,
1247 1976 1380 2056 gloriose
1394 1976 1533 2055 Virginis

296 2080 406 2151 Maris,
432 2080 602 2141 Genitricis
632 2081 748 2161 Ipsius,
777 2081 950 2142 Beatorum
982 2082 1160 2143 Ethelberti
1194 2083 1290 2162 Regis
1321 2088 1353 2144 et
1381 2083 1532 2154 Martiris,

294 2206 331 2246 ac
352 2185 473 2247 Thome
502 2186 652 2266 Episcopi
680 2191 713 2248 00
741 2187 938 2257 confessoris,
967 2192 1172 2266 patronorum
1194 2194 1385 2258 nostrorum,
1410 2208 1533 2249 necnon

292 2312 329 2353 ac
350 2292 491 2353 omnium
515 2293 703 2353 Sanctorum
724 2293 844 2354 meritis
861 2298 893 2354 et
911 2294 1191 2355 intercessionibus
1209 2294 1412 2365 confidentes,
1432 2296 1531 2355 omni-

294 2397 353 2459 bns
381 2398 472 2459 nobis
494 2400 564 2477 jure
586 2399 754 2460 diocesano
773 2399 932 2480 subjectis,
956 2406 989 2460 et
1017 2399 1086 2461 aliis
1106 2419 1239 2480 quorum
1264 2401 1422 2461 diocesani
1450 2401 1533 2461 hanc

292 2509 434 2566 nostram
457 2486 688 2585 indulgenciam
716 2511 818 2567 ratam
846 2505 1015 2567 habuerint
1049 2512 1082 2568 et
1119 2512 1291 2585 acceptam,
1323 2506 1362 2567 de
1394 2507 1533 2585 peccatis

295 2608 361 2671 suis
389 2630 462 2671 vere
495 2611 649 2683 contritis,
678 2610 903 2691 penitentibus,
927 2616 959 2673 et
987 2611 1149 2683 confessis,
1166 2612 1220 2692 qui
1252 2612 1292 2672 ad
1312 2612 1472 2692 Capellam
1493 2612 1533 2674 de

294 2714 537 2788 Aldersvvorthe,
567 2718 806 2797 Wygorniensis
834 2718 977 2789 diocesis,
999 2738 1095 2779 causa
1122 2717 1303 2780 devocionis
1333 2718 1532 2789 accesserint,

292 2842 330 2882 ac
375 2822 487 2883 devote
529 2824 701 2902 predictam
749 2822 917 2903 gloriosam
958 2823 1121 2903 Virginem
1156 2824 1273 2885 ibidem
1316 2824 1531 2895 salutaverint,

294 2927 458 3008 ipsiusque
486 2928 633 2989 luminari
654 2950 759 2989 coram
788 2949 913 2990 summo
934 2930 1025 2990 altari
1053 2930 1086 2989 in
1122 2930 1232 2991 eadem
1254 2929 1382 3010 Capella
1409 2931 1533 2991 noviter

293 3034 444 3115 adjuncto
479 3055 593 3097 manus
625 3035 795 3115 adjutrices
831 3035 1037 3115 porrexerint,
1069 3055 1193 3096 necnon
1220 3054 1278 3115 pro
1317 3056 1394 3116 pace
1422 3040 1531 3096 sancte

295 3141 427 3203 ecclesie
454 3146 486 3203 et
514 3141 742 3221 tranquillitate
770 3140 857 3221 regni
879 3140 991 3220 Anglie
1018 3140 1196 3201 oracionem
1230 3140 1431 3201 Dominicam
1459 3160 1531 3201 cum

293 3246 494 3309 Salutacione
522 3246 672 3326 Angelica
708 3246 843 3307 dixerint
871 3252 978 3307 mente
1008 3246 1069 3326 pia,
1099 3267 1116 3305 x
1140 3246 1208 3307 dies
1229 3246 1268 3307 de
1302 3245 1446 3326 injuncta
1472 3244 1532 3306 sibi

290 3352 471 3433 penitencia
491 3352 735 3413 misericorditer
755 3352 942 3413 relaxamus.
985 3352 1025 3412 In
1054 3352 1145 3431 cujus
1171 3353 1226 3424 rei,
1248 3358 1307 3413 etc.

292 3630 365 3693 Feb.
390 3634 437 3691 l4.
438 3631 545 3723 —Tbc
567 3631 686 3711 Bishcp
710 3631 919 3693 cornmissr'oas
946 3631 1087 3691 Williom
1108 3632 1145 3692 00
1167 3632 1338 3712 Foroairopc
1361 3640 1390 3694 00
1412 3635 1533 3713 octfcr

418 3712 483 3772 him
517 3712 553 3771 io
588 3713 637 3773 the
670 3720 735 3773 moi
737 3723 781 3773 ter
814 3713 850 3791 cs
826 3711 975 3791 s‚Joior
1011 3732 1067 3773 scra
1099 3713 1135 3792 cs
1164 3713 1308 3774 uacare
1341 3714 1465 3785 Pallon,
1500 3718 1536 3795 of

417 3793 573 3873 Fcccnhcp
574 3814 598 3865 0,
549 3792 782 3935 cdprcscatcd
811 3800 840 3854 00
869 3792 919 3853 ihc
950 3793 1107 3854 oronorc'ci
1136 3794 1275 3872 Otaaoy
1303 3796 1338 3874 os
1362 3763 1533 3876 Fowniwpc

417 3874 549 3953 bquo
550 3895 583 3934 er
676 3874 828 3935 01000000
894 3874 941 3934 On
970 3874 1071 3953 lhef
1047 3874 1208 3953 following
1239 3876 1301 3953 day
1330 3876 1379 3936 the
1414 3877 1533 3958 Bishop

416 3954 565 4016 ordoiocd
594 3955 643 4017 0100
670 3974 753 4015 sarae
781 3954 865 4016 John
892 3961 921 4016 00
950 3955 1000 4015 the
1023 3954 1211 4033 pricsihocd.

374 4123 540 4184 Gauranis
582 4140 680 4183 mnas
720 4140 895 4183 manarum
935 4123 1062 4182 Dounu
1096 4122 1226 4183 Roenru
1268 4140 1312 4181 nn
1354 4123 1533 4186 Gnsuunos

294 4250 381 4293 arun
416 4231 898 4293 novamus-Memoradum
933 4231 1018 4311 quod
1052 4229 1137 4310 apud
1162 4230 1421 4310 Schenynglelde,
1454 4232 1534 4313 xiiij⁰

294 4338 346 4399 die
367 4338 485 4399 mensis
507 4336 678 4409 Februarii,
700 4357 784 4398 anno
805 4336 935 4397 Domini
956 4336 1146 4415 supradicto,
1168 4335 1200 4394 in
1221 4337 1351 4415 negocio
1371 4343 1531 4415 presenta-

295 4443 396 4505 cionis
423 4442 506 4503 lacte
547 4462 604 4523 per
643 4442 805 4503 dominum
844 4443 1002 4523 Rogerum
1031 4442 1069 4503 de
1107 4442 1287 4512 chaundos,
1315 4442 1458 4515 militem,
1493 4444 1533 4505 de

296 4547 452 4619 Johanne‚
479 4548 544 4609 filio
578 4548 705 4609 Ricardi
730 4548 872 4610 Fullonia
900 4548 939 4610 de
967 4548 1154 4627 Fovvehope,
1186 4547 1226 4607 ad
1248 4553 1434 4627 perpetuam
1462 4570 1532 4610 can-

297 4653 412 4713 tariam
455 4653 494 4713 de
536 4652 627 4714 terris
665 4674 726 4733 qne
764 4655 892 4715 luerunt
929 4634 1094 4714 willelmi'
1122 4654 1161 4713 de
1199 4652 1354 4713 Fernhale
1396 4659 1428 4715 et
1464 4656 1535 4717 ahie

293 4759 460 4820 dominicis
482 4760 548 4821 suis
571 4759 652 4821 inira
673 4762 849 4821 manerium
870 4779 964 4821 suum
984 4759 1024 4820 de
1056 4759 1234 4839 Fowehope
1253 4778 1311 4838 per
1331 4759 1434 4839 ipsum
1463 4761 1532 4821 fun-

294 4865 412 4935 d'atam,
440 4870 477 4925 ut
507 4865 592 4936 dicit,
623 4870 797 4936 vacantem,
826 4886 863 4926 ac
891 4866 931 4926 ad
958 4865 1189 4945 inquirendum,
1218 4870 1287 4934 etc,
1316 4870 1471 4945 utsupra
1498 4867 1532 4926 in

296 4968 520 5031 commissione
543 4969 628 5029 iacta
651 4988 708 5049 pro
723 4970 842 5050 capella
869 4970 1002 5032 manerii
1029 4970 1068 5031 de
1089 4970 1194 5030 Etone
1217 4970 1360 5048 Tregotz,
1385 4970 1533 5034 dominus

295 5076 456 5139 commisit
476 5076 626 5156 magistro
654 5076 705 5137 W.
730 5078 769 5139 de
793 5076 971 5158 Fowehope
998 5077 1084 5139 vices
1111 5096 1194 5138 suas.
1256 5074 1301 5136 Et
1331 5075 1366 5136 in
1392 5078 1532 5141 crastino
