3850 5917
408 678 469 739 278
782 675 961 753 Reatinum
987 675 1052 736 Ado
1079 675 1116 737 dc
1146 674 1268 737 Orletoo

237 909 296 949 Λ-ῡ-
312 910 366 948 ¹³²⁴·
408 900 631 981 Wyntoniensi
664 900 835 981 Episcopo,
870 900 981 973 Adam,
1015 906 1074 963 eto.
1137 900 1292 982 Quicquid
1326 905 1433 981 potest
1465 900 1643 963 reverencie

410 1010 444 1068 et
479 1005 617 1068 honoris.
684 1005 733 1067 Ad
769 1006 907 1069 officium
943 1006 1059 1069 notarii
1101 1006 1217 1087 publici
1259 1026 1316 1087 ρετ
1357 1026 1413 1069 vos
1455 1006 1643 1069 auctoritate

411 1112 591 1193 Apostolica
631 1112 720 1174 vobis
761 1112 794 1172 in
831 1112 891 1173 bac
935 1118 1026 1191 parte
1074 1110 1242 1173 commissa
1283 1111 1452 1173 creandum
1493 1112 1643 1173 dilectum

411 1215 501 1277 nobis
522 1216 556 1276 in
577 1216 713 1288 Christo,
735 1216 911 1277 Henrioum
939 1217 979 1278 de
1003 1216 1167 1289 Estenore,
1196 1215 1343 1277 clericum
1372 1221 1479 1277 nostre
1500 1216 1643 1289 diocesis,

410 1321 594 1401 paternitati
621 1326 725 1384 vestre
747 1321 916 1383 reverende
937 1326 1046 1382 tenore
1066 1320 1264 1401 presencium
1288 1327 1506 1401 presentamus
1526 1321 1642 1402 suppli·

410 1432 520 1488 cantes
546 1426 707 1488 humiliter
727 1431 760 1488 et
780 1427 893 1488 devote
918 1426 1068 1507 quatinus
1089 1426 1223 1487 eundem
1253 1426 1428 1487 Hominum
1456 1426 1643 1488 auctoritate

409 1533 550 1612 predicta
583 1532 687 1594 velitis
714 1533 889 1604 admittere,
921 1537 953 1593 et
981 1532 1041 1594 sibi
1071 1532 1190 1593 dictum
1211 1532 1347 1593 officium
1373 1532 1538 1594 exercendi
1559 1552 1641 1593 com·

409 1639 536 1700 mittere
555 1643 756 1718 potestatem.
812 1638 860 1698 Ad
882 1638 1031 1717 regimen,
1060 1643 1119 1699 eto.
1162 1639 1280 1698 Datum
1302 1637 1484 1708 Londoniis,
1505 1636 1574 1717 viij⁰
1593 1637 1643 1699 die

410 1742 531 1814 Marcii,
553 1762 637 1803 anno
658 1740 797 1813 Domini,
822 1741 1059 1822 Mrcccnxiijr.

411 2024 494 2084 Mar.
515 2021 671 2083 10.-The
706 2020 834 2099 Bisbop,
864 2020 962 2099 before
982 2020 1163 2099 institutirzq
1191 2020 1301 2101 Philip
1329 2020 1366 2083 dc
1393 2022 1512 2101 Horby
1537 2030 1566 2084 to
1595 2022 1644 2085 the

533 2102 642 2242 cbopcl
669 2102 704 2182 os
732 2102 851 2179 Willcp,
880 2101 1028 2162 instructa
1057 2100 1106 2161 tho
1136 2101 1263 2180 Official,
1293 2122 1337 2174 or,
1366 2102 1402 2164 io
1431 2102 1480 2163 his
1510 2103 1642 2176 absence,

537 2184 588 2243 Wi
602 2183 678 2243 liam
711 2181 748 2243 dc
781 2181 961 2262 Fownbope,
997 2190 1027 2242 to
1061 2182 1185 2261 acquire
1215 2183 1391 2263 persorwlly
1429 2182 1562 2245 whether
1595 2184 1644 2245 the

533 2264 676 2344 clmpclry
697 2262 726 2325 ir
746 2262 876 2324 without
896 2283 967 2324 cure
993 2264 1030 2343 os
1051 2262 1143 2325 amalr.

491 2441 684 2501 Massaron
730 2455 908 2499 ocossrorur
959 2456 1235 2500 rnasnsnacrours
1283 2459 1326 2500 sn
1379 2458 1549 2502 olrannum
1600 2460 1642 2501 on

409 2546 756 2616 Wmnnsrn.-Adam‚
789 2550 858 2615 etc..
887 2543 1031 2605 discretis
1059 2544 1143 2616 viris,
1175 2544 1248 2605 filiis
1286 2546 1318 2605 in
1357 2546 1484 2607 Christo
1511 2546 1643 2617 dilectis,

410 2654 544 2715 Officiali
563 2657 682 2724 nostro,
697 2651 746 2714 vel
760 2650 911 2730 magistro
926 2651 976 2711 W.
992 2650 1030 2711 de
1045 2650 1230 2730 Fowehope,
1246 2656 1354 2712 nostro
1368 2651 1401 2711 in
1416 2652 1484 2731 ejus
1499 2652 1645 2714 absencia

409 2759 635 2831 commissario,
657 2758 801 2829 salutem,
823 2762 882 2817 etc.
925 2756 1111 2817 Preseutato
1125 2756 1216 2817 nobis
1233 2776 1333 2835 nuper
1349 2755 1476 2817 domino
1498 2757 1644 2837 Philippo

410 2870 450 2928 de
464 2866 603 2945 Harleye
624 2866 664 2926 ad
677 2864 841 2926 ecclesiam
858 2883 914 2924 seu
929 2862 1081 2943 capellam
1096 2863 1134 2923 de
1149 2862 1300 2942 Wileleye
1314 2868 1465 2943 tauquam
1480 2868 1644 2925 vacantem

412 2979 444 3037 et
465 2974 605 3043 liberam,
620 2972 800 3032 nullatenus
815 2990 872 3050 per
891 2990 934 3041 se,
953 2974 990 3029 ut
1007 2968 1129 3040 dicitur,
1145 2989 1253 3030 curam
1273 2969 1449 3029 animarum
1465 2970 1643 3041 habentem,

412 3085 446 3143 et
465 3078 672 3159 inquisicione
691 3076 780 3156 juxta
806 3074 884 3153 juris
912 3073 1103 3153 exigenciam
1128 3079 1160 3134 et
1181 3074 1352 3134 secundum
1374 3073 1459 3153 quod
1479 3075 1575 3137 moris
1596 3079 1644 3136 est

409 3203 505 3264 super
529 3181 691 3263 premissis
712 3186 744 3241 et
765 3180 834 3240 aliis
863 3178 1003 3239 articulis
1032 3178 1191 3239 consuetis
1221 3178 1260 3237 ad
1289 3180 1473 3240 mandatum
1501 3185 1644 3241 nostrum

409 3290 494 3350 iacta
524 3292 556 3349 et
587 3287 678 3348 nobis
702 3290 838 3356 ostensa,
867 3285 900 3343 in
928 3283 1037 3345 eadem
1066 3282 1148 3343 inter
1179 3288 1283 3344 cetera
1313 3284 1449 3345 vidimus
1481 3286 1643 3358 contineri,

409 3396 512 3476 ipsam
533 3392 685 3474 capellam
705 3390 803 3451 fuisse
823 3394 855 3451 et
871 3409 941 3450 esse
959 3388 1090 3449 liberam
1111 3393 1143 3449 et
1161 3388 1288 3467 penitus
1309 3388 1376 3450 sine
1394 3410 1477 3450 cura.
1512 3391 1645 3472 Propter

409 3500 494 3582 quod
513 3500 616 3561 dictus
637 3498 783 3559 dominus
802 3495 968 3574 Philippus
987 3493 1150 3555 occasione
1171 3494 1324 3573 premissa
1340 3494 1496 3557 instanter
1516 3516 1535 3556 a
1554 3497 1644 3558 nobis

409 3607 502 3687 petiit
533 3606 637 3685 ipsum
665 3604 706 3664 ad
732 3603 865 3663 eandm
895 3600 1021 3661 admitti
1049 3606 1081 3660 et
1119 3599 1242 3661 institui
1278 3600 1311 3658 in
1348 3600 1467 3673 eadem,
1504 3604 1540 3661 ut
1575 3622 1643 3681 pre·

411 3712 557 3783 mittitur,
578 3730 643 3770 non
664 3714 780 3769 curata.
833 3708 901 3767 Nos
928 3706 1024 3786 igitur
1054 3704 1195 3766 volentes
1223 3724 1317 3785 super
1344 3706 1515 3784 premissis,
1550 3712 1644 3786 prout

410 3822 520 3878 nostro
540 3814 694 3876 incumbit
714 3812 825 3884 officio,
847 3812 971 3891 plenius
991 3809 1162 3882 informari,
1183 3809 1271 3871 vobis
1296 3814 1328 3870 et
1353 3810 1480 3871 cuilibet
1503 3818 1644 3873 vestrum

410 3921 605 4001 conjunctim
632 3926 664 3981 et
698 3918 824 3980 divisim
844 3916 1038 3997 injungimus
1066 3919 1098 3976 et
1118 3915 1304 3975 mandamus
1338 3916 1487 3994 quatinus
1515 3918 1555 3977 ad
1575 3938 1643 3999 pre-

410 4028 528 4088 dictam
549 4026 713 4088 ecclesiam
734 4043 790 4085 seu
812 4021 964 4102 capellam
985 4020 1024 4082 de
1045 4020 1197 4099 Wileleye
1217 4021 1422 4099 personaliter
1450 4024 1643 4096 accedentes,

409 4133 531 4195 vocatis
564 4132 711 4212 primitus
748 4128 916 4191 evocandis
951 4127 1057 4188 saltim
1095 4125 1219 4206 publice
1253 4126 1416 4187 citacionis
1450 4128 1561 4202 edicto,
1605 4130 1644 4191 de

410 4236 563 4316 insigniis,
584 4234 718 4313 judiciis,
750 4239 782 4294 et
816 4231 1065 4293 circumstanciis
1094 4250 1167 4291 cure
1198 4230 1382 4303 animarum,
1419 4233 1532 4312 quibus
1560 4236 1645 4297 dicta

410 4340 542 4402 ecclesia
575 4360 631 4401 eeu
663 4338 782 4418 capella
808 4337 995 4398 beneficium
1030 4340 1173 4397 curatum
1211 4334 1277 4397 eive
1315 4356 1378 4397 non
1406 4343 1550 4398 curatum
1582 4340 1645 4403 dici

410 4446 549 4527 potuerit
573 4451 605 4506 et
626 4443 737 4506 debeat
758 4445 797 4504 de
823 4443 901 4522 jure,
928 4462 986 4522 per
1013 4441 1097 4503 viros
1120 4439 1302 4518 fidedignos,
1327 4440 1455 4502 clericos
1483 4447 1515 4503 et
1538 4443 1643 4517 laicos,

410 4553 593 4632 diligentem
613 4550 735 4611 laniatis
762 4549 1010 4629 inquisicionem,
1041 4549 1130 4628 juxta
1160 4547 1233 4619 vim,
1265 4547 1407 4619 formam,
1439 4554 1471 4609 et
1502 4554 1643 4613 tenorem

411 4657 614 4719 articulorum
651 4654 782 4716 inferius
809 4660 1039 4725 contentorum,
1067 4658 1100 4714 et
1130 4652 1352 4713 discrecionem
1381 4653 1469 4715 vobis
1510 4656 1544 4714 in
1585 4657 1644 4719 bac

410 4770 500 4844 parto
531 4784 550 4823 a
583 4763 652 4823 Deo
686 4762 802 4821 datam.
858 4760 899 4819 ln
929 4759 1040 4839 primis
1075 4756 1229 4838 siquidem
1264 4757 1439 4837 inquiratur
1473 4760 1500 4820 si
1534 4762 1644 4823 eadem

411 4868 543 4930 ecclesia
563 4887 619 4928 seu
640 4866 760 4946 capella
780 4870 829 4926 est
849 4864 931 4925 inira
951 4864 1080 4926 alterius
1104 4862 1234 4925 ecclesie
1257 4863 1337 4925 fines
1358 4884 1414 4926 seu
1434 4866 1552 4929 limites
1575 4875 1643 4931 tan·

411 4994 507 5055 quam
541 4971 681 5033 matricis
708 4971 839 5033 ecclesie
873 4970 1055 5042 constituta,
1090 4975 1123 5031 et
1165 4989 1226 5050 que
1264 4969 1306 5031 eit
1343 4970 1405 5031 illa.
1453 4972 1537 5033 Item
1573 4976 1645 5056 quis

410 5084 608 5141 sacramenta
634 5082 667 5138 et
687 5075 926 5139 sacramentalia
947 5076 1108 5137 ministrat
1128 5075 1162 5135 in
1185 5074 1304 5147 eadem,
1332 5079 1366 5137 et
1392 5076 1482 5156 cujus
1510 5082 1643 5143 auctori·
