3850 5917
699 707 851 787 Episcopi
878 706 1123 786 Heresorderarr'r.
1470 709 1529 769 363

109 940 174 981 M>-
191 939 246 979 Μ·
290 952 417 994 summa
437 932 604 1013 diligencia
624 932 705 1012 exigi
736 932 877 1005 iacimus,
907 936 939 994 et
968 932 1116 1014 quicquid
1145 934 1249 994 levare
1285 933 1446 1013 potuimus
1474 954 1530 1013 per

289 1044 412 1127 certum
427 1044 459 1101 et
480 1038 605 1101 fidelem
626 1038 777 1099 nuncium
799 1037 1019 1099 mandavimus
1033 1037 1114 1099 inira
1134 1039 1306 1099 terminum
1320 1038 1529 1119 prescriptum

289 1145 391 1207 Priori
414 1150 588 1206 memorato
610 1143 755 1224 persolvi.
798 1144 927 1215 Datum,
949 1149 1009 1205 etc.
1298 1144 1304 1155 ’

291 1426 374 1486 June
399 1423 577 1484 11.-J0to
600 1423 637 1484 de
661 1423 779 1494 Frome,
804 1422 895 1493 cleric,
922 1422 977 1484 bos
1003 1423 1074 1484 beera
1093 1424 1253 1502 presented
1277 1425 1315 1503 tp
1344 1425 1393 1486 the
1416 1432 1532 1503 potrore

418 1513 447 1565 tc
470 1504 518 1565 the
542 1504 664 1565 Choreb
679 1504 714 1583 of
730 1502 914 1581 Kirraereley
925 1524 937 1573 ,·
958 1504 1068 1575 which,
1088 1504 1228 1576 however,
1246 1506 1274 1565 e's
1297 1506 1366 1566 held
1388 1506 1426 1583 by
1448 1506 1531 1567 John

416 1585 453 1647 de
481 1585 674 1663 Kr'nrrersiep.
731 1584 815 1646 Joto
841 1584 878 1645 de
905 1585 1024 1655 Fromc,
1052 1585 1135 1646 aiace
1163 1586 1212 1646 the
1239 1586 1358 1665 Biahop
1385 1586 1452 1645 wilt
1478 1593 1531 1647 not

417 1666 560 1727 institute
583 1666 655 1736 him,
680 1665 735 1726 tos
757 1665 904 1745 oppeoled
926 1673 955 1727 to
978 1665 1027 1725 the
1050 1666 1144 1727 Goart
1161 1667 1197 1745 os
1215 1667 1414 1743 Conterbrop.
1469 1667 1531 1727 rto

420 1748 540 1825 Offictal
567 1748 602 1826 os
634 1746 683 1807 the
714 1747 808 1807 Ocuri
836 1747 984 1807 instructa
1014 1747 1062 1807 the
1093 1746 1212 1827 Biahop
1241 1755 1269 1807 to
1297 1746 1355 1809 cite
1384 1747 1468 1808 John
1494 1747 1532 1807 de

417 1828 599 1907 Kiooerslep
629 1835 658 1888 to
685 1847 801 1907 appear
829 1826 926 1906 before
954 1828 1003 1888 the
1033 1828 1136 1888 Goart.

374 1994 580 2055 Arrunmoro
595 2013 613 2054 a
629 2013 693 2056 nou
711 1994 1091 2055 anurse0.¹-Venerabili
1105 1994 1138 2053 in
1153 1993 1280 2056 (ihristo
1295 1996 1388 2075 patri,
1403 1996 1531 2056 domino

291 2100 368 2172 Ade,
390 2105 460 2171 etc,
486 2100 636 2161 Officialis
669 2099 762 2161 Ourie
793 2100 1038 2171 Cantuariensis,
1070 2100 1214 2170 salutem,
1246 2106 1306 2161 etc.
1356 2100 1406 2159 Ex
1440 2106 1530 2179 parte

291 2206 448 2267 Johannis
470 2206 508 2267 de
525 2206 648 2277 Frome,
673 2206 786 2276 clerici,
802 2206 892 2266 nobis
916 2205 1021 2266 extitit
1042 2205 1224 2266 intimatum
1245 2207 1329 2287 quod
1351 2226 1422 2267 cum
1444 2206 1527 2267 idem

290 2312 455 2373 iohannes
479 2313 518 2372 ad
551 2311 714 2373 ecclesiam
737 2311 776 2371 de
802 2310 1029 2390 Kynardsleye,
1052 2315 1155 2372 vestre
1179 2311 1322 2382 diocesis,
1354 2317 1528 2382 vacantem,

292 2436 350 2495 per
363 2438 471 2478 verum
494 2418 635 2497 ejusdem
658 2416 788 2478 ecclesie
809 2420 978 2495 patronum
994 2416 1081 2477 vobis
1100 2415 1161 2476 loci
1181 2416 1348 2477 diocesano
1367 2416 1478 2477 fuisset
1500 2421 1532 2477 et

290 2522 334 2583 sit
356 2523 505 2584 canonice
526 2528 735 2603 presentatus,
751 2521 980 2602 inquisicioque
1001 2541 1096 2601 super
1115 2522 1283 2583 vacacione
1297 2522 1380 2582 dicte
1401 2521 1532 2583 ecclesie

289 2634 323 2689 et
345 2628 415 2689 aliis
437 2628 577 2689 articulis
599 2628 712 2689 debitis
741 2633 773 2689 et
802 2628 961 2689 consuetis
991 2627 1030 2687 ad
1052 2628 1237 2687 mandatum
1265 2633 1416 2698 vestrum,
1437 2632 1532 2707 prout

291 2734 389 2795 moris
410 2741 468 2807 est,
490 2736 550 2796 rite
578 2740 610 2794 et
635 2734 774 2814 legitime
802 2733 886 2795 iacta
910 2753 968 2813 pro
989 2734 1099 2799 eodem
1129 2734 1321 2794 sufficienter
1347 2733 1475 2794 fecisset
1499 2738 1532 2795 et

288 2840 385 2901 faciat
413 2845 603 2921 presentato
639 2840 799 2920 nichilque
827 2839 886 2901 sibi
915 2839 1056 2900 obviaret
1085 2844 1141 2899 aut
1170 2839 1275 2900 obviet
1303 2840 1342 2900 de
1370 2838 1529 2901 canonicis

292 2944 448 3005 institutis
467 2944 636 3025 quominus
653 2944 824 3005 addictam
844 2944 1009 3005 ecclesiam
1028 2944 1154 3005 admitti
1169 2943 1295 3005 debarai
1314 2950 1347 3005 et
1364 2944 1530 3004 Rectorem

292 3050 418 3111 institui
452 3050 486 3110 in
515 3051 634 3122 eadem,
668 3070 723 3111 vos
748 3055 856 3111 tamen
890 3050 931 3110 ad
959 3050 1158 3121 instanciam,
1187 3050 1453 3129 procuracionem,
1474 3069 1530 3109 seu

291 3154 527 3235 opposicionem
550 3155 701 3235 injustam
717 3155 882 3234 cujusdam
899 3155 1056 3216 Johanuis
1076 3156 1133 3215 filii
1152 3155 1278 3215 Ricardi
1299 3155 1338 3215 de
1353 3154 1531 3233 Kynardes·

290 3264 360 3342 leye
381 3262 573 3342 possessioni
596 3262 738 3341 ejusdem
760 3261 891 3322 ecclesie
922 3260 960 3322 de
993 3261 1076 3322 lacto
1106 3260 1329 3332 incumbentis,
1354 3259 1408 3340 qui
1433 3258 1530 3319 nichil

289 3368 370 3448 juris
405 3366 438 3425 in
466 3366 550 3427 dicta
588 3366 720 3427 ecclesia
755 3366 851 3427 habet
881 3366 1058 3446 aliqualiter
1088 3367 1138 3427 vel
1167 3367 1207 3426 ad
1242 3386 1321 3437 eam,
1354 3365 1531 3445 predictum

290 3470 481 3539 iohannem,
517 3469 599 3529 sicut
634 3469 837 3548 premittitur,
872 3475 1090 3549 presentatum
1125 3470 1165 3529 ad
1199 3469 1330 3529 eandem
1367 3468 1531 3529 ecclesiam

290 3575 468 3645 admittere,
491 3579 523 3635 et
540 3574 707 3635 Rectorem
730 3575 763 3634 in
784 3575 895 3636 eadem
916 3575 1092 3646 instituere,
1115 3595 1152 3635 ac
1173 3579 1359 3653 ceteraque
1380 3578 1485 3635 vestro
1499 3574 1532 3633 in

292 3680 355 3741 hac
375 3686 465 3761 parte
501 3679 727 3741 incumbebant
762 3680 865 3741 officio
888 3700 1037 3761 peragere
1065 3700 1129 3741 non
1160 3680 1303 3751 curastis,
1328 3680 1404 3760 quin
1424 3680 1532 3759 potius

292 3788 481 3866 denegastis,
519 3805 654 3865 congrue
684 3791 717 3846 et
752 3806 824 3847 cum
867 3787 1023 3847 instancia
1058 3787 1164 3848 debita
1200 3785 1352 3865 requisiti,
1388 3786 1421 3844 in
1455 3784 1531 3845 dicti

291 3892 458 3963 Johannis,
490 3897 527 3952 ut
558 3892 761 3971 premittitur,
796 3893 970 3971 presentati
1005 3892 1223 3973 prejudicium,
1258 3892 1431 3971 dampnum
1466 3910 1530 3950 non

292 3998 462 4069 modicum,
484 4002 516 4059 ct
537 4016 715 4077 gravamen.
759 3998 852 4060 Unde
873 4019 911 4059 ex
932 4003 1023 4079 parte
1043 3998 1185 4078 ejusdem
1205 3997 1370 4068 Johannis,
1391 3996 1531 4057 sencien-

293 4104 335 4164 tis
356 4124 390 4165 se
411 4124 450 4165 ex
470 4102 530 4163 hoc
552 4122 684 4183 parvos
706 4102 845 4165 indebite
865 4104 1053 4184 pregravari,
1068 4103 1108 4163 ad
1130 4101 1256 4164 (iuriam
1271 4101 1532 4163 cantuariensem

294 4210 407 4281 extitit,
430 4214 465 4269 ut
491 4209 650 4280 asseritur,
674 4209 812 4289 legitime
841 4210 1043 4290 appellatum.
1076 4210 1179 4284 Quare
1200 4208 1288 4269 vobis
1311 4228 1384 4269 cum
1412 4227 1449 4268 ea
1470 4227 1532 4286 qua

293 4316 384 4376 decet
406 4314 585 4375 reverencia
614 4313 803 4385 inhibemus,
828 4320 860 4375 et
884 4334 941 4395 per
963 4335 1019 4376 vos
1042 4314 1188 4376 omnibus
1210 4318 1242 4373 et
1263 4312 1395 4391 singulis
1418 4311 1532 4391 quibus

294 4423 345 4502 jus
374 4421 470 4501 exigit
499 4421 633 4482 inhiberi
662 4422 816 4493 volumus,
842 4427 874 4482 et
902 4422 1090 4481 mandamus
1118 4441 1167 4491 ne,
1189 4420 1346 4499 pendente
1374 4418 1406 4477 in
1438 4417 1532 4479 Ouria

295 4526 516 4590 Oantuariensi
532 4526 712 4605 hujusmodi
734 4526 956 4606 appellacicnis
971 4546 1075 4596 causa,
1095 4524 1263 4605 quicquam
1287 4522 1347 4583 hac
1368 4522 1533 4583 occasione

294 4634 328 4692 in
355 4632 439 4692 dicte
466 4630 566 4711 partis
596 4632 783 4711 appellantis
804 4632 1012 4712 prejudicium
1038 4630 1236 4710 attemptatis
1260 4628 1310 4690 vel
1331 4631 1531 4707 attemptent,

295 4736 419 4798 faciatis
448 4740 503 4797 aut
534 4735 652 4796 faciant
684 4737 860 4817 aliqualiter
888 4736 1080 4815 attemptari,
1112 4734 1282 4814 quominus
1317 4732 1418 4793 cidem
1450 4731 1532 4810 parti

296 4844 469 4925 appellanti
492 4842 590 4903 libera
613 4849 721 4923 pateat
741 4864 830 4905 suam
853 4842 1099 4924 appellacionem
1121 4839 1303 4920 hujusmodi
1323 4836 1533 4917 prosequendi

297 4950 440 5011 facultas.
498 4948 610 5010 Oitetis
648 4948 747 5010 eciam
778 4969 835 5011 seu
870 4948 960 5009 citari
997 4946 1120 5007 faciatis
1166 4943 1375 5025 peremptorie
1413 4942 1533 5002 dictum

359 5085 453 5127 l-This
466 5084 574 5131 heading,
588 5084 636 5126 and
650 5085 682 5126 all
695 5084 773 5127 which
786 5083 872 5131 follow.
892 5088 919 5125 to
932 5084 973 5126 the
992 5083 1038 5125 end
1057 5081 1084 5124 oi
1097 5083 1138 5124 the
1152 5080 1258 5129 meister.
1277 5090 1318 5121 are
1338 5078 1362 5118 in
1382 5089 1396 5120 a
1415 5076 1534 5124 different.

295 5148 343 5192 and
357 5150 428 5191 much
442 5149 503 5190 later
519 5147 589 5189 hand.
