3850 5917
392 673 452 733 258
767 671 945 751 Repictrnm
972 670 1038 733 Ade
1064 670 1102 731 de
1125 670 1254 731 Orleton

222 904 279 944 AD·
295 905 350 944 ¹³²³·
393 898 469 975 Jeep
504 902 542 957 11
548 898 746 958 .—Mcndate
779 899 815 977 of
846 897 895 958 the
930 898 1025 957 Gonrt
1056 897 1091 976 of
1125 896 1316 973 Ocnterbnry
1351 894 1543 973 sammonico
1579 895 1629 955 the

514 978 633 1057 Bishop
660 979 724 1039 and
752 978 801 1039 the
834 978 954 1057 Officicl
985 986 1014 1039 to
1045 996 1163 1038 answcr
1194 977 1243 1037 cn
1274 975 1385 1055 appccl
1415 977 1449 1055 of
1484 976 1626 1036 Willicm

513 1060 550 1119 de
574 1059 775 1136 Irbp‚Prior
796 1059 831 1138 of
853 1060 898 1119 st.
926 1058 1202 1137 (latiniacensem
1226 1056 1275 1117 the
1298 1064 1433 1117 cenence
1456 1056 1625 1147 oscncom·

513 1139 638 1200 manico
640 1140 706 1200 tion
735 1139 930 1219 prononnced
964 1138 1088 1217 aquirat
1123 1137 1188 1197 hirn
1215 1138 1270 1217 for
1303 1137 1454 1198 administ
1443 1136 1541 1215 terirrp
1577 1137 1626 1197 the

513 1227 699 1282 sacramente
716 1222 781 1299 ost
769 1221 818 1281 the
840 1220 964 1281 Charch
985 1227 1014 1281 to
1035 1239 1089 1281 one
1109 1218 1176 1279 who
1196 1239 1258 1279 roca
1280 1226 1332 1279 not
1355 1217 1402 1279 iria
1420 1218 1628 1297 perictioner.

475 1386 666 1445 Mensarum
688 1386 794 1446 Cuma
820 1385 1081 1446 Oannuannnnsrs
1106 1400 1282 1443 monerem
1307 1391 1404 1441 xx11r⁰
1428 1400 1485 1441 ora
1511 1400 1629 1442 uanam

392 1483 493 1554 duan,
516 1501 600 1543 anno
624 1483 750 1542 Donmr
781 1480 1005 1543 M0ecc⁰xx1r0
1032 1498 1118 1541 arun
1140 1479 1631 1540 warmacensem—Venerabili

392 1588 425 1647 in
448 1587 575 1650 Christo
603 1588 695 1666 patri,
728 1586 855 1647 domino
877 1585 952 1657 Ade,
984 1590 1054 1657 etc,
1081 1583 1230 1646 Officialis
1262 1585 1354 1645 Curia
1379 1585 1460 1645 (lant
1447 1585 1626 1655 tuariensis,

392 1693 476 1754 salut
463 1698 537 1764 tem,
552 1698 611 1753 etc.
653 1692 703 1752 Ex
723 1689 1337 1772 partereligioei'vrri,lratr1sWillelmi
1356 1690 1395 1749 de
1410 1689 1494 1767 Itby,
1511 1690 1627 1752 Prioris

392 1797 530 1859 ecclesie
557 1798 775 1858 conventualis
818 1796 920 1857 sancti
955 1796 1022 1856 Gut
1023 1795 1082 1855 laci
1118 1795 1367 1867 Herelordeneis,
1399 1795 1491 1857 nobis
1525 1802 1587 1857 extr
1578 1797 1629 1857 itit

393 1904 574 1963 intimatum
590 1903 674 1982 qnod
695 1903 768 1963 licet
789 1903 879 1962 Prior
898 1901 1029 1962 ecclesie
1049 1900 1197 1981 predicte,
1219 1900 1273 1980 qui
1294 1921 1351 1980 pro
1368 1905 1509 1981 tempore
1526 1901 1628 1973 fuerit,

393 2009 590 2070 consueverit
611 2008 650 2068 ab
671 2008 801 2087 antiquo
822 2007 1061 2087 quibuscunque
1081 2005 1280 2096 parochianis
1301 2007 1384 2067 dicte
1404 2006 1534 2068 ecclesie
1555 2027 1628 2086 que-

393 2136 516 2195 cunque
537 2120 734 2175 sacramenta
755 2113 968 2175 ecclesiastica
989 2134 1045 2193 per
1062 2133 1095 2173 ee
1116 2118 1148 2173 et
1169 2132 1244 2174 suos
1265 2113 1426 2173 ministros
1447 2132 1503 2191 per
1524 2113 1627 2192 ipsum

393 2223 589 2302 deputandos
610 2221 798 2290 ministrare,
824 2240 861 2279 ac
895 2220 1028 2299 quedam
1058 2218 1178 2290 mulier,
1208 2218 1335 2278 Juliana
1356 2218 1472 2277 Alnard
1493 2218 1629 2289 nomine,

394 2348 412 2387 a
439 2327 494 2386 diu
514 2332 572 2396 est,
595 2326 707 2387 luisset
730 2332 763 2386 et
790 2326 833 2386 sit
860 2326 1050 2405 parochiana
1071 2324 1201 2385 ecclesie
1223 2330 1403 2395 memorate,
1432 2331 1628 2385 sacramenta

392 2432 604 2493 ecclesiastica
631 2436 667 2491 nt
694 2432 885 2511 parochiana
912 2432 1055 2507 ejusdem
1082 2430 1258 2510 percipiens
1286 2430 1319 2488 in
1347 2430 1465 2501 eadem,
1501 2430 1628 2509 qnidam

393 2544 500 2598 tamen
528 2538 677 2617 magister
703 2538 840 2597 Thomas
865 2538 904 2597 de
926 2536 1054 2615 Boleye,
1083 2536 1333 2597 commissarium
1362 2535 1499 2614 Capituli
1529 2536 1626 2595 Here·

392 2643 547 2704 fordensis
568 2663 602 2703 se
622 2643 821 2722 pretendens,
857 2640 1040 2720 confingens
1074 2640 1248 2719 predictam
1276 2638 1439 2699 mulierem
1470 2639 1567 2699 fuisse
1595 2643 1627 2699 et

393 2769 462 2810 esse
492 2748 714 2828 parochianam
743 2747 874 2808 ecclesie
905 2747 943 2807 de
965 2745 1317 2823 Ghirchewythyntone‚
1338 2763 1529 2823 quamquam
1566 2764 1628 2803 non

393 2859 486 2924 esset,
518 2874 555 2913 ac
585 2854 761 2931 predictum
795 2854 931 2933 priorem
958 2852 1061 2913 eidem
1096 2851 1219 2912 mulieri
1246 2856 1282 2911 ut
1309 2851 1498 2931 parochiana
1528 2852 1628 2912 aliene

393 2964 624 3019 sacramentum
657 2958 905 3019 ecclesiasticum
939 2958 1146 3029 ministrasse,
1189 2962 1221 3018 et
1256 2977 1293 3018 aa
1327 2958 1490 3019 occasione
1525 2958 1629 3037 ipsum

394 3064 521 3144 majoris
542 3064 877 3125 excommunicacionis
891 3064 1095 3135 sentenciam,
1110 3063 1206 3123 latam
1226 3084 1245 3123 a
1259 3063 1487 3124 constitucione
1506 3063 1629 3125 novella

393 3178 503 3233 contra
533 3171 694 3249 religiosos
725 3170 835 3231 alienis
869 3170 1068 3251 parochianis
1099 3175 1296 3231 sacramenta
1326 3169 1537 3230 ecclesiastica
1569 3170 1624 3229 mi-

393 3277 565 3337 nistrantes
588 3277 681 3348 edita,
707 3276 883 3347 incurrisse,
908 3277 1014 3356 ipsum
1039 3276 1180 3336 Priorem
1208 3294 1302 3354 super
1326 3274 1385 3334 hoc
1410 3274 1449 3333 ad
1477 3274 1625 3335 effectum
1661 3354 1664 3359 1

392 3382 621 3462 pronunciandi
640 3382 743 3462 ipsum
757 3382 790 3441 in
805 3382 988 3460 hujusmodi
1006 3380 1342 3443 excommunicacionis
1357 3380 1484 3459 majoris
1504 3385 1628 3440 senten-

393 3488 475 3548 ciam
503 3487 658 3558 incidisse,
687 3492 719 3548 et
750 3487 855 3567 ipsum
876 3487 972 3547 talem
992 3488 1117 3567 publice
1137 3484 1355 3556 denunciandi,
1377 3486 1543 3565 ipsumque
1564 3507 1628 3546 am-

394 3593 539 3653 monendi
562 3612 581 3651 a
594 3592 734 3671 prioratu
754 3611 811 3651 sno
830 3592 971 3671 predicto
991 3592 1065 3653 lecit
1085 3612 1192 3653 coram
1210 3610 1247 3651 eo
1262 3590 1301 3650 ad
1322 3590 1474 3669 judicium
1496 3592 1627 3651 evocari.

393 3698 438 3758 Et
458 3697 532 3758 licet
559 3717 631 3776 pars
654 3697 730 3756 dicti
757 3696 874 3757 Prioris
895 3716 1001 3756 coram
1030 3696 1114 3757 dicto
1135 3694 1359 3757 Commiseario
1385 3700 1533 3774 protenso
1556 3716 1627 3755 con-

392 3805 479 3884 gruis
499 3804 568 3863 loco
590 3808 621 3864 et
642 3808 783 3882 tempore
805 3802 996 3863 sufficienter
1024 3822 1208 3882 comparens
1230 3802 1352 3881 copiam
1377 3800 1628 3863 certificatoriam

394 3908 556 3968 citacionis
575 3907 756 3987 hujusmodi
772 3928 809 3967 ac
830 3907 1061 3968 commissionis
1082 3908 1190 3986 ipsius,
1212 3906 1322 3986 siqua
1343 3905 1411 3977 fuit,
1433 3910 1466 3966 et
1488 3911 1629 3967 actorum

392 4012 586 4092 judicialium
620 4032 726 4073 coram
755 4013 825 4092 ipso
860 4013 892 4072 in
927 4034 965 4074 ea
999 4018 1089 4092 parte
1117 4012 1304 4084 habitorum,
1336 4032 1431 4092 quam
1467 4030 1629 4092 nunquam

394 4118 504 4179 habuit
524 4123 557 4178 et
578 4119 616 4178 de
636 4120 706 4197 jure
727 4118 841 4179 habere
862 4118 979 4190 debuit,
995 4118 1054 4180 eibi
1075 4118 1141 4178 dari
1164 4123 1218 4179 aut
1238 4118 1305 4179 ficri
1327 4116 1535 4178 effectualiter
1556 4138 1628 4178 cum

393 4223 549 4283 instancia
584 4223 689 4284 debita
717 4224 890 4303 petivisset,
926 4224 1010 4285 idem
1045 4229 1151 4285 tamen
1186 4223 1427 4285 commissarius
1455 4228 1629 4302 ‘prehensus

393 4331 495 4410 ipsam
515 4335 638 4409 partem
660 4330 704 4391 sic
733 4336 894 4409 petentem
919 4351 1014 4410 super
1042 4330 1103 4391 hiis
1135 4330 1185 4392 vel
1215 4349 1322 4391 eorum
1354 4329 1458 4409 aliquo
1483 4330 1630 4391 exaudire

393 4454 450 4497 eeu
469 4435 628 4514 justiciam
650 4435 752 4496 facere
772 4456 836 4497 non
857 4437 987 4508 curavit,
1009 4436 1085 4516 quin
1110 4435 1216 4515 potius
1243 4435 1407 4505 recusavit,
1432 4453 1469 4494 ac
1498 4435 1630 4497 ulterius

393 4543 425 4602 in
447 4543 516 4623 ipso
537 4542 662 4621 negotio
682 4544 864 4622 procedens,
885 4542 991 4603 libello
1005 4562 1061 4603 seu
1082 4541 1214 4603 articulo
1231 4561 1294 4602 non
1308 4542 1422 4611 oblato,
1445 4542 1485 4601 ad
1499 4542 1630 4602 testium

393 4649 609 4729 recapcionem
637 4649 670 4708 in
697 4669 735 4710 ea
759 4654 848 4728 parte
877 4655 987 4710 contra
1018 4649 1082 4710 dict
1069 4654 1137 4710 tum
1167 4648 1228 4709 irat
1215 4654 1296 4710 trem
1325 4648 1375 4708 W.
1397 4648 1631 4728 procedendum

393 4755 459 4816 iore
480 4755 691 4827 decrerint
659 4761 691 4815 et
722 4756 874 4834 prooessit
906 4755 1011 4816 minue
1041 4756 1134 4834 justa
1191 4754 1284 4817 Unde
1311 4774 1349 4813 ex
1376 4759 1465 4833 parte
1486 4755 1628 4831 ejusdem

393 4860 479 4920 lrat'
441 4865 499 4921 tris
524 4861 584 4931 W,
617 4860 787 4921 sancientis
813 4880 848 4921 se
878 4879 917 4920 ex
941 4860 1065 4921 hiist
1033 4866 1065 4920 et
1096 4879 1204 4921 eorum
1231 4858 1370 4939 quolibet
1401 4877 1459 4937 per
1492 4858 1627 4920 eundem

394 4966 579 5045 magistrum
613 4966 768 5026 Thomam
795 4965 933 5027 indebite
969 4965 1155 5045 pregravari,
1192 4965 1231 5025 ad
1266 4964 1461 5025 audienciam
1489 4970 1627 5025 vestram

393 5070 508 5142 extitit,
547 5075 584 5131 ut
621 5072 780 5143 asseritur,
819 5071 958 5151 legitime
996 5070 1196 5151 appellatum.
1253 5070 1395 5150 Cumque
1434 5089 1507 5149 pars
1550 5069 1627 5131 dicti
