<?xml version="1.0" encoding="UTF-8"?>
<!DOCTYPE html PUBLIC "-//W3C//DTD XHTML 1.0 Transitional//EN"
    "http://www.w3.org/TR/xhtml1/DTD/xhtml1-transitional.dtd">
<html xmlns="http://www.w3.org/1999/xhtml" xml:lang="en" lang="en">
 <head>
  <title>
</title>
<meta http-equiv="Content-Type" content="text/html;charset=utf-8" />
  <meta name='ocr-system' content='tesseract 3.04.00' />
  <meta name='ocr-capabilities' content='ocr_page ocr_carea ocr_par ocr_line ocrx_word'/>
</head>
<body>
  <div class='ocr_page' id='page_1' title='image "./registrumadedeo00banngoog_0066.png"; bbox 0 0 3850 5917; ppageno 0'>
   <div class='ocr_carea' id='block_1_1' title="bbox 435 1133 1388 1385">
    <p class='ocr_par' dir='ltr' id='par_1_1' title="bbox 435 1133 1388 1385">
     <span class='ocr_line' id='line_1_1' title="bbox 435 1133 1388 1238; baseline 0.002 -17"><span class='ocrx_word' id='word_1_1' title='bbox 435 1134 691 1234; x_wconf 77' lang='lat' dir='ltr'><strong>Reotstrcm</strong></span> <span class='ocrx_word' id='word_1_2' title='bbox 727 1133 817 1220; x_wconf 72' lang='lat' dir='ltr'><strong>ttae</strong></span> <span class='ocrx_word' id='word_1_3' title='bbox 852 1136 905 1221; x_wconf 80' lang='lat' dir='ltr'><strong>oe</strong></span> <span class='ocrx_word' id='word_1_4' title='bbox 938 1134 1136 1236; x_wconf 70' lang='lat' dir='ltr'><strong>orleton,</strong></span> <span class='ocrx_word' id='word_1_5' title='bbox 1171 1135 1388 1238; x_wconf 68' lang='lat' dir='ltr'><strong>Episcopi</strong></span> 
     </span>
     <span class='ocr_line' id='line_1_2' title="bbox 518 1284 1311 1385; baseline 0.004 -14"><span class='ocrx_word' id='word_1_6' title='bbox 518 1284 877 1385; x_wconf 72' lang='lat' dir='ltr'><strong>neretcrcenca,</strong></span> <span class='ocrx_word' id='word_1_7' title='bbox 911 1286 1023 1374; x_wconf 80' lang='lat' dir='ltr'><strong>un.</strong></span> <span class='ocrx_word' id='word_1_8' title='bbox 1060 1290 1311 1375; x_wconf 65' lang='lat'><strong>131711327.</strong></span> 
     </span>
    </p>
   </div>
   <div class='ocr_carea' id='block_1_2' title="bbox 148 1630 1499 1778">
    <p class='ocr_par' dir='ltr' id='par_1_2' title="bbox 148 1630 1499 1778">
     <span class='ocr_line' id='line_1_3' title="bbox 148 1630 1499 1692; baseline 0.001 -3"><span class='ocrx_word' id='word_1_9' title='bbox 148 1650 197 1691; x_wconf 71' lang='lat' dir='ltr'><strong>scr.</strong></span> <span class='ocrx_word' id='word_1_10' title='bbox 209 1650 228 1691; x_wconf 84' lang='grc'><strong>1.</strong></span> <span class='ocrx_word' id='word_1_11' title='bbox 321 1630 445 1690; x_wconf 70' lang='lat' dir='ltr'><strong>Pullius</strong></span> <span class='ocrx_word' id='word_1_12' title='bbox 461 1632 567 1686; x_wconf 74' lang='lat' dir='ltr'><strong>attus</strong></span> <span class='ocrx_word' id='word_1_13' title='bbox 583 1632 851 1688; x_wconf 70' lang='lat' dir='ltr'><strong>CONSECRAGIOMS</strong></span> <span class='ocrx_word' id='word_1_14' title='bbox 871 1635 1082 1690; x_wconf 70' lang='lat' dir='ltr'><strong>reuersurus</strong></span> <span class='ocrx_word' id='word_1_15' title='bbox 1100 1635 1214 1689; x_wconf 69' lang='lat' dir='ltr'><strong>vituts</strong></span> <span class='ocrx_word' id='word_1_16' title='bbox 1232 1636 1345 1689; x_wconf 74' lang='lat' dir='ltr'><strong>tumltu</strong></span> <span class='ocrx_word' id='word_1_17' title='bbox 1363 1637 1426 1691; x_wconf 73' lang='lat' dir='ltr'><strong>Ate</strong></span> <span class='ocrx_word' id='word_1_18' title='bbox 1447 1637 1499 1692; x_wconf 72' lang='lat' dir='ltr'><strong>uel</strong></span> 
     </span>
     <span class='ocr_line' id='line_1_4' title="bbox 628 1722 1196 1778; baseline 0.005 -3"><span class='ocrx_word' id='word_1_19' title='bbox 628 1722 743 1776; x_wconf 72' lang='lat' dir='ltr'><strong>oracla</strong></span> <span class='ocrx_word' id='word_1_20' title='bbox 763 1723 1026 1778; x_wconf 68' lang='lat' dir='ltr'><strong>flnuarokuflusts</strong></span> <span class='ocrx_word' id='word_1_21' title='bbox 1043 1724 1196 1778; x_wconf 72' lang='lat' dir='ltr'><strong>EPlSwl’l.</strong></span> 
     </span>
    </p>
   </div>
   <div class='ocr_carea' id='block_1_3' title="bbox 289 2045 1524 2213">
    <p class='ocr_par' dir='ltr' id='par_1_3' title="bbox 289 2045 1524 2213">
     <span class='ocr_line' id='line_1_5' title="bbox 289 2045 1524 2131; baseline 0.006 -24"><span class='ocrx_word' id='word_1_22' title='bbox 289 2045 367 2125; x_wconf 77' lang='lat' dir='ltr'><strong>Jaty</strong></span> <span class='ocrx_word' id='word_1_23' title='bbox 388 2051 418 2119; x_wconf 80' lang='lat'><strong>2,</strong></span> <span class='ocrx_word' id='word_1_24' title='bbox 439 2048 691 2111; x_wconf 83' lang='lat' dir='ltr'><strong>1317.—Welter</strong></span> <span class='ocrx_word' id='word_1_25' title='bbox 710 2050 875 2129; x_wconf 77' lang='lat' dir='ltr'><strong>Reyaolde,</strong></span> <span class='ocrx_word' id='word_1_26' title='bbox 898 2050 1090 2130; x_wconf 77' lang='lat' dir='ltr'><strong>Arebbirbop</strong></span> <span class='ocrx_word' id='word_1_27' title='bbox 1120 2052 1156 2131; x_wconf 78' lang='lat' dir='ltr'><strong>oj</strong></span> <span class='ocrx_word' id='word_1_28' title='bbox 1178 2052 1378 2129; x_wconf 77' lang='lat' dir='ltr'><strong>Caeterbery,</strong></span> <span class='ocrx_word' id='word_1_29' title='bbox 1397 2060 1524 2115; x_wconf 78' lang='lat' dir='ltr'><strong>rectores</strong></span> 
     </span>
     <span class='ocr_line' id='line_1_6' title="bbox 415 2128 1413 2213; baseline 0.004 -24"><span class='ocrx_word' id='word_1_30' title='bbox 415 2135 445 2189; x_wconf 90' lang='lat' dir='ltr'><strong>to</strong></span> <span class='ocrx_word' id='word_1_31' title='bbox 470 2128 519 2190; x_wconf 83' lang='lat' dir='ltr'><strong>tha</strong></span> <span class='ocrx_word' id='word_1_32' title='bbox 539 2129 658 2211; x_wconf 80' lang='lat' dir='ltr'><strong>Birbop</strong></span> <span class='ocrx_word' id='word_1_33' title='bbox 678 2131 714 2209; x_wconf 88' lang='lat' dir='ltr'><strong>os</strong></span> <span class='ocrx_word' id='word_1_34' title='bbox 731 2131 882 2210; x_wconf 80' lang='lat' dir='ltr'><strong>Herescrd</strong></span> <span class='ocrx_word' id='word_1_35' title='bbox 904 2132 953 2193; x_wconf 80' lang='lat' dir='ltr'><strong>the</strong></span> <span class='ocrx_word' id='word_1_36' title='bbox 975 2131 1205 2212; x_wconf 68' lang='lat' dir='ltr'><strong>spiritualiter</strong></span> <span class='ocrx_word' id='word_1_37' title='bbox 1226 2134 1262 2213; x_wconf 80' lang='lat' dir='ltr'><strong>of</strong></span> <span class='ocrx_word' id='word_1_38' title='bbox 1279 2133 1328 2194; x_wconf 78' lang='lat' dir='ltr'><strong>tlte</strong></span> <span class='ocrx_word' id='word_1_39' title='bbox 1349 2134 1413 2194; x_wconf 81' lang='lat' dir='ltr'><strong>See.</strong></span> 
     </span>
    </p>
   </div>
   <div class='ocr_carea' id='block_1_4' title="bbox 287 2298 1525 3331">
    <p class='ocr_par' dir='ltr' id='par_1_4' title="bbox 287 2298 1525 3331">
     <span class='ocr_line' id='line_1_7' title="bbox 373 2298 1524 2383; baseline 0.006 -25"><span class='ocrx_word' id='word_1_40' title='bbox 373 2298 615 2361; x_wconf 88' lang='lat' dir='ltr'><strong>Memorandum</strong></span> <span class='ocrx_word' id='word_1_41' title='bbox 653 2300 738 2381; x_wconf 92' lang='lat' dir='ltr'><strong>quod</strong></span> <span class='ocrx_word' id='word_1_42' title='bbox 775 2322 859 2363; x_wconf 92' lang='lat' dir='ltr'><strong>anno</strong></span> <span class='ocrx_word' id='word_1_43' title='bbox 887 2301 1018 2363; x_wconf 89' lang='lat' dir='ltr'><strong>Domini</strong></span> <span class='ocrx_word' id='word_1_44' title='bbox 1054 2302 1222 2364; x_wconf 89' lang='lat' dir='ltr'><strong>millesimo</strong></span> <span class='ocrx_word' id='word_1_45' title='bbox 1260 2301 1351 2363; x_wconf 79' lang='lat'>000⁰</span> <span class='ocrx_word' id='word_1_46' title='bbox 1388 2304 1524 2383; x_wconf 90' lang='lat' dir='ltr'><strong>septimo</strong></span> 
     </span>
     <span class='ocr_line' id='line_1_8' title="bbox 289 2404 1525 2488; baseline 0.008 -25"><span class='ocrx_word' id='word_1_47' title='bbox 289 2404 421 2475; x_wconf 88' lang='lat' dir='ltr'><strong>decimo,</strong></span> <span class='ocrx_word' id='word_1_48' title='bbox 463 2406 602 2467; x_wconf 89' lang='lat' dir='ltr'><strong>secunda</strong></span> <span class='ocrx_word' id='word_1_49' title='bbox 642 2406 693 2469; x_wconf 91' lang='lat' dir='ltr'><strong>die</strong></span> <span class='ocrx_word' id='word_1_50' title='bbox 730 2407 849 2469; x_wconf 91' lang='lat' dir='ltr'><strong>mensis</strong></span> <span class='ocrx_word' id='word_1_51' title='bbox 890 2407 976 2479; x_wconf 89' lang='lat' dir='ltr'><strong>Julii,</strong></span> <span class='ocrx_word' id='word_1_52' title='bbox 1017 2408 1204 2469; x_wconf 88' lang='lat' dir='ltr'><strong>venerabilis</strong></span> <span class='ocrx_word' id='word_1_53' title='bbox 1244 2415 1335 2488; x_wconf 87' lang='lat' dir='ltr'><strong>pater</strong></span> <span class='ocrx_word' id='word_1_54' title='bbox 1378 2410 1525 2473; x_wconf 89' lang='lat' dir='ltr'><strong>dominus</strong></span> 
     </span>
     <span class='ocr_line' id='line_1_9' title="bbox 291 2510 1525 2595; baseline 0.006 -25"><span class='ocrx_word' id='word_1_55' title='bbox 291 2510 459 2583; x_wconf 83' lang='lat' dir='ltr'><strong>walterus,</strong></span> <span class='ocrx_word' id='word_1_56' title='bbox 492 2512 552 2572; x_wconf 89' lang='lat' dir='ltr'><strong>Dei</strong></span> <span class='ocrx_word' id='word_1_57' title='bbox 581 2512 685 2592; x_wconf 82' lang='lat' dir='ltr'><strong>gracia</strong></span> <span class='ocrx_word' id='word_1_58' title='bbox 717 2513 953 2575; x_wconf 75' lang='lat' dir='ltr'><strong>(lantuarieusis</strong></span> <span class='ocrx_word' id='word_1_59' title='bbox 984 2513 1256 2594; x_wconf 88' lang='lat' dir='ltr'><strong>Archiepiseopus,</strong></span> <span class='ocrx_word' id='word_1_60' title='bbox 1287 2515 1387 2576; x_wconf 91' lang='lat' dir='ltr'><strong>totius</strong></span> <span class='ocrx_word' id='word_1_61' title='bbox 1414 2514 1525 2595; x_wconf 87' lang='lat' dir='ltr'><strong>Anglie</strong></span> 
     </span>
     <span class='ocr_line' id='line_1_10' title="bbox 290 2616 1525 2698; baseline 0.005 -23"><span class='ocrx_word' id='word_1_62' title='bbox 290 2616 423 2687; x_wconf 83' lang='lat' dir='ltr'><strong>Primae,</strong></span> <span class='ocrx_word' id='word_1_63' title='bbox 445 2616 478 2676; x_wconf 93' lang='lat' dir='ltr'><strong>in</strong></span> <span class='ocrx_word' id='word_1_64' title='bbox 499 2618 639 2678; x_wconf 88' lang='lat' dir='ltr'><strong>manerio</strong></span> <span class='ocrx_word' id='word_1_65' title='bbox 660 2637 718 2679; x_wconf 92' lang='lat' dir='ltr'><strong>suo</strong></span> <span class='ocrx_word' id='word_1_66' title='bbox 745 2618 785 2678; x_wconf 91' lang='lat' dir='ltr'><strong>de</strong></span> <span class='ocrx_word' id='word_1_67' title='bbox 806 2618 984 2679; x_wconf 85' lang='lat' dir='ltr'><strong>Lamhethe</strong></span> <span class='ocrx_word' id='word_1_68' title='bbox 1005 2620 1094 2698; x_wconf 82' lang='lat' dir='ltr'><strong>juxta</strong></span> <span class='ocrx_word' id='word_1_69' title='bbox 1121 2618 1302 2680; x_wconf 71' lang='lat' dir='ltr'><strong>londonias</strong></span> <span class='ocrx_word' id='word_1_70' title='bbox 1322 2620 1525 2693; x_wconf 89' lang='lat' dir='ltr'><strong>constitutus,</strong></span> 
     </span>
     <span class='ocr_line' id='line_1_11' title="bbox 289 2722 1524 2804; baseline 0.004 -21"><span class='ocrx_word' id='word_1_71' title='bbox 289 2722 429 2783; x_wconf 73' lang='lat' dir='ltr'><strong>restituit</strong></span> <span class='ocrx_word' id='word_1_72' title='bbox 462 2723 604 2802; x_wconf 87' lang='lat' dir='ltr'><strong>predicto</strong></span> <span class='ocrx_word' id='word_1_73' title='bbox 639 2722 766 2785; x_wconf 90' lang='lat' dir='ltr'><strong>domino</strong></span> <span class='ocrx_word' id='word_1_74' title='bbox 800 2724 959 2804; x_wconf 75' lang='lat' dir='ltr'><strong>Episcopo</strong></span> <span class='ocrx_word' id='word_1_75' title='bbox 999 2724 1223 2786; x_wconf 83' lang='lat' dir='ltr'><strong>Heraiordensi</strong></span> <span class='ocrx_word' id='word_1_76' title='bbox 1258 2725 1433 2804; x_wconf 71' lang='lat' dir='ltr'><strong>spiritualia</strong></span> <span class='ocrx_word' id='word_1_77' title='bbox 1467 2746 1524 2788; x_wconf 91' lang='lat' dir='ltr'><strong>sue</strong></span> 
     </span>
     <span class='ocr_line' id='line_1_12' title="bbox 291 2828 1525 2911; baseline 0.002 -22"><span class='ocrx_word' id='word_1_78' title='bbox 291 2828 425 2890; x_wconf 87' lang='lat' dir='ltr'><strong>diocesis</strong></span> <span class='ocrx_word' id='word_1_79' title='bbox 449 2829 483 2889; x_wconf 87' lang='lat' dir='ltr'><strong>in</strong></span> <span class='ocrx_word' id='word_1_80' title='bbox 508 2849 605 2890; x_wconf 91' lang='lat' dir='ltr'><strong>manu</strong></span> <span class='ocrx_word' id='word_1_81' title='bbox 623 2849 681 2891; x_wconf 89' lang='lat' dir='ltr'><strong>sua</strong></span> <span class='ocrx_word' id='word_1_82' title='bbox 705 2830 876 2892; x_wconf 86' lang='lat' dir='ltr'><strong>existeneia</strong></span> <span class='ocrx_word' id='word_1_83' title='bbox 898 2850 957 2911; x_wconf 89' lang='lat' dir='ltr'><strong>per</strong></span> <span class='ocrx_word' id='word_1_84' title='bbox 975 2836 1111 2893; x_wconf 88' lang='lat' dir='ltr'><strong>mortem</strong></span> <span class='ocrx_word' id='word_1_85' title='bbox 1131 2830 1213 2892; x_wconf 89' lang='lat' dir='ltr'><strong>bona</strong></span> <span class='ocrx_word' id='word_1_86' title='bbox 1233 2832 1383 2892; x_wconf 91' lang='lat' dir='ltr'><strong>memorie</strong></span> <span class='ocrx_word' id='word_1_87' title='bbox 1404 2831 1525 2893; x_wconf 90' lang='lat' dir='ltr'><strong>domini</strong></span> 
     </span>
     <span class='ocr_line' id='line_1_13' title="bbox 291 2934 1524 3017; baseline 0.003 -22"><span class='ocrx_word' id='word_1_88' title='bbox 291 2934 418 2995; x_wconf 87' lang='lat' dir='ltr'><strong>Ricardi</strong></span> <span class='ocrx_word' id='word_1_89' title='bbox 438 2954 539 3015; x_wconf 86' lang='lat' dir='ltr'><strong>nuper</strong></span> <span class='ocrx_word' id='word_1_90' title='bbox 560 2934 802 2998; x_wconf 87' lang='lat' dir='ltr'><strong>Herefordensis</strong></span> <span class='ocrx_word' id='word_1_91' title='bbox 823 2936 984 3017; x_wconf 77' lang='lat' dir='ltr'><strong>Episcopi,</strong></span> <span class='ocrx_word' id='word_1_92' title='bbox 1008 2940 1041 2997; x_wconf 95' lang='lat' dir='ltr'><strong>et</strong></span> <span class='ocrx_word' id='word_1_93' title='bbox 1068 2956 1164 3016; x_wconf 87' lang='lat' dir='ltr'><strong>super</strong></span> <span class='ocrx_word' id='word_1_94' title='bbox 1184 2936 1388 2998; x_wconf 78' lang='lat' dir='ltr'><strong>restitucione</strong></span> <span class='ocrx_word' id='word_1_95' title='bbox 1415 2937 1524 3016; x_wconf 86' lang='lat' dir='ltr'><strong>hujus-</strong></span> 
     </span>
     <span class='ocr_line' id='line_1_14' title="bbox 291 3039 1523 3122; baseline 0.002 -22"><span class='ocrx_word' id='word_1_96' title='bbox 291 3040 378 3101; x_wconf 88' lang='lat' dir='ltr'><strong>modi</strong></span> <span class='ocrx_word' id='word_1_97' title='bbox 401 3040 495 3102; x_wconf 88' lang='lat' dir='ltr'><strong>breve</strong></span> <span class='ocrx_word' id='word_1_98' title='bbox 522 3040 649 3120; x_wconf 87' lang='lat' dir='ltr'><strong>scripsit</strong></span> <span class='ocrx_word' id='word_1_99' title='bbox 677 3041 828 3122; x_wconf 87' lang='lat' dir='ltr'><strong>magistro</strong></span> <span class='ocrx_word' id='word_1_100' title='bbox 853 3040 1015 3122; x_wconf 83' lang='lat' dir='ltr'><strong>Stephano</strong></span> <span class='ocrx_word' id='word_1_101' title='bbox 1039 3042 1079 3102; x_wconf 90' lang='lat' dir='ltr'><strong>de</strong></span> <span class='ocrx_word' id='word_1_102' title='bbox 1105 3040 1280 3120; x_wconf 81' lang='lat' dir='ltr'><strong>Iedebury,</strong></span> <span class='ocrx_word' id='word_1_103' title='bbox 1307 3039 1432 3101; x_wconf 90' lang='lat' dir='ltr'><strong>officiali</strong></span> <span class='ocrx_word' id='word_1_104' title='bbox 1455 3059 1523 3114; x_wconf 91' lang='lat' dir='ltr'><strong>suo,</strong></span> 
     </span>
     <span class='ocr_line' id='line_1_15' title="bbox 288 3144 1523 3225; baseline 0.001 -18"><span class='ocrx_word' id='word_1_105' title='bbox 288 3145 363 3207; x_wconf 88' lang='lat' dir='ltr'><strong>sede</strong></span> <span class='ocrx_word' id='word_1_106' title='bbox 387 3150 530 3217; x_wconf 80' lang='lat' dir='ltr'><strong>vacuata,</strong></span> <span class='ocrx_word' id='word_1_107' title='bbox 554 3146 730 3207; x_wconf 88' lang='lat' dir='ltr'><strong>revocando</strong></span> <span class='ocrx_word' id='word_1_108' title='bbox 754 3145 1009 3207; x_wconf 88' lang='lat' dir='ltr'><strong>commissionem</strong></span> <span class='ocrx_word' id='word_1_109' title='bbox 1033 3144 1093 3207; x_wconf 91' lang='lat' dir='ltr'><strong>sibi</strong></span> <span class='ocrx_word' id='word_1_110' title='bbox 1116 3144 1233 3207; x_wconf 84' lang='lat' dir='ltr'><strong>laetam</strong></span> <span class='ocrx_word' id='word_1_111' title='bbox 1257 3165 1352 3225; x_wconf 87' lang='lat' dir='ltr'><strong>super</strong></span> <span class='ocrx_word' id='word_1_112' title='bbox 1374 3145 1523 3208; x_wconf 89' lang='lat' dir='ltr'><strong>adminis-</strong></span> 
     </span>
     <span class='ocr_line' id='line_1_16' title="bbox 287 3250 1035 3331; baseline -0.001 -19"><span class='ocrx_word' id='word_1_113' title='bbox 287 3251 429 3312; x_wconf 89' lang='lat' dir='ltr'><strong>tracione</strong></span> <span class='ocrx_word' id='word_1_114' title='bbox 456 3250 667 3331; x_wconf 85' lang='lat' dir='ltr'><strong>spiritualium</strong></span> <span class='ocrx_word' id='word_1_115' title='bbox 689 3251 824 3313; x_wconf 90' lang='lat' dir='ltr'><strong>diocesis</strong></span> <span class='ocrx_word' id='word_1_116' title='bbox 853 3256 1035 3313; x_wconf 87' lang='lat' dir='ltr'><strong>memorato.</strong></span> 
     </span>
    </p>
   </div>
   <div class='ocr_carea' id='block_1_5' title="bbox 288 3523 1524 3766">
    <p class='ocr_par' dir='ltr' id='par_1_5' title="bbox 288 3523 1524 3766">
     <span class='ocr_line' id='line_1_17' title="bbox 288 3523 1523 3605; baseline -0.001 -19"><span class='ocrx_word' id='word_1_117' title='bbox 288 3524 362 3604; x_wconf 74' lang='lat' dir='ltr'><strong>Jaty</strong></span> <span class='ocrx_word' id='word_1_118' title='bbox 387 3523 524 3585; x_wconf 82' lang='lat' dir='ltr'><strong>1.—Tha</strong></span> <span class='ocrx_word' id='word_1_119' title='bbox 543 3524 634 3585; x_wconf 83' lang='lat' dir='ltr'><strong>Deae</strong></span> <span class='ocrx_word' id='word_1_120' title='bbox 653 3524 717 3585; x_wconf 79' lang='lat' dir='ltr'><strong>aad</strong></span> <span class='ocrx_word' id='word_1_121' title='bbox 744 3524 876 3605; x_wconf 79' lang='lat' dir='ltr'><strong>Chapter</strong></span> <span class='ocrx_word' id='word_1_122' title='bbox 896 3524 972 3586; x_wconf 75' lang='lat' dir='ltr'><strong>carrd</strong></span> <span class='ocrx_word' id='word_1_123' title='bbox 993 3531 1022 3585; x_wconf 87' lang='lat' dir='ltr'><strong>to</strong></span> <span class='ocrx_word' id='word_1_124' title='bbox 1044 3523 1093 3585; x_wconf 80' lang='lat' dir='ltr'><strong>the</strong></span> <span class='ocrx_word' id='word_1_125' title='bbox 1123 3523 1242 3603; x_wconf 78' lang='lat' dir='ltr'><strong>Bicbop</strong></span> <span class='ocrx_word' id='word_1_126' title='bbox 1261 3544 1283 3584; x_wconf 90' lang='lat' dir='ltr'><strong>a</strong></span> <span class='ocrx_word' id='word_1_127' title='bbox 1301 3524 1404 3603; x_wconf 81' lang='lat' dir='ltr'><strong>Royel</strong></span> <span class='ocrx_word' id='word_1_128' title='bbox 1423 3523 1523 3604; x_wconf 75' lang='lat' dir='ltr'><strong>Briej,</strong></span> 
     </span>
     <span class='ocr_line' id='line_1_18' title="bbox 411 3604 1524 3685; baseline 0.002 -20"><span class='ocrx_word' id='word_1_129' title='bbox 411 3605 514 3667; x_wconf 78' lang='lat' dir='ltr'><strong>which</strong></span> <span class='ocrx_word' id='word_1_130' title='bbox 536 3604 604 3685; x_wconf 71' lang='lat' dir='ltr'><strong>they</strong></span> <span class='ocrx_word' id='word_1_131' title='bbox 627 3605 702 3666; x_wconf 84' lang='lat' dir='ltr'><strong>haee</strong></span> <span class='ocrx_word' id='word_1_132' title='bbox 721 3606 864 3678; x_wconf 82' lang='lat' dir='ltr'><strong>received,</strong></span> <span class='ocrx_word' id='word_1_133' title='bbox 886 3606 940 3667; x_wconf 83' lang='lat' dir='ltr'><strong>bet</strong></span> <span class='ocrx_word' id='word_1_134' title='bbox 962 3605 1037 3666; x_wconf 85' lang='lat' dir='ltr'><strong>haee</strong></span> <span class='ocrx_word' id='word_1_135' title='bbox 1063 3612 1117 3666; x_wconf 83' lang='lat' dir='ltr'><strong>not</strong></span> <span class='ocrx_word' id='word_1_136' title='bbox 1136 3605 1282 3666; x_wconf 79' lang='lat' dir='ltr'><strong>oeatared</strong></span> <span class='ocrx_word' id='word_1_137' title='bbox 1306 3612 1336 3666; x_wconf 85' lang='lat' dir='ltr'><strong>to</strong></span> <span class='ocrx_word' id='word_1_138' title='bbox 1356 3624 1440 3685; x_wconf 77' lang='lat' dir='ltr'><strong>epea.</strong></span> <span class='ocrx_word' id='word_1_139' title='bbox 1481 3605 1524 3668; x_wconf 81' lang='lat' dir='ltr'><strong>At</strong></span> 
     </span>
     <span class='ocr_line' id='line_1_19' title="bbox 416 3684 1269 3766; baseline -0.001 -19"><span class='ocrx_word' id='word_1_140' title='bbox 416 3684 465 3747; x_wconf 83' lang='lat' dir='ltr'><strong>tha</strong></span> <span class='ocrx_word' id='word_1_141' title='bbox 485 3706 568 3747; x_wconf 79' lang='lat' dir='ltr'><strong>saera</strong></span> <span class='ocrx_word' id='word_1_142' title='bbox 589 3684 661 3748; x_wconf 77' lang='lat' dir='ltr'><strong>tiezo</strong></span> <span class='ocrx_word' id='word_1_143' title='bbox 681 3686 751 3765; x_wconf 78' lang='lat' dir='ltr'><strong>they</strong></span> <span class='ocrx_word' id='word_1_144' title='bbox 771 3687 845 3766; x_wconf 81' lang='lat' dir='ltr'><strong>offer</strong></span> <span class='ocrx_word' id='word_1_145' title='bbox 870 3686 936 3747; x_wconf 79' lang='lat' dir='ltr'><strong>irim</strong></span> <span class='ocrx_word' id='word_1_146' title='bbox 956 3686 1037 3747; x_wconf 79' lang='lat' dir='ltr'><strong>their</strong></span> <span class='ocrx_word' id='word_1_147' title='bbox 1055 3685 1131 3765; x_wconf 75' lang='lat' dir='ltr'><strong>qood</strong></span> <span class='ocrx_word' id='word_1_148' title='bbox 1150 3685 1269 3747; x_wconf 77' lang='lat' dir='ltr'><strong>wishes.</strong></span> 
     </span>
    </p>
   </div>
   <div class='ocr_carea' id='block_1_6' title="bbox 286 3853 1639 5201">
    <p class='ocr_par' dir='ltr' id='par_1_6' title="bbox 286 3853 1639 5201">
     <span class='ocr_line' id='line_1_20' title="bbox 369 3853 1523 3916; baseline 0.002 -3"><span class='ocrx_word' id='word_1_149' title='bbox 369 3853 517 3913; x_wconf 76' lang='lat' dir='ltr'><strong>erruaa</strong></span> <span class='ocrx_word' id='word_1_150' title='bbox 551 3854 681 3915; x_wconf 78' lang='lat' dir='ltr'><strong>Ducam</strong></span> <span class='ocrx_word' id='word_1_151' title='bbox 717 3855 995 3916; x_wconf 79' lang='lat' dir='ltr'><strong>Huannosnuusrs</strong></span> <span class='ocrx_word' id='word_1_152' title='bbox 1029 3855 1192 3915; x_wconf 79' lang='lat' dir='ltr'><strong>E1²1seoro</strong></span> <span class='ocrx_word' id='word_1_153' title='bbox 1227 3855 1523 3915; x_wconf 69' lang='lat' dir='ltr'><strong>ornnem-Breve</strong></span> 
     </span>
     <span class='ocr_line' id='line_1_21' title="bbox 290 3959 1523 4042; baseline -0.001 -22"><span class='ocrx_word' id='word_1_154' title='bbox 290 3960 411 4022; x_wconf 89' lang='lat' dir='ltr'><strong>domini</strong></span> <span class='ocrx_word' id='word_1_155' title='bbox 446 3960 541 4040; x_wconf 86' lang='lat' dir='ltr'><strong>Regis</strong></span> <span class='ocrx_word' id='word_1_156' title='bbox 575 3959 772 4022; x_wconf 86' lang='lat' dir='ltr'><strong>intitulatum</strong></span> <span class='ocrx_word' id='word_1_157' title='bbox 793 3961 962 4042; x_wconf 85' lang='lat' dir='ltr'><strong>Episcopo,</strong></span> <span class='ocrx_word' id='word_1_158' title='bbox 997 3962 1135 4032; x_wconf 92' lang='lat' dir='ltr'><strong>Decano,</strong></span> <span class='ocrx_word' id='word_1_159' title='bbox 1170 3965 1203 4022; x_wconf 92' lang='lat' dir='ltr'><strong>et</strong></span> <span class='ocrx_word' id='word_1_160' title='bbox 1241 3959 1388 4039; x_wconf 81' lang='lat' dir='ltr'><strong>Capitulo</strong></span> <span class='ocrx_word' id='word_1_161' title='bbox 1421 3980 1523 4039; x_wconf 91' lang='lat' dir='ltr'><strong>nuper</strong></span> 
     </span>
     <span class='ocr_line' id='line_1_22' title="bbox 287 4065 1521 4146; baseline 0 -19"><span class='ocrx_word' id='word_1_162' title='bbox 287 4066 465 4145; x_wconf 84' lang='lat' dir='ltr'><strong>recepimus</strong></span> <span class='ocrx_word' id='word_1_163' title='bbox 496 4066 581 4146; x_wconf 90' lang='lat' dir='ltr'><strong>quod</strong></span> <span class='ocrx_word' id='word_1_164' title='bbox 611 4066 651 4127; x_wconf 94' lang='lat' dir='ltr'><strong>ob</strong></span> <span class='ocrx_word' id='word_1_165' title='bbox 672 4066 884 4128; x_wconf 90' lang='lat' dir='ltr'><strong>reverenciam</strong></span> <span class='ocrx_word' id='word_1_166' title='bbox 904 4071 1043 4128; x_wconf 86' lang='lat' dir='ltr'><strong>vostram</strong></span> <span class='ocrx_word' id='word_1_167' title='bbox 1063 4066 1237 4146; x_wconf 89' lang='lat' dir='ltr'><strong>capitulum</strong></span> <span class='ocrx_word' id='word_1_168' title='bbox 1258 4066 1361 4126; x_wconf 92' lang='lat' dir='ltr'><strong>noluit</strong></span> <span class='ocrx_word' id='word_1_169' title='bbox 1390 4065 1521 4145; x_wconf 90' lang='lat' dir='ltr'><strong>aperire,</strong></span> 
     </span>
     <span class='ocr_line' id='line_1_23' title="bbox 288 4171 1521 4252; baseline -0.003 -18"><span class='ocrx_word' id='word_1_170' title='bbox 288 4172 345 4234; x_wconf 88' lang='lat' dir='ltr'><strong>sed</strong></span> <span class='ocrx_word' id='word_1_171' title='bbox 365 4172 443 4231; x_wconf 92' lang='lat' dir='ltr'><strong>illud</strong></span> <span class='ocrx_word' id='word_1_172' title='bbox 464 4171 553 4233; x_wconf 83' lang='lat' dir='ltr'><strong>vobis</strong></span> <span class='ocrx_word' id='word_1_173' title='bbox 574 4171 731 4233; x_wconf 85' lang='lat' dir='ltr'><strong>mittimus</strong></span> <span class='ocrx_word' id='word_1_174' title='bbox 751 4192 808 4252; x_wconf 90' lang='lat' dir='ltr'><strong>per</strong></span> <span class='ocrx_word' id='word_1_175' title='bbox 838 4172 1002 4233; x_wconf 83' lang='lat' dir='ltr'><strong>dominum</strong></span> <span class='ocrx_word' id='word_1_176' title='bbox 1022 4171 1123 4232; x_wconf 88' lang='lat' dir='ltr'><strong>Adam</strong></span> <span class='ocrx_word' id='word_1_177' title='bbox 1144 4172 1184 4233; x_wconf 91' lang='lat' dir='ltr'><strong>de</strong></span> <span class='ocrx_word' id='word_1_178' title='bbox 1204 4171 1400 4251; x_wconf 88' lang='lat' dir='ltr'><strong>Aylenetoue</strong></span> <span class='ocrx_word' id='word_1_179' title='bbox 1420 4171 1521 4251; x_wconf 88' lang='lat' dir='ltr'><strong>capel·</strong></span> 
     </span>
     <span class='ocr_line' id='line_1_24' title="bbox 286 4276 1523 4357; baseline 0.001 -20"><span class='ocrx_word' id='word_1_180' title='bbox 286 4278 405 4348; x_wconf 88' lang='lat' dir='ltr'><strong>lanum,</strong></span> <span class='ocrx_word' id='word_1_181' title='bbox 437 4276 634 4357; x_wconf 88' lang='lat' dir='ltr'><strong>presencium</strong></span> <span class='ocrx_word' id='word_1_182' title='bbox 666 4278 861 4357; x_wconf 88' lang='lat' dir='ltr'><strong>portitorem,</strong></span> <span class='ocrx_word' id='word_1_183' title='bbox 890 4278 1091 4340; x_wconf 86' lang='lat' dir='ltr'><strong>advertentes</strong></span> <span class='ocrx_word' id='word_1_184' title='bbox 1119 4277 1147 4339; x_wconf 88' lang='lat' dir='ltr'><strong>si</strong></span> <span class='ocrx_word' id='word_1_185' title='bbox 1174 4278 1277 4357; x_wconf 87' lang='lat' dir='ltr'><strong>placet</strong></span> <span class='ocrx_word' id='word_1_186' title='bbox 1306 4296 1364 4356; x_wconf 91' lang='lat' dir='ltr'><strong>pro</strong></span> <span class='ocrx_word' id='word_1_187' title='bbox 1393 4276 1523 4356; x_wconf 85' lang='lat' dir='ltr'><strong>agendis</strong></span> 
     </span>
     <span class='ocr_line' id='line_1_25' title="bbox 287 4382 1520 4463; baseline -0.001 -20"><span class='ocrx_word' id='word_1_188' title='bbox 287 4382 495 4463; x_wconf 79' lang='lat' dir='ltr'><strong>imposterum</strong></span> <span class='ocrx_word' id='word_1_189' title='bbox 526 4384 610 4463; x_wconf 90' lang='lat' dir='ltr'><strong>quod</strong></span> <span class='ocrx_word' id='word_1_190' title='bbox 641 4383 818 4445; x_wconf 87' lang='lat' dir='ltr'><strong>didascalus</strong></span> <span class='ocrx_word' id='word_1_191' title='bbox 852 4383 1021 4445; x_wconf 83' lang='lat' dir='ltr'><strong>Alexandri</strong></span> <span class='ocrx_word' id='word_1_192' title='bbox 1049 4383 1155 4463; x_wconf 82' lang='lat' dir='ltr'><strong>magni</strong></span> <span class='ocrx_word' id='word_1_193' title='bbox 1185 4382 1285 4444; x_wconf 81' lang='lat' dir='ltr'><strong>fertur</strong></span> <span class='ocrx_word' id='word_1_194' title='bbox 1305 4382 1420 4444; x_wconf 83' lang='lat' dir='ltr'><strong>dixisse</strong></span> <span class='ocrx_word' id='word_1_195' title='bbox 1451 4382 1520 4454; x_wconf 92' lang='lat' dir='ltr'><strong>sibi,</strong></span> 
     </span>
     <span class='ocr_line' id='line_1_26' title="bbox 288 4487 1523 4569; baseline 0.001 -21"><span class='ocrx_word' id='word_1_196' title='bbox 288 4494 383 4569; x_wconf 87' lang='lat' dir='ltr'><strong>prout</strong></span> <span class='ocrx_word' id='word_1_197' title='bbox 403 4488 437 4548; x_wconf 88' lang='lat' dir='ltr'><strong>in</strong></span> <span class='ocrx_word' id='word_1_198' title='bbox 459 4487 685 4551; x_wconf 86' lang='lat' dir='ltr'><strong>Alexandriade</strong></span> <span class='ocrx_word' id='word_1_199' title='bbox 706 4489 834 4550; x_wconf 90' lang='lat' dir='ltr'><strong>dieitur:</strong></span> <span class='ocrx_word' id='word_1_200' title='bbox 863 4488 1032 4550; x_wconf 78' lang='lat' dir='ltr'><strong>Materiam</strong></span> <span class='ocrx_word' id='word_1_201' title='bbox 1050 4488 1178 4550; x_wconf 71' lang='lat' dir='ltr'><strong>virtutis</strong></span> <span class='ocrx_word' id='word_1_202' title='bbox 1200 4488 1308 4549; x_wconf 79' lang='lat' dir='ltr'><strong>taber:</strong></span> <span class='ocrx_word' id='word_1_203' title='bbox 1338 4507 1401 4548; x_wconf 81' lang='lat' dir='ltr'><strong>rem</strong></span> <span class='ocrx_word' id='word_1_204' title='bbox 1416 4488 1523 4568; x_wconf 77' lang='lat' dir='ltr'><strong>profer</strong></span> 
     </span>
     <span class='ocr_line' id='line_1_27' title="bbox 286 4593 1639 4676; baseline 0.001 -22"><span class='ocrx_word' id='word_1_205' title='bbox 286 4593 322 4654; x_wconf 80' lang='lat' dir='ltr'><strong>in</strong></span> <span class='ocrx_word' id='word_1_206' title='bbox 352 4600 457 4655; x_wconf 80' lang='lat' dir='ltr'><strong>aetem</strong></span> <span class='ocrx_word' id='word_1_207' title='bbox 467 4615 480 4664; x_wconf 90' lang='lat'><em>;</em></span> <span class='ocrx_word' id='word_1_208' title='bbox 517 4595 601 4674; x_wconf 91' lang='lat' dir='ltr'><strong>quod</strong></span> <span class='ocrx_word' id='word_1_209' title='bbox 631 4594 671 4656; x_wconf 89' lang='lat' dir='ltr'><strong>ds</strong></span> <span class='ocrx_word' id='word_1_210' title='bbox 700 4594 789 4656; x_wconf 89' lang='lat' dir='ltr'><strong>vobis</strong></span> <span class='ocrx_word' id='word_1_211' title='bbox 820 4595 933 4656; x_wconf 90' lang='lat' dir='ltr'><strong>merito</strong></span> <span class='ocrx_word' id='word_1_212' title='bbox 964 4594 1027 4656; x_wconf 91' lang='lat' dir='ltr'><strong>diei</strong></span> <span class='ocrx_word' id='word_1_213' title='bbox 1056 4600 1172 4676; x_wconf 89' lang='lat' dir='ltr'><strong>potest,</strong></span> <span class='ocrx_word' id='word_1_214' title='bbox 1202 4599 1236 4657; x_wconf 89' lang='lat' dir='ltr'><strong>et</strong></span> <span class='ocrx_word' id='word_1_215' title='bbox 1266 4594 1327 4655; x_wconf 91' lang='lat' dir='ltr'><strong>hoe</strong></span> <span class='ocrx_word' id='word_1_216' title='bbox 1355 4594 1521 4655; x_wconf 91' lang='lat' dir='ltr'><strong>scribimus</strong></span> <span class='ocrx_word' id='word_1_217' title='bbox 1635 4668 1639 4675; x_wconf 23' lang='lat'>¹</span> 
     </span>
     <span class='ocr_line' id='line_1_28' title="bbox 286 4698 1522 4781; baseline -0.002 -18"><span class='ocrx_word' id='word_1_218' title='bbox 286 4706 391 4763; x_wconf 84' lang='lat' dir='ltr'><strong>vestre</strong></span> <span class='ocrx_word' id='word_1_219' title='bbox 411 4698 582 4779; x_wconf 87' lang='lat' dir='ltr'><strong>prudencie</strong></span> <span class='ocrx_word' id='word_1_220' title='bbox 618 4700 845 4781; x_wconf 89' lang='lat' dir='ltr'><strong>circumspecte</strong></span> <span class='ocrx_word' id='word_1_221' title='bbox 877 4721 943 4763; x_wconf 92' lang='lat' dir='ltr'><strong>non</strong></span> <span class='ocrx_word' id='word_1_222' title='bbox 974 4700 1044 4763; x_wconf 87' lang='lat' dir='ltr'><strong>sine</strong></span> <span class='ocrx_word' id='word_1_223' title='bbox 1071 4720 1166 4763; x_wconf 88' lang='lat' dir='ltr'><strong>eausa</strong></span> <span class='ocrx_word' id='word_1_224' title='bbox 1200 4701 1340 4762; x_wconf 85' lang='lat' dir='ltr'><strong>zelantes</strong></span> <span class='ocrx_word' id='word_1_225' title='bbox 1369 4700 1522 4761; x_wconf 89' lang='lat' dir='ltr'><strong>honorem</strong></span> 
     </span>
     <span class='ocr_line' id='line_1_29' title="bbox 286 4803 1521 4886; baseline -0.002 -17"><span class='ocrx_word' id='word_1_226' title='bbox 286 4812 428 4869; x_wconf 82' lang='lat' dir='ltr'><strong>vestrum</strong></span> <span class='ocrx_word' id='word_1_227' title='bbox 448 4825 506 4886; x_wconf 92' lang='lat' dir='ltr'><strong>pro</strong></span> <span class='ocrx_word' id='word_1_228' title='bbox 526 4805 649 4886; x_wconf 84' lang='lat' dir='ltr'><strong>juribus</strong></span> <span class='ocrx_word' id='word_1_229' title='bbox 670 4811 702 4867; x_wconf 91' lang='lat' dir='ltr'><strong>st</strong></span> <span class='ocrx_word' id='word_1_230' title='bbox 721 4805 919 4868; x_wconf 85' lang='lat' dir='ltr'><strong>libertatibus</strong></span> <span class='ocrx_word' id='word_1_231' title='bbox 938 4806 1169 4880; x_wconf 85' lang='lat' dir='ltr'><strong>aeclesiasticis,</strong></span> <span class='ocrx_word' id='word_1_232' title='bbox 1189 4826 1261 4867; x_wconf 91' lang='lat' dir='ltr'><strong>eum</strong></span> <span class='ocrx_word' id='word_1_233' title='bbox 1279 4805 1367 4867; x_wconf 89' lang='lat' dir='ltr'><strong>loeus</strong></span> <span class='ocrx_word' id='word_1_234' title='bbox 1386 4803 1521 4878; x_wconf 85' lang='lat' dir='ltr'><strong>affuerit,</strong></span> 
     </span>
     <span class='ocr_line' id='line_1_30' title="bbox 293 4911 1522 4991; baseline -0.001 -18"><span class='ocrx_word' id='word_1_235' title='bbox 293 4911 506 4983; x_wconf 78' lang='lat' dir='ltr'><strong>defensandis,</strong></span> <span class='ocrx_word' id='word_1_236' title='bbox 527 4930 629 4991; x_wconf 86' lang='lat' dir='ltr'><strong>exque</strong></span> <span class='ocrx_word' id='word_1_237' title='bbox 649 4912 762 4973; x_wconf 86' lang='lat' dir='ltr'><strong>mereri</strong></span> <span class='ocrx_word' id='word_1_238' title='bbox 792 4911 938 4991; x_wconf 90' lang='lat' dir='ltr'><strong>poteritis</strong></span> <span class='ocrx_word' id='word_1_239' title='bbox 962 4930 1036 4991; x_wconf 86' lang='lat' dir='ltr'><strong>erga</strong></span> <span class='ocrx_word' id='word_1_240' title='bbox 1065 4912 1170 4973; x_wconf 89' lang='lat' dir='ltr'><strong>Deum</strong></span> <span class='ocrx_word' id='word_1_241' title='bbox 1201 4911 1235 4971; x_wconf 93' lang='lat' dir='ltr'><strong>in</strong></span> <span class='ocrx_word' id='word_1_242' title='bbox 1257 4911 1456 4981; x_wconf 89' lang='lat' dir='ltr'><strong>immensum,</strong></span> <span class='ocrx_word' id='word_1_243' title='bbox 1484 4916 1522 4972; x_wconf 92' lang='lat' dir='ltr'><strong>ut</strong></span> 
     </span>
     <span class='ocr_line' id='line_1_31' title="bbox 287 5016 1521 5095; baseline -0.002 -14"><span class='ocrx_word' id='word_1_244' title='bbox 287 5018 407 5081; x_wconf 79' lang='lat' dir='ltr'><strong>christi</strong></span> <span class='ocrx_word' id='word_1_245' title='bbox 428 5017 519 5079; x_wconf 83' lang='lat' dir='ltr'><strong>miles</strong></span> <span class='ocrx_word' id='word_1_246' title='bbox 540 5016 651 5079; x_wconf 86' lang='lat' dir='ltr'><strong>bonus.</strong></span> <span class='ocrx_word' id='word_1_247' title='bbox 703 5016 744 5078; x_wconf 93' lang='lat' dir='ltr'><strong>In</strong></span> <span class='ocrx_word' id='word_1_248' title='bbox 764 5017 903 5079; x_wconf 92' lang='lat' dir='ltr'><strong>Domino</strong></span> <span class='ocrx_word' id='word_1_249' title='bbox 931 5016 1065 5079; x_wconf 81' lang='lat' dir='ltr'><strong>feliciter</strong></span> <span class='ocrx_word' id='word_1_250' title='bbox 1083 5017 1225 5079; x_wconf 85' lang='lat' dir='ltr'><strong>valeatis.</strong></span> <span class='ocrx_word' id='word_1_251' title='bbox 1277 5016 1401 5095; x_wconf 78' lang='lat' dir='ltr'><strong>Scripta</strong></span> <span class='ocrx_word' id='word_1_252' title='bbox 1421 5017 1521 5079; x_wconf 87' lang='lat' dir='ltr'><strong>Here·</strong></span> 
     </span>
     <span class='ocr_line' id='line_1_32' title="bbox 288 5121 1520 5201; baseline -0.001 -17"><span class='ocrx_word' id='word_1_253' title='bbox 288 5123 398 5195; x_wconf 81' lang='lat' dir='ltr'><strong>icrdie,</strong></span> <span class='ocrx_word' id='word_1_254' title='bbox 422 5122 471 5185; x_wconf 88' lang='lat' dir='ltr'><strong>dis</strong></span> <span class='ocrx_word' id='word_1_255' title='bbox 492 5122 626 5185; x_wconf 87' lang='lat' dir='ltr'><strong>Veneris</strong></span> <span class='ocrx_word' id='word_1_256' title='bbox 656 5122 689 5183; x_wconf 92' lang='lat' dir='ltr'><strong>in</strong></span> <span class='ocrx_word' id='word_1_257' title='bbox 711 5122 840 5185; x_wconf 87' lang='lat' dir='ltr'><strong>Octabis</strong></span> <span class='ocrx_word' id='word_1_258' title='bbox 860 5122 1047 5185; x_wconf 73' lang='lat' dir='ltr'><strong>Natiuitatis</strong></span> <span class='ocrx_word' id='word_1_259' title='bbox 1067 5122 1169 5184; x_wconf 86' lang='lat' dir='ltr'><strong>saneti</strong></span> <span class='ocrx_word' id='word_1_260' title='bbox 1189 5121 1345 5184; x_wconf 87' lang='lat' dir='ltr'><strong>Johannis</strong></span> <span class='ocrx_word' id='word_1_261' title='bbox 1365 5121 1520 5201; x_wconf 85' lang='lat' dir='ltr'><strong>Baptista.</strong></span> 
     </span>
    </p>
   </div>
   <div class='ocr_carea' id='block_1_7' title="bbox 0 0 1930 5917">
    <p class='ocr_par' dir='ltr' id='par_1_7' title="bbox 0 0 1930 5917">
     <span class='ocr_line' id='line_1_33' title="bbox 0 0 1930 5917; baseline 0 0"><span class='ocrx_word' id='word_1_262' title='bbox 0 0 1930 5917; x_wconf 95' lang='lat' dir='ltr'><strong> </strong></span> 
     </span>
    </p>
   </div>
  </div>
 </body>
</html>
