3850 5917
413 699 457 760 54
791 699 972 778 Ropistrum
998 698 1063 761 Aee
1090 699 1127 761 dc
1157 699 1280 760 Orlcton

241 927 373 970 1-0·¹³¹⁷·
415 931 635 1006 contemptum
656 925 797 986 mandeti
818 925 938 986 domini
958 924 1055 1005 Regis
1079 930 1112 986 et
1132 925 1233 986 nostri
1253 945 1291 985 sc
1320 924 1438 985 domini
1460 923 1653 985 Bsrtolomei

414 1031 549 1111 predicti
573 1032 747 1112 dampnum
775 1031 947 1111 plurimum
976 1036 1009 1092 et
1028 1050 1208 1110 gmvamen,
1239 1031 1463 1111 pretendentes
1493 1030 1600 1091 fictam
1621 1035 1655 1091 et

415 1137 597 1198 simulatum
617 1136 668 1198 vel
700 1135 882 1198 affectatam
906 1156 964 1198 seu
991 1136 1180 1216 culpabilem
1208 1136 1495 1217 impossibilitatem
1515 1142 1654 1198 vestram

415 1242 457 1303 ad
478 1243 538 1303 hoc
559 1242 738 1304 faciendum
759 1261 860 1321 usque
882 1241 922 1302 ad
942 1241 1061 1303 festum
1089 1242 1192 1303 sancti
1205 1242 1352 1303 Nicholai
1372 1243 1549 1324 proximum
1569 1262 1655 1303 nunc

414 1352 621 1420 transactum,
643 1368 701 1409 nec
728 1369 785 1410 vos
806 1348 973 1428 adipsum
994 1349 1111 1410 festum
1133 1349 1250 1430 aliquid
1270 1350 1372 1411 eidem
1391 1349 1519 1410 domino
1540 1349 1578 1409 B.
1605 1349 1655 1410 vel

415 1473 475 1515 suo
495 1453 612 1516 nuncio
636 1453 842 1534 persolvistis,
863 1473 923 1515 nec
947 1474 1043 1534 super
1072 1455 1133 1515 hoc
1161 1455 1252 1516 nobis
1283 1455 1463 1534 scripsistis,
1485 1455 1569 1515 unde
1589 1473 1654 1515 non

414 1561 574 1626 immerito
608 1561 647 1622 de
672 1565 763 1622 tants
784 1561 1001 1622 inobediencia
1028 1561 1080 1622 vel
1103 1561 1235 1623 notabili
1263 1561 1457 1641 negligencia
1483 1561 1655 1641 plurimum

413 1669 616 1730 admiramur.
679 1668 748 1730 Nos
784 1673 892 1729 autem
913 1667 1046 1728 diversis
1080 1667 1238 1728 mendatis
1276 1667 1370 1746 regiis
1404 1666 1531 1728 excitati
1565 1666 1655 1728 vobis

415 1775 530 1836 iterato
551 1775 584 1835 in
598 1775 716 1836 virtute
737 1773 919 1836 obediencie
938 1773 1072 1834 firmiter
1091 1773 1284 1854 injungendo
1304 1773 1492 1834 mandemus
1505 1773 1656 1852 quatinus

417 1880 573 1960 arreragia
592 1880 677 1941 dicte
697 1880 827 1950 decime,
860 1879 887 1940 si
918 1899 980 1959 que
1011 1879 1085 1948 sint,
1117 1878 1283 1958 diligenter
1306 1877 1410 1957 colligi
1430 1877 1562 1949 lecistis,
1590 1897 1655 1938 non

413 1986 583 2058 solventes,
605 1986 708 2066 siqui
740 1985 912 2056 extiterint,
944 1985 986 2046 ed
1015 1985 1210 2046 solucionem
1240 2004 1297 2064 per
1330 2003 1457 2045 omnem
1488 2003 1654 2044 censuram

413 2091 660 2154 ecclesiasticam
692 2097 724 2153 et
758 2092 912 2152 bonorum
947 2090 1244 2171 sequestracionem,
1276 2089 1303 2151 si
1333 2093 1487 2169 oporteat,
1518 2089 1653 2168 compel-

415 2196 528 2269 lentes,
550 2202 582 2258 et
621 2197 701 2258 citra
735 2196 859 2258 instans
893 2196 1011 2274 festum
1046 2194 1303 2257 Circumcisionis
1337 2194 1467 2256 Domini
1500 2198 1654 2273 quantum

414 2305 454 2366 de
482 2303 567 2364 dicta
586 2303 709 2365 decima
730 2302 763 2362 in
783 2301 928 2382 deposito
957 2300 1141 2371 habueritis,
1162 2308 1195 2361 et
1222 2305 1377 2379 quantum
1405 2299 1532 2360 interim
1562 2297 1654 2358 colle·

415 2409 534 2490 geritis,
565 2415 783 2490 quantumque
817 2413 916 2469 restet
947 2406 1134 2469 solvendum
1165 2426 1225 2467 nos
1254 2406 1426 2467 certificare
1446 2404 1572 2475 curetis,
1593 2409 1653 2465 etc.

415 2515 536 2576 Datum
557 2515 641 2594 apud
663 2514 817 2594 Heybury
836 2514 926 2593 juxta
950 2512 1142 2583 Londonias,
1173 2512 1237 2572 xix⁰
1270 2512 1321 2573 die
1346 2510 1538 2581 Decembris,
1569 2529 1656 2570 anno

414 2621 546 2682 Domini
566 2621 734 2682 millesimo
755 2619 932 2699 coenus,
953 2625 1014 2681 etc.

415 2879 488 2940 Dec.
514 2877 671 2940 20.-The
695 2877 814 2956 Biebop
838 2876 987 2937 destructe
1012 2875 1061 2936 the
1087 2874 1208 2953 Officiol
1232 2881 1261 2935 to
1285 2875 1410 2952 cnqrrire
1440 2873 1573 2934 whetlwr
1606 2873 1655 2935 oe

536 2967 707 3101 ggptrogroqc
731 2959 766 3038 os
791 2958 840 3018 tte
866 2956 991 3018 Choreb
1015 2956 1050 3035 of
1070 2956 1211 3034 Modclep
1230 2955 1310 3035 falle
1335 2963 1364 3016 to
1390 2955 1439 3016 tbe
1462 2954 1581 3034 Bishop
1600 2956 1656 3035 sor

572 3061 599 3101 se
644 3059 713 3100 um.

498 3195 678 3257 Gounrssro
699 3211 761 3255 rso
782 3211 939 3254 accusem
963 3212 1008 3254 nn
1030 3193 1198 3253 Minoem}
1227 3210 1435 3254 personsrvs
1456 3193 1590 3252 Perosrs
1612 3210 1654 3252 nr

418 3301 617 3365 Oosvsnrus
647 3319 690 3360 ns
723 3299 1059 3371 witness-Adam,
1087 3305 1157 3371 etc,
1186 3300 1321 3360 discreto
1348 3301 1416 3360 vire
1443 3299 1566 3360 officiali
1596 3319 1655 3361 suo

417 3408 563 3478 salutem,
599 3412 659 3467 etc.
722 3405 803 3480 Quia
831 3405 941 3465 datum
969 3410 1019 3466 est
1047 3404 1138 3466 nobis
1166 3404 1297 3484 intelligi
1325 3405 1418 3484 quod,
1450 3404 1582 3465 ecclesia
1615 3405 1655 3466 de

417 3514 573 3584 Maddele,
608 3515 795 3592 patronatus
826 3511 1043 3590 religiosorum
1067 3510 1215 3580 virorum,
1243 3509 1442 3569 dominorum
1470 3509 1587 3570 Priorie
1622 3514 1655 3570 et

417 3621 601 3682 Conventus
616 3618 655 3679 de
676 3617 838 3687 Wenlolre
853 3637 910 3696 per
930 3621 1056 3676 tantum
1073 3621 1150 3676 tunc
1164 3621 1305 3686 vacante,
1327 3615 1367 3675 sd
1384 3636 1442 3676 nos
1461 3615 1530 3695 jure
1546 3621 1654 3677 nostre

416 3725 551 3787 diocesis
571 3723 700 3785 collacio
731 3721 863 3783 ecclesie
893 3721 1035 3801 predicte
1065 3721 1213 3782 devoluta
1242 3720 1349 3780 existit
1377 3720 1437 3779 hac
1466 3719 1543 3790 vice,
1564 3719 1655 3780 vobis

415 3839 526 3894 tenore
546 3831 744 3911 presencium
766 3829 996 3890 committimus
1017 3833 1050 3889 et
1081 3828 1268 3908 mandamus
1292 3827 1442 3906 quatinus
1472 3826 1593 3888 vocatis
1620 3827 1654 3886 in

415 3939 476 4000 hac
495 3943 586 4018 parte
607 3936 757 3998 vocandis
778 3935 945 4014 inquiratis
975 3954 1070 4014 super
1093 3936 1154 3994 hoc
1174 3933 1359 4013 diligencius
1380 3933 1554 3994 veritatem.
1609 3933 1654 3994 Et

415 4044 491 4126 quid
513 4043 696 4105 inveneritis
718 4043 750 4101 in
767 4041 939 4122 premissis,
959 4047 1019 4102 etc.
1062 4041 1181 4100 Datum
1196 4039 1378 4111 Londoniis,
1396 4049 1448 4099 ω
1467 4039 1518 4100 die
1535 4039 1654 4102 mensis

415 4151 609 4222 Decembris,
632 4170 715 4211 anno
738 4149 867 4211 Domini
895 4147 1120 4227 M⁰OGO⁰xvij⁰,
1145 4153 1205 4208 etc.

416 4420 489 4480 Dec.
512 4417 819 4478 21.-Prcsentation
842 4417 880 4494 by
904 4416 953 4477 tte
975 4415 1095 4495 Bislwp
1115 4416 1151 4495 os
1167 4415 1331 4476 Lawrcncc
1353 4415 1390 4476 de
1411 4416 1499 4496 Long
1521 4416 1656 4477 seauton

540 4507 570 4561 to
592 4498 641 4559 rte
664 4498 788 4560 Choreb
808 4498 843 4578 of
863 4498 1008 4568 Montalt,
1030 4497 1066 4556 in
1087 4497 1136 4557 tte
1159 4497 1231 4575 city
1251 4497 1286 4575 of
1305 4497 1445 4558 London.

499 4670 729 4729 Psssnnramo
759 4684 802 4727 so
837 4685 1022 4727 recusemus
1053 4685 1158 4727 snare
1195 4667 1307 4726 Mssrn
1342 4685 1386 4728 nu
1418 4667 1540 4728 Morsu
1565 4669 1657 4731 Auro

419 4773 837 4836 losnensis—Reverendo
851 4773 884 4832 in
899 4773 1027 4834 Christo
1041 4773 1133 4853 patri,
1144 4773 1272 4833 domino
1286 4772 1463 4855 R[icardo],
1477 4774 1538 4834 Dei
1551 4775 1658 4854 gracia

417 4879 632 4942 londoniensi
662 4879 830 4958 Episcopo,
862 4877 972 4948 Adam,
996 4884 1067 4950 etc..
1101 4878 1256 4959 quicquid
1285 4883 1391 4958 potest
1417 4881 1595 4942 reverencie
1622 4888 1657 4944 et

418 4987 556 5049 honoris.
599 4985 647 5045 Ad
664 4985 829 5046 ecclesiam
851 4984 942 5046 beate
957 4984 1059 5045 Maris
1079 4984 1119 5045 de
1136 4983 1247 5046 Monte
1263 4983 1336 5045 Alto
1356 4984 1389 5044 in
1403 4985 1531 5046 civitate
1549 4993 1656 5050 vestra

418 5091 593 5154 londoniis
613 5091 773 5162 situatam,
788 5090 879 5170 cujus
898 5091 950 5170 jus
969 5095 1155 5170 patronatus
1176 5091 1216 5150 ad
1230 5110 1288 5151 nos
1309 5095 1451 5170 spectare
1469 5090 1654 5166 dinoscitur,
