3850 5917
701 688 852 768 Episcopi
879 688 1123 769 Hcrcjordcacic.
1469 690 1529 750 231

95 918 154 957 M>-
170 918 229 958 ¹³²⁰·
294 916 353 973 etc.
406 913 509 973 Tener
532 932 606 974 vero
630 912 861 974 commissionis
886 914 926 974 de
949 932 1012 993 qua
1036 933 1132 994 supra
1156 913 1192 973 fit
1220 910 1343 974 mencio
1371 912 1443 973 telis
1471 917 1530 983 est,

295 1016 405 1089 Adam,
436 1022 505 1087 etc..
537 1016 706 1080 venerabili
741 1015 808 1079 viro
839 1017 967 1098 filioque
997 1017 1030 1077 in
1066 1016 1194 1079 Christo
1224 1016 1348 1089 dilecto,
1380 1016 1532 1097 magistro

295 1121 431 1183 Ricardo
457 1123 496 1183 de
523 1122 682 1193 Vernoun,
714 1127 774 1183 etc.
830 1122 911 1197 Quia
938 1142 997 1183 nos
1028 1124 1067 1184 de
1098 1124 1248 1183 mandato
1276 1122 1396 1183 domini
1430 1122 1531 1183 nostri

295 1228 400 1308 Regis,
421 1233 490 1300 etc,
520 1228 627 1289 omnia
647 1234 683 1288 ut
713 1246 808 1308 supra
836 1229 870 1287 in
898 1228 1119 1289 commissione
1147 1228 1312 1289 anterioris
1343 1227 1424 1299 date,
1446 1228 1531 1289 vide·

294 1335 369 1397 licet
383 1334 565 1407 Londoniis,
581 1334 646 1394 xix⁰
659 1334 710 1395 die
727 1334 845 1395 mensis
859 1334 1031 1405 Februarii,
1053 1354 1136 1395 anno
1150 1333 1279 1394 Domini
1295 1332 1530 1413 Mrccffiviijn

295 1447 355 1503 etc.
407 1441 451 1501 Et
472 1460 538 1520 ego,
571 1441 666 1520 Hngo
694 1440 734 1501 de
760 1439 960 1520 Thomhagh,
990 1439 1121 1501 clericus
1150 1438 1359 1500 Eboracensis
1386 1438 1529 1510 diocesis,

296 1547 376 1608 sacri
414 1546 549 1607 Romani
588 1545 719 1626 Imperii
746 1545 934 1606 auctoritaie
961 1544 1103 1606 notarius
1141 1543 1285 1625 publicus
1324 1543 1470 1605 omnibus
1498 1549 1531 1605 et

296 1653 427 1734 singulis
464 1652 627 1733 premissis
659 1672 794 1713 unacum
831 1651 965 1712 testibus
999 1650 1195 1730 supradictis,
1225 1670 1317 1721 anno,
1346 1648 1530 1721 indiccione,

295 1759 490 1839 pontificatu,
512 1778 629 1829 mense,
650 1758 710 1829 die,
732 1762 764 1818 et
791 1757 860 1817 loco
880 1757 1054 1837 prenotatis
1075 1756 1130 1828 sic,
1151 1760 1187 1815 ut
1207 1754 1410 1834 premittitur,
1438 1754 1531 1827 iactis

296 1864 433 1935 interlui,
461 1870 494 1925 et
524 1884 562 1925 es
600 1864 646 1924 sic
683 1862 750 1924 fieri
781 1863 846 1923 vidi
877 1868 909 1923 et
939 1862 1054 1933 audivi,
1086 1882 1122 1921 ao
1157 1862 1195 1921 de
1227 1862 1376 1923 mandato
1411 1861 1530 1922 domini

296 1968 445 2030 Officialis
463 1974 496 2029 et
513 1968 621 2029 vicarii
639 1967 793 2047 generalis
811 1967 961 2028 antedicti
979 1967 1134 2046 premissa
1151 1986 1288 2027 unacum
1309 1966 1530 2028 commissione

295 2075 449 2154 premissa
476 2074 562 2134 omni
590 2074 769 2153 suspicione
799 2073 870 2134 falsi
901 2078 1036 2143 carente,
1069 2091 1183 2152 magno
1215 2077 1247 2133 et
1277 2072 1399 2152 integro
1427 2072 1529 2152 sigillo

295 2180 427 2260 predicti
455 2179 574 2240 domini
602 2179 760 2258 Episcopo
788 2178 885 2239 michi
912 2177 1093 2258 precognito
1126 2178 1256 2257 signata,
1291 2178 1401 2257 scripsi
1433 2183 1465 2239 et
1496 2178 1529 2237 in

297 2286 378 2347 hanc
412 2285 569 2366 publicam
607 2286 740 2345 formam
775 2284 888 2363 redegi,
928 2284 1080 2363 signoque
1118 2304 1189 2344 meo
1223 2288 1375 2344 consueto
1409 2284 1530 2363 signavi

296 2391 628 2471 rogatus—Ricardus
664 2391 703 2451 de
743 2391 902 2461 Vernoun,
944 2389 1131 2451 venerabilis
1172 2389 1279 2468 petris,
1326 2389 1445 2449 domini
1483 2389 1530 2461 A,

296 2503 365 2569 etc„
401 2497 441 2557 ab
475 2497 584 2557 eodem
615 2502 705 2576 patre
740 2497 780 2557 ad
810 2495 1040 2557 instituendum
1071 2499 1104 2555 et
1139 2494 1375 2555 destituendum
1410 2495 1530 2556 habens

295 2608 495 2681 potestatem,
517 2602 631 2663 dilecto
651 2601 743 2662 nobis
764 2601 796 2661 in
829 2601 965 2672 Christo,
997 2600 1147 2679 magistro
1178 2598 1337 2660 Willelmo
1358 2600 1469 2661 Rossel
1491 2602 1530 2661 de

297 2708 482 2787 Fowebope‚
512 2706 693 2787 presbitero,
722 2707 866 2777 salutem,
895 2711 954 2767 etc.
1012 2706 1060 2765 Ad
1086 2705 1251 2766 ecclesiam
1279 2705 1317 2766 de
1349 2704 1530 2785 Westbury,

297 2813 538 2875 Hereiordensis
562 2812 705 2883 diocesis,
726 2832 764 2872 ex
786 2832 881 2872 causa
902 2810 1148 2891 permutacionis
1172 2812 1345 2881 vacantem,
1372 2810 1411 2870 ad
1434 2830 1529 2890 quem

296 2940 353 2999 per
376 2920 537 2980 dominum
560 2917 749 2978 Nicholaum
774 2918 812 2979 de
837 2916 913 2988 Baa,
939 2916 1082 2987 militem,
1103 2934 1212 2976 verum
1237 2915 1378 2993 ejusdem
1399 2915 1531 2976 ecclesie

297 3032 473 3105 patronum,
505 3027 705 3106 presentatus
735 3024 853 3094 existis,
885 3028 917 3084 te
948 3022 1089 3083 caritatis
1117 3022 1234 3082 intuitu
1262 3020 1467 3091 admittimus,
1496 3026 1530 3082 et

297 3132 463 3193 Rectorem
501 3130 651 3191 canonice
689 3130 884 3190 instituimus
922 3130 955 3188 in
992 3129 1110 3189 eadem.
1174 3127 1213 3187 In
1248 3127 1338 3207 cujus
1376 3126 1430 3198 rei,
1468 3132 1529 3187 etc.

297 3237 416 3298 Datum
441 3236 634 3306 Hereiordie,
657 3245 690 3296 v⁰
713 3236 763 3296 die
784 3236 902 3296 mensis
927 3234 1052 3315 Aprilis,
1078 3253 1161 3293 anno
1186 3232 1315 3293 Domini
1341 3230 1528 3294 Muccux.

297 3342 364 3403 Nos
391 3342 487 3421 igitur
512 3340 690 3420 Episcopus
719 3340 925 3419 supradictus,
956 3352 1068 3399 causas
1097 3336 1342 3419 permutacionis
1369 3342 1402 3398 et
1433 3338 1529 3417 resig-

296 3447 464 3508 nacionum
488 3445 698 3525 predictarum
721 3464 846 3506 necnon
871 3448 903 3505 et
925 3442 1161 3503 absolucionum
1187 3460 1302 3501 ecura
1323 3446 1356 3501 et
1377 3440 1529 3520 regimine

295 3572 352 3633 per
371 3552 522 3614 vicarium
543 3557 687 3613 nostrum
708 3550 883 3631 predictum
904 3550 979 3609 hinc
1000 3548 1073 3609 inde
1097 3547 1251 3607 factarum
1273 3566 1311 3607 ex
1332 3546 1529 3606 habundanti

296 3658 520 3728 examinantes,
555 3656 629 3737 quia
659 3656 837 3717 invenimus
869 3655 954 3734 ipsas
985 3674 1096 3715 causas
1130 3651 1334 3714 racionabiles
1365 3656 1397 3713 et
1428 3652 1527 3732 legiti-

297 3783 373 3835 mas,
404 3763 561 3844 predictas
591 3761 822 3841 resignaciones
856 3766 888 3822 et
919 3780 1026 3821 earum
1062 3758 1277 3829 admissiones,
1313 3757 1530 3819 absoluciones

296 3888 316 3929 a
349 3888 424 3930 cura
460 3873 493 3929 et
531 3866 689 3946 regimine,
737 3886 859 3927 necnon
898 3865 1000 3944 ipsam
1036 3864 1304 3945 permutacionem
1343 3862 1530 3925 auctoritate

296 3980 404 4037 nostra
424 3974 549 4045 iactam,
571 3978 603 4034 et
634 3973 703 4053 ejus
730 3992 841 4033 causas
869 3976 1021 4051 tanquam
1041 3970 1206 4049 legitimas,
1235 3988 1272 4029 ac
1299 3968 1529 4041 instituciones,

296 4088 329 4143 et
352 4082 385 4141 in
406 4077 598 4160 corporalem
619 4077 849 4159 possessionem
867 4076 1069 4137 inducciones
1090 4095 1127 4136 ex
1148 4073 1252 4135 causis
1268 4072 1430 4154 premissis
1455 4074 1530 4135 hinc

295 4186 369 4248 inde
389 4190 522 4255 secutas,
544 4204 582 4245 ex
602 4189 688 4245 certa
708 4187 816 4243 nostra
836 4181 972 4242 sciencia
992 4179 1211 4260 approbamus,
1226 4184 1285 4239 etc.
1329 4178 1368 4238 In
1385 4198 1528 4258 quarum,

295 4297 354 4353 stc.
397 4291 516 4350 Datum
548 4288 631 4369 apud
657 4288 795 4367 Sugwas,
826 4286 893 4366 xiij⁰
924 4286 974 4347 die
1005 4286 1124 4347 mensis
1154 4284 1251 4356 Junii,
1283 4304 1367 4345 anno
1399 4284 1529 4346 Domini

295 4395 519 4474 urecouxijn
540 4400 600 4457 etc.

296 4653 377 4714 June
400 4650 567 4712 deibus
591 4649 693 4729 Roycl
717 4649 820 4728 Bricfs
844 4646 1031 4724 imtructinp
1059 4645 1107 4706 the
1137 4644 1256 4723 Shcriff
1282 4651 1311 4705 to
1335 4664 1474 4704 sammon
1499 4652 1529 4705 to

416 4732 493 4792 trial
513 4739 547 4792 ct
572 4730 654 4791 Yorlc
677 4730 725 4791 the
746 4729 938 4809 misfactum
960 4727 1027 4787 who
1051 4726 1113 4786 hod
1135 4724 1308 4786 committed
1331 4732 1470 4803 eutropes
1493 4726 1530 4785 ia

417 4812 467 4874 ihc
490 4811 634 4892 Bishop’s
658 4810 785 4871 Mauors
810 4811 846 4890 os
865 4809 944 4870 Ross
969 4808 1032 4869 aad
1063 4806 1172 4887 Uptoa.

376 4980 504 5041 Banvu
525 4994 651 5039 course
685 4992 938 5037 usnsssonoass
972 4990 1006 5034 m
1038 4990 1193 5033 uincens
1227 4988 1271 5032 nn
1302 4971 1370 5033 Ros
1401 4988 1443 5031 nn
1482 4986 1527 5033 ns

295 5088 434 5150 Uncus
462 5101 505 5145 nu
539 5100 574 5145 nr
608 5081 943 5154 nosce-Edwardue,
978 5084 1048 5153 etc,
1082 5078 1267 5141 Vicecomiti
1301 5076 1527 5139 Hereiordensi
