<?xml version="1.0" encoding="UTF-8"?>
<!DOCTYPE html PUBLIC "-//W3C//DTD XHTML 1.0 Transitional//EN"
    "http://www.w3.org/TR/xhtml1/DTD/xhtml1-transitional.dtd">
<html xmlns="http://www.w3.org/1999/xhtml" xml:lang="en" lang="en">
 <head>
  <title>
</title>
<meta http-equiv="Content-Type" content="text/html;charset=utf-8" />
  <meta name='ocr-system' content='tesseract 3.04.00' />
  <meta name='ocr-capabilities' content='ocr_page ocr_carea ocr_par ocr_line ocrx_word'/>
</head>
<body>
  <div class='ocr_page' id='page_1' title='image "./registrumadedeo00banngoog_0434.png"; bbox 0 0 3850 5917; ppageno 0'>
   <div class='ocr_carea' id='block_1_1' title="bbox 688 704 1516 786">
    <p class='ocr_par' dir='ltr' id='par_1_1' title="bbox 688 704 1516 786">
     <span class='ocr_line' id='line_1_1' title="bbox 688 704 1516 786; baseline -0.002 -21"><span class='ocrx_word' id='word_1_1' title='bbox 688 705 838 786; x_wconf 74' lang='lat' dir='ltr'><strong><em>Episcopi</em></strong></span> <span class='ocrx_word' id='word_1_2' title='bbox 866 704 1108 784; x_wconf 72' lang='lat' dir='ltr'>Heresordensia.</span> <span class='ocrx_word' id='word_1_3' title='bbox 1456 704 1516 764; x_wconf 85' lang='grc'>369</span> 
     </span>
    </p>
   </div>
   <div class='ocr_carea' id='block_1_2' title="bbox 88 929 1518 4497">
    <p class='ocr_par' dir='ltr' id='par_1_2' title="bbox 88 929 1518 4497">
     <span class='ocr_line' id='line_1_2' title="bbox 88 929 1515 1012; baseline -0.005 -18"><span class='ocrx_word' id='word_1_4' title='bbox 88 940 152 979; x_wconf 58' lang='lat' dir='ltr'>AD·</span> <span class='ocrx_word' id='word_1_5' title='bbox 173 940 235 978; x_wconf 62' lang='lat'><strong>¹³²⁸-</strong></span> <span class='ocrx_word' id='word_1_6' title='bbox 280 953 385 1004; x_wconf 88' lang='lat' dir='ltr'>oanos,</span> <span class='ocrx_word' id='word_1_7' title='bbox 418 932 555 1006; x_wconf 88' lang='lat' dir='ltr'>abbates,</span> <span class='ocrx_word' id='word_1_8' title='bbox 592 937 624 993; x_wconf 84' lang='lat' dir='ltr'>ot</span> <span class='ocrx_word' id='word_1_9' title='bbox 658 932 786 1012; x_wconf 86' lang='lat' dir='ltr'>priores,</span> <span class='ocrx_word' id='word_1_10' title='bbox 820 932 847 992; x_wconf 91' lang='lat' dir='ltr'>si</span> <span class='ocrx_word' id='word_1_11' title='bbox 878 930 1043 1001; x_wconf 90' lang='lat' dir='ltr'>voluerint,</span> <span class='ocrx_word' id='word_1_12' title='bbox 1079 930 1218 1010; x_wconf 91' lang='lat' dir='ltr'>alioquin</span> <span class='ocrx_word' id='word_1_13' title='bbox 1249 950 1305 1009; x_wconf 91' lang='lat' dir='ltr'>per</span> <span class='ocrx_word' id='word_1_14' title='bbox 1339 929 1435 989; x_wconf 91' lang='lat' dir='ltr'>alium</span> <span class='ocrx_word' id='word_1_15' title='bbox 1466 929 1515 991; x_wconf 86' lang='lat' dir='ltr'>vel</span> 
     </span>
     <span class='ocr_line' id='line_1_3' title="bbox 278 1035 1514 1115; baseline -0.002 -18"><span class='ocrx_word' id='word_1_16' title='bbox 278 1038 357 1098; x_wconf 89' lang='lat' dir='ltr'>alios</span> <span class='ocrx_word' id='word_1_17' title='bbox 386 1038 523 1109; x_wconf 89' lang='lat' dir='ltr'>idoneos,</span> <span class='ocrx_word' id='word_1_18' title='bbox 557 1037 658 1098; x_wconf 91' lang='lat' dir='ltr'>clerus</span> <span class='ocrx_word' id='word_1_19' title='bbox 691 1042 796 1097; x_wconf 90' lang='lat' dir='ltr'>autem</span> <span class='ocrx_word' id='word_1_20' title='bbox 830 1035 997 1115; x_wconf 84' lang='lat' dir='ltr'>cujuslibet</span> <span class='ocrx_word' id='word_1_21' title='bbox 1029 1036 1161 1097; x_wconf 87' lang='lat' dir='ltr'>diocesis</span> <span class='ocrx_word' id='word_1_22' title='bbox 1193 1056 1249 1115; x_wconf 89' lang='lat' dir='ltr'>per</span> <span class='ocrx_word' id='word_1_23' title='bbox 1278 1056 1378 1096; x_wconf 91' lang='lat' dir='ltr'>unum</span> <span class='ocrx_word' id='word_1_24' title='bbox 1406 1056 1514 1115; x_wconf 90' lang='lat' dir='ltr'>procu-</span> 
     </span>
     <span class='ocr_line' id='line_1_4' title="bbox 278 1141 1516 1220; baseline -0.002 -17"><span class='ocrx_word' id='word_1_25' title='bbox 278 1148 414 1204; x_wconf 89' lang='lat' dir='ltr'>ratorem</span> <span class='ocrx_word' id='word_1_26' title='bbox 454 1143 502 1203; x_wconf 90' lang='lat' dir='ltr'>vel</span> <span class='ocrx_word' id='word_1_27' title='bbox 542 1143 620 1203; x_wconf 88' lang='lat' dir='ltr'>duos</span> <span class='ocrx_word' id='word_1_28' title='bbox 667 1141 845 1203; x_wconf 79' lang='lat' dir='ltr'><strong>consimiles</strong></span> <span class='ocrx_word' id='word_1_29' title='bbox 884 1141 1094 1202; x_wconf 89' lang='lat' dir='ltr'>communiter</span> <span class='ocrx_word' id='word_1_30' title='bbox 1129 1142 1342 1212; x_wconf 90' lang='lat' dir='ltr'>destinandos,</span> <span class='ocrx_word' id='word_1_31' title='bbox 1382 1141 1516 1220; x_wconf 88' lang='lat' dir='ltr'>septimo</span> 
     </span>
     <span class='ocr_line' id='line_1_5' title="bbox 279 1246 1515 1328; baseline -0.001 -20"><span class='ocrx_word' id='word_1_32' title='bbox 279 1248 329 1308; x_wconf 92' lang='lat' dir='ltr'>die</span> <span class='ocrx_word' id='word_1_33' title='bbox 354 1254 427 1328; x_wconf 90' lang='lat' dir='ltr'>post</span> <span class='ocrx_word' id='word_1_34' title='bbox 451 1248 567 1309; x_wconf 85' lang='lat' dir='ltr'>festum</span> <span class='ocrx_word' id='word_1_35' title='bbox 593 1254 701 1308; x_wconf 90' lang='lat' dir='ltr'>sancte</span> <span class='ocrx_word' id='word_1_36' title='bbox 725 1247 811 1307; x_wconf 87' lang='lat' dir='ltr'>Fidis</span> <span class='ocrx_word' id='word_1_37' title='bbox 832 1246 971 1326; x_wconf 86' lang='lat' dir='ltr'>Virginis</span> <span class='ocrx_word' id='word_1_38' title='bbox 995 1248 1135 1327; x_wconf 89' lang='lat' dir='ltr'>proxime</span> <span class='ocrx_word' id='word_1_39' title='bbox 1157 1246 1308 1317; x_wconf 85' lang='lat' dir='ltr'>futurum,</span> <span class='ocrx_word' id='word_1_40' title='bbox 1330 1246 1362 1306; x_wconf 89' lang='lat' dir='ltr'>in</span> <span class='ocrx_word' id='word_1_41' title='bbox 1384 1246 1515 1307; x_wconf 87' lang='lat' dir='ltr'>ecclesia</span> 
     </span>
     <span class='ocr_line' id='line_1_6' title="bbox 278 1352 1516 1432; baseline -0.002 -18"><span class='ocrx_word' id='word_1_42' title='bbox 278 1354 380 1414; x_wconf 88' lang='lat' dir='ltr'>sancti</span> <span class='ocrx_word' id='word_1_43' title='bbox 398 1354 489 1414; x_wconf 89' lang='lat' dir='ltr'>Pauli</span> <span class='ocrx_word' id='word_1_44' title='bbox 508 1353 688 1424; x_wconf 86' lang='lat' dir='ltr'>Londoniis,</span> <span class='ocrx_word' id='word_1_45' title='bbox 704 1374 778 1413; x_wconf 90' lang='lat' dir='ltr'>suas</span> <span class='ocrx_word' id='word_1_46' title='bbox 792 1352 959 1413; x_wconf 75' lang='lat' dir='ltr'>exhibeant</span> <span class='ocrx_word' id='word_1_47' title='bbox 975 1352 1162 1431; x_wconf 87' lang='lat' dir='ltr'>presenciae,</span> <span class='ocrx_word' id='word_1_48' title='bbox 1178 1352 1317 1431; x_wconf 88' lang='lat' dir='ltr'>prodicta</span> <span class='ocrx_word' id='word_1_49' title='bbox 1332 1353 1516 1432; x_wconf 87' lang='lat' dir='ltr'>exponenda</span> 
     </span>
     <span class='ocr_line' id='line_1_7' title="bbox 279 1458 1516 1539; baseline -0.001 -19"><span class='ocrx_word' id='word_1_50' title='bbox 279 1480 403 1521; x_wconf 83' lang='lat' dir='ltr'><strong>necnon</strong></span> <span class='ocrx_word' id='word_1_51' title='bbox 445 1460 608 1539; x_wconf 87' lang='lat' dir='ltr'>cujusdam</span> <span class='ocrx_word' id='word_1_52' title='bbox 648 1458 788 1519; x_wconf 90' lang='lat' dir='ltr'>mandati</span> <span class='ocrx_word' id='word_1_53' title='bbox 825 1458 988 1538; x_wconf 88' lang='lat' dir='ltr'>apostolici</span> <span class='ocrx_word' id='word_1_54' title='bbox 1024 1458 1114 1518; x_wconf 89' lang='lat' dir='ltr'>nobis</span> <span class='ocrx_word' id='word_1_55' title='bbox 1149 1464 1182 1519; x_wconf 89' lang='lat' dir='ltr'>et</span> <span class='ocrx_word' id='word_1_56' title='bbox 1223 1458 1269 1519; x_wconf 88' lang='lat' dir='ltr'>eis</span> <span class='ocrx_word' id='word_1_57' title='bbox 1307 1459 1516 1519; x_wconf 87' lang='lat' dir='ltr'>communiter</span> 
     </span>
     <span class='ocr_line' id='line_1_8' title="bbox 280 1564 1517 1645; baseline 0.001 -20"><span class='ocrx_word' id='word_1_58' title='bbox 280 1566 527 1645; x_wconf 90' lang='lat' dir='ltr'>publicacionem</span> <span class='ocrx_word' id='word_1_59' title='bbox 558 1566 702 1637; x_wconf 76' lang='lat' dir='ltr'>audituri,</span> <span class='ocrx_word' id='word_1_60' title='bbox 725 1586 761 1626; x_wconf 92' lang='lat' dir='ltr'>ac</span> <span class='ocrx_word' id='word_1_61' title='bbox 782 1570 876 1645; x_wconf 87' lang='lat' dir='ltr'>prout</span> <span class='ocrx_word' id='word_1_62' title='bbox 899 1564 1067 1644; x_wconf 83' lang='lat' dir='ltr'>expediens</span> <span class='ocrx_word' id='word_1_63' title='bbox 1088 1565 1190 1625; x_wconf 86' lang='lat' dir='ltr'>visum</span> <span class='ocrx_word' id='word_1_64' title='bbox 1216 1564 1319 1635; x_wconf 85' lang='lat' dir='ltr'>fuerit,</span> <span class='ocrx_word' id='word_1_65' title='bbox 1342 1585 1436 1644; x_wconf 88' lang='lat' dir='ltr'>super</span> <span class='ocrx_word' id='word_1_66' title='bbox 1455 1565 1517 1626; x_wconf 93' lang='lat' dir='ltr'>hoc</span> 
     </span>
     <span class='ocr_line' id='line_1_9' title="bbox 280 1670 1516 1749; baseline -0.001 -17"><span class='ocrx_word' id='word_1_67' title='bbox 280 1671 448 1732; x_wconf 85' lang='lat' dir='ltr'>efficaciter</span> <span class='ocrx_word' id='word_1_68' title='bbox 476 1672 649 1741; x_wconf 73' lang='lat' dir='ltr'>tractaturi,</span> <span class='ocrx_word' id='word_1_69' title='bbox 679 1690 913 1749; x_wconf 82' lang='lat' dir='ltr'>consensusque</span> <span class='ocrx_word' id='word_1_70' title='bbox 944 1690 1019 1731; x_wconf 88' lang='lat' dir='ltr'>suos</span> <span class='ocrx_word' id='word_1_71' title='bbox 1051 1670 1112 1730; x_wconf 92' lang='lat' dir='ltr'>hiis</span> <span class='ocrx_word' id='word_1_72' title='bbox 1144 1691 1213 1749; x_wconf 93' lang='lat' dir='ltr'>que,</span> <span class='ocrx_word' id='word_1_73' title='bbox 1245 1671 1340 1730; x_wconf 88' lang='lat' dir='ltr'>dante</span> <span class='ocrx_word' id='word_1_74' title='bbox 1368 1670 1516 1741; x_wconf 83' lang='lat' dir='ltr'>Domine,</span> 
     </span>
     <span class='ocr_line' id='line_1_10' title="bbox 281 1775 1514 1857; baseline -0.002 -19"><span class='ocrx_word' id='word_1_75' title='bbox 281 1798 377 1857; x_wconf 90' lang='lat' dir='ltr'>super</span> <span class='ocrx_word' id='word_1_76' title='bbox 398 1777 460 1837; x_wconf 92' lang='lat' dir='ltr'>hiis</span> <span class='ocrx_word' id='word_1_77' title='bbox 480 1776 707 1837; x_wconf 87' lang='lat' dir='ltr'>ordinabuntur</span> <span class='ocrx_word' id='word_1_78' title='bbox 731 1782 763 1837; x_wconf 91' lang='lat' dir='ltr'>et</span> <span class='ocrx_word' id='word_1_79' title='bbox 783 1775 1030 1855; x_wconf 89' lang='lat' dir='ltr'>providebuntur</span> <span class='ocrx_word' id='word_1_80' title='bbox 1051 1776 1165 1836; x_wconf 85' lang='lat' dir='ltr'>ibidem</span> <span class='ocrx_word' id='word_1_81' title='bbox 1192 1775 1352 1855; x_wconf 90' lang='lat' dir='ltr'>prebituri,</span> <span class='ocrx_word' id='word_1_82' title='bbox 1371 1775 1514 1835; x_wconf 89' lang='lat' dir='ltr'>ulterius·</span> 
     </span>
     <span class='ocr_line' id='line_1_11' title="bbox 281 1881 1514 1962; baseline -0.002 -20"><span class='ocrx_word' id='word_1_83' title='bbox 281 1902 343 1962; x_wconf 91' lang='lat' dir='ltr'>que</span> <span class='ocrx_word' id='word_1_84' title='bbox 370 1882 483 1943; x_wconf 85' lang='lat' dir='ltr'>facturi</span> <span class='ocrx_word' id='word_1_85' title='bbox 505 1903 577 1943; x_wconf 91' lang='lat' dir='ltr'>cum</span> <span class='ocrx_word' id='word_1_86' title='bbox 599 1882 837 1943; x_wconf 89' lang='lat' dir='ltr'>continuacione</span> <span class='ocrx_word' id='word_1_87' title='bbox 860 1883 981 1943; x_wconf 89' lang='lat' dir='ltr'>dierum</span> <span class='ocrx_word' id='word_1_88' title='bbox 1010 1883 1213 1961; x_wconf 88' lang='lat' dir='ltr'>sequencium</span> <span class='ocrx_word' id='word_1_89' title='bbox 1237 1902 1336 1961; x_wconf 90' lang='lat' dir='ltr'>usque</span> <span class='ocrx_word' id='word_1_90' title='bbox 1360 1881 1514 1941; x_wconf 89' lang='lat' dir='ltr'>adfinem</span> 
     </span>
     <span class='ocr_line' id='line_1_12' title="bbox 279 1987 1515 2068; baseline -0.001 -20"><span class='ocrx_word' id='word_1_91' title='bbox 279 1994 434 2050; x_wconf 85' lang='lat' dir='ltr'>tractatus</span> <span class='ocrx_word' id='word_1_92' title='bbox 462 1989 653 2068; x_wconf 85' lang='lat' dir='ltr'>hujusmodi,</span> <span class='ocrx_word' id='word_1_93' title='bbox 695 1990 779 2068; x_wconf 92' lang='lat' dir='ltr'>quod</span> <span class='ocrx_word' id='word_1_94' title='bbox 824 1987 923 2067; x_wconf 89' lang='lat' dir='ltr'>ipsius</span> <span class='ocrx_word' id='word_1_95' title='bbox 958 1992 1072 2047; x_wconf 86' lang='lat' dir='ltr'>natura</span> <span class='ocrx_word' id='word_1_96' title='bbox 1110 1987 1230 2065; x_wconf 83' lang='lat' dir='ltr'>negocii</span> <span class='ocrx_word' id='word_1_97' title='bbox 1262 1987 1327 2047; x_wconf 90' lang='lat' dir='ltr'>sive</span> <span class='ocrx_word' id='word_1_98' title='bbox 1362 1991 1515 2047; x_wconf 90' lang='lat' dir='ltr'>tractatus</span> 
     </span>
     <span class='ocr_line' id='line_1_13' title="bbox 278 2090 1516 2175; baseline -0.002 -20"><span class='ocrx_word' id='word_1_99' title='bbox 278 2094 373 2175; x_wconf 85' lang='lat' dir='ltr'>exigit</span> <span class='ocrx_word' id='word_1_100' title='bbox 395 2100 427 2155; x_wconf 92' lang='lat' dir='ltr'>et</span> <span class='ocrx_word' id='word_1_101' title='bbox 449 2094 587 2174; x_wconf 88' lang='lat' dir='ltr'>requirit,</span> <span class='ocrx_word' id='word_1_102' title='bbox 610 2094 836 2154; x_wconf 76' lang='lat' dir='ltr'>denunciantes</span> <span class='ocrx_word' id='word_1_103' title='bbox 858 2093 977 2153; x_wconf 90' lang='lat' dir='ltr'>eisdem</span> <span class='ocrx_word' id='word_1_104' title='bbox 990 2092 1073 2172; x_wconf 91' lang='lat' dir='ltr'>quod</span> <span class='ocrx_word' id='word_1_105' title='bbox 1088 2092 1204 2152; x_wconf 89' lang='lat' dir='ltr'>nullius</span> <span class='ocrx_word' id='word_1_106' title='bbox 1219 2112 1312 2171; x_wconf 91' lang='lat' dir='ltr'>quem</span> <span class='ocrx_word' id='word_1_107' title='bbox 1327 2090 1516 2152; x_wconf 82' lang='lat' dir='ltr'>inevitabilis</span> 
     </span>
     <span class='ocr_line' id='line_1_14' title="bbox 282 2195 1516 2276; baseline -0.003 -17"><span class='ocrx_word' id='word_1_108' title='bbox 282 2201 454 2262; x_wconf 79' lang='lat' dir='ltr'>necessitas</span> <span class='ocrx_word' id='word_1_109' title='bbox 482 2221 545 2259; x_wconf 92' lang='lat' dir='ltr'>non</span> <span class='ocrx_word' id='word_1_110' title='bbox 578 2206 708 2261; x_wconf 90' lang='lat' dir='ltr'>excusat</span> <span class='ocrx_word' id='word_1_111' title='bbox 749 2198 927 2259; x_wconf 90' lang='lat' dir='ltr'>absenciam</span> <span class='ocrx_word' id='word_1_112' title='bbox 966 2198 1050 2259; x_wconf 90' lang='lat' dir='ltr'>dicto</span> <span class='ocrx_word' id='word_1_113' title='bbox 1079 2196 1214 2276; x_wconf 89' lang='lat' dir='ltr'>septimo</span> <span class='ocrx_word' id='word_1_114' title='bbox 1247 2196 1296 2257; x_wconf 90' lang='lat' dir='ltr'>die</span> <span class='ocrx_word' id='word_1_115' title='bbox 1331 2195 1516 2255; x_wconf 76' lang='lat' dir='ltr'>habebimus</span> 
     </span>
     <span class='ocr_line' id='line_1_15' title="bbox 279 2301 1518 2383; baseline -0.004 -16"><span class='ocrx_word' id='word_1_116' title='bbox 279 2311 469 2367; x_wconf 85' lang='lat' dir='ltr'>excusatam.</span> <span class='ocrx_word' id='word_1_117' title='bbox 527 2306 674 2368; x_wconf 82' lang='lat' dir='ltr'>Ceterum</span> <span class='ocrx_word' id='word_1_118' title='bbox 705 2310 739 2365; x_wconf 91' lang='lat' dir='ltr'>ut</span> <span class='ocrx_word' id='word_1_119' title='bbox 772 2306 810 2365; x_wconf 91' lang='lat' dir='ltr'>de</span> <span class='ocrx_word' id='word_1_120' title='bbox 840 2304 980 2383; x_wconf 91' lang='lat' dir='ltr'>ipsorum</span> <span class='ocrx_word' id='word_1_121' title='bbox 1010 2304 1205 2374; x_wconf 88' lang='lat' dir='ltr'>vicariorum,</span> <span class='ocrx_word' id='word_1_122' title='bbox 1235 2308 1304 2373; x_wconf 84' lang='lat' dir='ltr'>ete,</span> <span class='ocrx_word' id='word_1_123' title='bbox 1336 2301 1518 2362; x_wconf 87' lang='lat' dir='ltr'>nominibus</span> 
     </span>
     <span class='ocr_line' id='line_1_16' title="bbox 278 2408 1515 2491; baseline -0.002 -22"><span class='ocrx_word' id='word_1_124' title='bbox 278 2411 422 2491; x_wconf 85' lang='lat' dir='ltr'>propriis,</span> <span class='ocrx_word' id='word_1_125' title='bbox 445 2412 561 2491; x_wconf 86' lang='lat' dir='ltr'>quique</span> <span class='ocrx_word' id='word_1_126' title='bbox 583 2411 719 2471; x_wconf 85' lang='lat' dir='ltr'>Abbates</span> <span class='ocrx_word' id='word_1_127' title='bbox 741 2414 773 2471; x_wconf 90' lang='lat' dir='ltr'>et</span> <span class='ocrx_word' id='word_1_128' title='bbox 794 2409 918 2470; x_wconf 87' lang='lat' dir='ltr'>Priores</span> <span class='ocrx_word' id='word_1_129' title='bbox 938 2410 1084 2488; x_wconf 87' lang='lat' dir='ltr'>exempti,</span> <span class='ocrx_word' id='word_1_130' title='bbox 1107 2409 1270 2469; x_wconf 88' lang='lat' dir='ltr'>domorum</span> <span class='ocrx_word' id='word_1_131' title='bbox 1290 2408 1389 2468; x_wconf 90' lang='lat' dir='ltr'>eciam</span> <span class='ocrx_word' id='word_1_132' title='bbox 1411 2408 1515 2486; x_wconf 92' lang='lat' dir='ltr'>hospi-</span> 
     </span>
     <span class='ocr_line' id='line_1_17' title="bbox 280 2513 1515 2595; baseline -0.006 -17"><span class='ocrx_word' id='word_1_133' title='bbox 280 2518 402 2588; x_wconf 89' lang='lat' dir='ltr'>talium,</span> <span class='ocrx_word' id='word_1_134' title='bbox 424 2523 493 2589; x_wconf 83' lang='lat' dir='ltr'>eto,</span> <span class='ocrx_word' id='word_1_135' title='bbox 516 2524 551 2577; x_wconf 92' lang='lat' dir='ltr'>ut</span> <span class='ocrx_word' id='word_1_136' title='bbox 583 2537 686 2595; x_wconf 90' lang='lat' dir='ltr'>supra,</span> <span class='ocrx_word' id='word_1_137' title='bbox 715 2515 831 2595; x_wconf 88' lang='lat' dir='ltr'>plebes,</span> <span class='ocrx_word' id='word_1_138' title='bbox 864 2514 1012 2575; x_wconf 86' lang='lat' dir='ltr'>eeclesias</span> <span class='ocrx_word' id='word_1_139' title='bbox 1040 2535 1096 2575; x_wconf 87' lang='lat' dir='ltr'>seu</span> <span class='ocrx_word' id='word_1_140' title='bbox 1118 2513 1253 2593; x_wconf 87' lang='lat' dir='ltr'>capellas</span> <span class='ocrx_word' id='word_1_141' title='bbox 1284 2513 1421 2573; x_wconf 88' lang='lat' dir='ltr'>habeant</span> <span class='ocrx_word' id='word_1_142' title='bbox 1452 2534 1515 2573; x_wconf 88' lang='lat' dir='ltr'>non</span> 
     </span>
     <span class='ocr_line' id='line_1_18' title="bbox 279 2618 1516 2703; baseline -0.005 -18"><span class='ocrx_word' id='word_1_143' title='bbox 279 2629 451 2703; x_wconf 79' lang='lat' dir='ltr'>exemptae,</span> <span class='ocrx_word' id='word_1_144' title='bbox 492 2624 651 2684; x_wconf 87' lang='lat' dir='ltr'>valeamus</span> <span class='ocrx_word' id='word_1_145' title='bbox 682 2622 762 2682; x_wconf 89' lang='lat' dir='ltr'>effici</span> <span class='ocrx_word' id='word_1_146' title='bbox 798 2622 958 2691; x_wconf 88' lang='lat' dir='ltr'>cerciores,</span> <span class='ocrx_word' id='word_1_147' title='bbox 996 2620 1072 2699; x_wconf 91' lang='lat' dir='ltr'>ipsis</span> <span class='ocrx_word' id='word_1_148' title='bbox 1104 2618 1333 2680; x_wconf 88' lang='lat' dir='ltr'>venerabilibus</span> <span class='ocrx_word' id='word_1_149' title='bbox 1368 2618 1516 2679; x_wconf 87' lang='lat' dir='ltr'>fratribus</span> 
     </span>
     <span class='ocr_line' id='line_1_19' title="bbox 279 2724 1516 2803; baseline -0.003 -14"><span class='ocrx_word' id='word_1_150' title='bbox 279 2729 397 2789; x_wconf 89' lang='lat' dir='ltr'>nostris</span> <span class='ocrx_word' id='word_1_151' title='bbox 421 2748 456 2788; x_wconf 89' lang='lat' dir='ltr'>ac</span> <span class='ocrx_word' id='word_1_152' title='bbox 478 2728 601 2788; x_wconf 85' lang='lat' dir='ltr'>vicariis</span> <span class='ocrx_word' id='word_1_153' title='bbox 623 2726 809 2787; x_wconf 85' lang='lat' dir='ltr'>auctoritate</span> <span class='ocrx_word' id='word_1_154' title='bbox 830 2732 938 2787; x_wconf 88' lang='lat' dir='ltr'>nostra</span> <span class='ocrx_word' id='word_1_155' title='bbox 961 2725 1137 2785; x_wconf 90' lang='lat' dir='ltr'>districcius</span> <span class='ocrx_word' id='word_1_156' title='bbox 1159 2724 1331 2803; x_wconf 78' lang='lat' dir='ltr'>injungatis</span> <span class='ocrx_word' id='word_1_157' title='bbox 1353 2724 1436 2803; x_wconf 90' lang='lat' dir='ltr'>quod</span> <span class='ocrx_word' id='word_1_158' title='bbox 1458 2744 1516 2785; x_wconf 88' lang='lat' dir='ltr'>nos</span> 
     </span>
     <span class='ocr_line' id='line_1_20' title="bbox 279 2829 1516 2908; baseline -0.004 -14"><span class='ocrx_word' id='word_1_159' title='bbox 279 2836 318 2896; x_wconf 87' lang='lat' dir='ltr'>de</span> <span class='ocrx_word' id='word_1_160' title='bbox 348 2836 467 2895; x_wconf 91' lang='lat' dir='ltr'>eisdem</span> <span class='ocrx_word' id='word_1_161' title='bbox 495 2833 640 2894; x_wconf 90' lang='lat' dir='ltr'>omnibus</span> <span class='ocrx_word' id='word_1_162' title='bbox 672 2833 804 2893; x_wconf 89' lang='lat' dir='ltr'>reddant</span> <span class='ocrx_word' id='word_1_163' title='bbox 832 2832 863 2891; x_wconf 92' lang='lat' dir='ltr'>in</span> <span class='ocrx_word' id='word_1_164' title='bbox 898 2831 983 2891; x_wconf 89' lang='lat' dir='ltr'>dicto</span> <span class='ocrx_word' id='word_1_165' title='bbox 1015 2830 1149 2891; x_wconf 87' lang='lat' dir='ltr'>termino</span> <span class='ocrx_word' id='word_1_166' title='bbox 1179 2829 1330 2890; x_wconf 87' lang='lat' dir='ltr'>cerciores</span> <span class='ocrx_word' id='word_1_167' title='bbox 1358 2849 1414 2908; x_wconf 88' lang='lat' dir='ltr'>per</span> <span class='ocrx_word' id='word_1_168' title='bbox 1442 2849 1516 2890; x_wconf 90' lang='lat' dir='ltr'>suas</span> 
     </span>
     <span class='ocr_line' id='line_1_21' title="bbox 279 2935 1515 3019; baseline -0.002 -22"><span class='ocrx_word' id='word_1_169' title='bbox 279 2945 426 3019; x_wconf 83' lang='lat' dir='ltr'>patentes</span> <span class='ocrx_word' id='word_1_170' title='bbox 447 2939 578 3010; x_wconf 68' lang='lat' dir='ltr'>litteras</span> <span class='ocrx_word' id='word_1_171' title='bbox 601 2945 658 3001; x_wconf 90' lang='lat' dir='ltr'>etc.</span> <span class='ocrx_word' id='word_1_172' title='bbox 709 2940 775 3001; x_wconf 83' lang='lat' dir='ltr'>Vos</span> <span class='ocrx_word' id='word_1_173' title='bbox 797 2939 896 2999; x_wconf 89' lang='lat' dir='ltr'>eciam</span> <span class='ocrx_word' id='word_1_174' title='bbox 917 2938 1052 2998; x_wconf 87' lang='lat' dir='ltr'>citamus</span> <span class='ocrx_word' id='word_1_175' title='bbox 1073 2936 1282 3016; x_wconf 86' lang='lat' dir='ltr'>peremptorie</span> <span class='ocrx_word' id='word_1_176' title='bbox 1307 2936 1346 2994; x_wconf 89' lang='lat' dir='ltr'>ad</span> <span class='ocrx_word' id='word_1_177' title='bbox 1369 2936 1400 2993; x_wconf 90' lang='lat' dir='ltr'>id</span> <span class='ocrx_word' id='word_1_178' title='bbox 1422 2935 1515 2996; x_wconf 86' lang='lat' dir='ltr'>idem.</span> 
     </span>
     <span class='ocr_line' id='line_1_22' title="bbox 282 3041 1516 3126; baseline -0.003 -21"><span class='ocrx_word' id='word_1_179' title='bbox 282 3046 327 3105; x_wconf 88' lang='lat' dir='ltr'>Et</span> <span class='ocrx_word' id='word_1_180' title='bbox 355 3046 456 3126; x_wconf 86' lang='lat' dir='ltr'>quoad</span> <span class='ocrx_word' id='word_1_181' title='bbox 484 3046 633 3105; x_wconf 85' lang='lat' dir='ltr'>vicariurn</span> <span class='ocrx_word' id='word_1_182' title='bbox 663 3046 694 3103; x_wconf 91' lang='lat' dir='ltr'>in</span> <span class='ocrx_word' id='word_1_183' title='bbox 726 3043 951 3124; x_wconf 87' lang='lat' dir='ltr'>temporalibus</span> <span class='ocrx_word' id='word_1_184' title='bbox 973 3043 1150 3123; x_wconf 89' lang='lat' dir='ltr'>generalem</span> <span class='ocrx_word' id='word_1_185' title='bbox 1171 3042 1308 3102; x_wconf 88' lang='lat' dir='ltr'>civitatis</span> <span class='ocrx_word' id='word_1_186' title='bbox 1329 3047 1361 3102; x_wconf 90' lang='lat' dir='ltr'>et</span> <span class='ocrx_word' id='word_1_187' title='bbox 1383 3041 1516 3101; x_wconf 90' lang='lat' dir='ltr'>diocesis</span> 
     </span>
     <span class='ocr_line' id='line_1_23' title="bbox 281 3147 1514 3229; baseline -0.005 -18"><span class='ocrx_word' id='word_1_188' title='bbox 281 3150 520 3221; x_wconf 72' lang='lat' dir='ltr'>londoniensis,</span> <span class='ocrx_word' id='word_1_189' title='bbox 543 3151 706 3211; x_wconf 88' lang='lat' dir='ltr'>Decanum</span> <span class='ocrx_word' id='word_1_190' title='bbox 732 3155 764 3210; x_wconf 89' lang='lat' dir='ltr'>et</span> <span class='ocrx_word' id='word_1_191' title='bbox 785 3149 965 3229; x_wconf 84' lang='lat' dir='ltr'>Capitulum</span> <span class='ocrx_word' id='word_1_192' title='bbox 989 3148 1235 3218; x_wconf 79' lang='lat' dir='ltr'>LondonienseS,</span> <span class='ocrx_word' id='word_1_193' title='bbox 1261 3147 1514 3217; x_wconf 87' lang='lat' dir='ltr'>Archidiaconos,</span> 
     </span>
     <span class='ocr_line' id='line_1_24' title="bbox 282 3249 1516 3332; baseline -0.004 -18"><span class='ocrx_word' id='word_1_194' title='bbox 282 3255 429 3325; x_wconf 89' lang='lat' dir='ltr'>Abbates,</span> <span class='ocrx_word' id='word_1_195' title='bbox 471 3256 604 3325; x_wconf 67' lang='lat' dir='ltr'>Priores</span> <span class='ocrx_word' id='word_1_196' title='bbox 640 3255 787 3315; x_wconf 90' lang='lat' dir='ltr'>ecclesias</span> <span class='ocrx_word' id='word_1_197' title='bbox 818 3274 875 3314; x_wconf 90' lang='lat' dir='ltr'>seu</span> <span class='ocrx_word' id='word_1_198' title='bbox 903 3252 1083 3332; x_wconf 85' lang='lat' dir='ltr'>hujusmodi</span> <span class='ocrx_word' id='word_1_199' title='bbox 1120 3251 1256 3329; x_wconf 87' lang='lat' dir='ltr'>capellas</span> <span class='ocrx_word' id='word_1_200' title='bbox 1288 3249 1448 3321; x_wconf 89' lang='lat' dir='ltr'>habentes,</span> <span class='ocrx_word' id='word_1_201' title='bbox 1484 3254 1516 3309; x_wconf 89' lang='lat' dir='ltr'>et</span> 
     </span>
     <span class='ocr_line' id='line_1_25' title="bbox 282 3355 1517 3440; baseline -0.006 -19"><span class='ocrx_word' id='word_1_202' title='bbox 282 3362 401 3423; x_wconf 89' lang='lat' dir='ltr'>olerum</span> <span class='ocrx_word' id='word_1_203' title='bbox 422 3360 562 3440; x_wconf 83' lang='lat' dir='ltr'>ejusdem</span> <span class='ocrx_word' id='word_1_204' title='bbox 585 3360 721 3420; x_wconf 89' lang='lat' dir='ltr'>civitatis</span> <span class='ocrx_word' id='word_1_205' title='bbox 742 3365 775 3420; x_wconf 91' lang='lat' dir='ltr'>et</span> <span class='ocrx_word' id='word_1_206' title='bbox 795 3359 949 3429; x_wconf 82' lang='lat' dir='ltr'>diocesis,¹</span> <span class='ocrx_word' id='word_1_207' title='bbox 962 3358 1149 3418; x_wconf 89' lang='lat' dir='ltr'>mandamus</span> <span class='ocrx_word' id='word_1_208' title='bbox 1170 3355 1383 3435; x_wconf 89' lang='lat' dir='ltr'>suprascripta</span> <span class='ocrx_word' id='word_1_209' title='bbox 1410 3355 1517 3415; x_wconf 88' lang='lat' dir='ltr'>omnia</span> 
     </span>
     <span class='ocr_line' id='line_1_26' title="bbox 283 3460 1515 3542; baseline -0.004 -17"><span class='ocrx_word' id='word_1_210' title='bbox 283 3467 350 3526; x_wconf 88' lang='lat' dir='ltr'>liori</span> <span class='ocrx_word' id='word_1_211' title='bbox 372 3472 403 3527; x_wconf 90' lang='lat' dir='ltr'>et</span> <span class='ocrx_word' id='word_1_212' title='bbox 425 3466 550 3526; x_wconf 82' lang='lat' dir='ltr'>servari.</span> <span class='ocrx_word' id='word_1_213' title='bbox 594 3464 676 3539; x_wconf 86' lang='lat' dir='ltr'>Quid</span> <span class='ocrx_word' id='word_1_214' title='bbox 697 3470 802 3525; x_wconf 90' lang='lat' dir='ltr'>autem</span> <span class='ocrx_word' id='word_1_215' title='bbox 824 3464 857 3522; x_wconf 89' lang='lat' dir='ltr'>in</span> <span class='ocrx_word' id='word_1_216' title='bbox 878 3463 937 3523; x_wconf 89' lang='lat' dir='ltr'>hac</span> <span class='ocrx_word' id='word_1_217' title='bbox 959 3468 1048 3542; x_wconf 91' lang='lat' dir='ltr'>parte</span> <span class='ocrx_word' id='word_1_218' title='bbox 1078 3462 1230 3522; x_wconf 91' lang='lat' dir='ltr'>duxeritis</span> <span class='ocrx_word' id='word_1_219' title='bbox 1251 3460 1438 3530; x_wconf 83' lang='lat' dir='ltr'>iaciendum,</span> <span class='ocrx_word' id='word_1_220' title='bbox 1456 3466 1515 3520; x_wconf 90' lang='lat' dir='ltr'>etc.</span> 
     </span>
     <span class='ocr_line' id='line_1_27' title="bbox 280 3566 1517 3650; baseline -0.005 -18"><span class='ocrx_word' id='word_1_221' title='bbox 280 3574 401 3632; x_wconf 81' lang='lat' dir='ltr'>Datum</span> <span class='ocrx_word' id='word_1_222' title='bbox 437 3572 520 3650; x_wconf 93' lang='lat' dir='ltr'>apud</span> <span class='ocrx_word' id='word_1_223' title='bbox 554 3570 716 3639; x_wconf 90' lang='lat' dir='ltr'>Lamethe,</span> <span class='ocrx_word' id='word_1_224' title='bbox 748 3570 814 3649; x_wconf 82' lang='lat' dir='ltr'>xiij⁰</span> <span class='ocrx_word' id='word_1_225' title='bbox 846 3568 916 3629; x_wconf 88' lang='lat' dir='ltr'>Kal.</span> <span class='ocrx_word' id='word_1_226' title='bbox 946 3568 1088 3647; x_wconf 89' lang='lat' dir='ltr'>Augusti,</span> <span class='ocrx_word' id='word_1_227' title='bbox 1114 3587 1197 3627; x_wconf 92' lang='lat' dir='ltr'>anno</span> <span class='ocrx_word' id='word_1_228' title='bbox 1227 3566 1356 3627; x_wconf 91' lang='lat' dir='ltr'>Domini</span> <span class='ocrx_word' id='word_1_229' title='bbox 1378 3566 1517 3626; x_wconf 55' lang='grc' dir='ltr'>ΜΟΟΟΟο</span> 
     </span>
     <span class='ocr_line' id='line_1_28' title="bbox 279 3671 1515 3756; baseline -0.006 -17"><span class='ocrx_word' id='word_1_230' title='bbox 279 3678 433 3739; x_wconf 86' lang='lat' dir='ltr'>&#39;vicesimo</span> <span class='ocrx_word' id='word_1_231' title='bbox 463 3684 560 3739; x_wconf 87' lang='lat' dir='ltr'>sexto.</span> <span class='ocrx_word' id='word_1_232' title='bbox 614 3677 704 3751; x_wconf 85' lang='lat' dir='ltr'>Quod</span> <span class='ocrx_word' id='word_1_233' title='bbox 742 3676 868 3756; x_wconf 91' lang='lat' dir='ltr'>quidem</span> <span class='ocrx_word' id='word_1_234' title='bbox 906 3674 1101 3744; x_wconf 88' lang='lat' dir='ltr'>mandatum,</span> <span class='ocrx_word' id='word_1_235' title='bbox 1141 3672 1290 3752; x_wconf 87' lang='lat' dir='ltr'>quatinus</span> <span class='ocrx_word' id='word_1_236' title='bbox 1319 3671 1515 3731; x_wconf 85' lang='lat' dir='ltr'>exeoucionis</span> 
     </span>
     <span class='ocr_line' id='line_1_29' title="bbox 282 3780 1515 3860; baseline -0.005 -18"><span class='ocrx_word' id='word_1_237' title='bbox 282 3790 389 3844; x_wconf 90' lang='lat' dir='ltr'>nostre</span> <span class='ocrx_word' id='word_1_238' title='bbox 420 3784 630 3844; x_wconf 89' lang='lat' dir='ltr'>ministerium</span> <span class='ocrx_word' id='word_1_239' title='bbox 658 3782 827 3850; x_wconf 89' lang='lat' dir='ltr'>concernit,</span> <span class='ocrx_word' id='word_1_240' title='bbox 864 3781 967 3860; x_wconf 90' lang='lat' dir='ltr'>quoad</span> <span class='ocrx_word' id='word_1_241' title='bbox 988 3780 1172 3840; x_wconf 89' lang='lat' dir='ltr'>citacionem</span> <span class='ocrx_word' id='word_1_242' title='bbox 1208 3797 1412 3857; x_wconf 88' lang='lat' dir='ltr'>personarum</span> <span class='ocrx_word' id='word_1_243' title='bbox 1447 3795 1515 3854; x_wconf 88' lang='lat' dir='ltr'>pre·</span> 
     </span>
     <span class='ocr_line' id='line_1_30' title="bbox 284 3882 1516 3955; baseline -0.007 -6"><span class='ocrx_word' id='word_1_244' title='bbox 284 3891 439 3950; x_wconf 88' lang='lat' dir='ltr'>dictarum</span> <span class='ocrx_word' id='word_1_245' title='bbox 474 3890 507 3948; x_wconf 92' lang='lat' dir='ltr'>in</span> <span class='ocrx_word' id='word_1_246' title='bbox 541 3894 646 3949; x_wconf 88' lang='lat' dir='ltr'>vestra</span> <span class='ocrx_word' id='word_1_247' title='bbox 684 3887 800 3948; x_wconf 90' lang='lat' dir='ltr'>diocesi</span> <span class='ocrx_word' id='word_1_248' title='bbox 835 3886 1050 3955; x_wconf 90' lang='lat' dir='ltr'>existencium,</span> <span class='ocrx_word' id='word_1_249' title='bbox 1086 3890 1119 3944; x_wconf 89' lang='lat' dir='ltr'>et</span> <span class='ocrx_word' id='word_1_250' title='bbox 1156 3882 1433 3943; x_wconf 87' lang='lat' dir='ltr'>denunciaoionem</span> <span class='ocrx_word' id='word_1_251' title='bbox 1479 3901 1516 3941; x_wconf 93' lang='lat' dir='ltr'>ac</span> 
     </span>
     <span class='ocr_line' id='line_1_31' title="bbox 284 3985 1517 4073; baseline -0.009 -17"><span class='ocrx_word' id='word_1_252' title='bbox 284 3994 545 4056; x_wconf 89' lang='lat' dir='ltr'>certificacionem</span> <span class='ocrx_word' id='word_1_253' title='bbox 582 3992 802 4073; x_wconf 88' lang='lat' dir='ltr'>predictarum,</span> <span class='ocrx_word' id='word_1_254' title='bbox 837 3990 1020 4070; x_wconf 86' lang='lat' dir='ltr'>paternitati</span> <span class='ocrx_word' id='word_1_255' title='bbox 1058 3994 1162 4049; x_wconf 87' lang='lat' dir='ltr'>vestre</span> <span class='ocrx_word' id='word_1_256' title='bbox 1188 3986 1281 4066; x_wconf 88' lang='lat' dir='ltr'>plene</span> <span class='ocrx_word' id='word_1_257' title='bbox 1315 3991 1348 4047; x_wconf 87' lang='lat' dir='ltr'>et</span> <span class='ocrx_word' id='word_1_258' title='bbox 1384 3985 1517 4046; x_wconf 88' lang='lat' dir='ltr'>fideliter</span> 
     </span>
     <span class='ocr_line' id='line_1_32' title="bbox 283 4091 1516 4177; baseline -0.006 -19"><span class='ocrx_word' id='word_1_259' title='bbox 283 4100 440 4160; x_wconf 88' lang='lat' dir='ltr'>mittimus</span> <span class='ocrx_word' id='word_1_260' title='bbox 461 4098 686 4177; x_wconf 88' lang='lat' dir='ltr'>exequendum,</span> <span class='ocrx_word' id='word_1_261' title='bbox 717 4096 904 4157; x_wconf 90' lang='lat' dir='ltr'>auctoritate</span> <span class='ocrx_word' id='word_1_262' title='bbox 925 4096 1075 4174; x_wconf 86' lang='lat' dir='ltr'>ejusdem,</span> <span class='ocrx_word' id='word_1_263' title='bbox 1103 4113 1160 4154; x_wconf 85' lang='lat' dir='ltr'>vos</span> <span class='ocrx_word' id='word_1_264' title='bbox 1185 4091 1416 4161; x_wconf 90' lang='lat' dir='ltr'>nichilominus,</span> <span class='ocrx_word' id='word_1_265' title='bbox 1442 4110 1516 4170; x_wconf 87' lang='lat' dir='ltr'>qua·</span> 
     </span>
     <span class='ocr_line' id='line_1_33' title="bbox 283 4196 1516 4284; baseline -0.01 -19"><span class='ocrx_word' id='word_1_266' title='bbox 283 4206 371 4265; x_wconf 90' lang='lat' dir='ltr'>tinus</span> <span class='ocrx_word' id='word_1_267' title='bbox 392 4206 431 4265; x_wconf 90' lang='lat' dir='ltr'>ad</span> <span class='ocrx_word' id='word_1_268' title='bbox 453 4224 511 4265; x_wconf 89' lang='lat' dir='ltr'>nos</span> <span class='ocrx_word' id='word_1_269' title='bbox 539 4204 684 4284; x_wconf 90' lang='lat' dir='ltr'>pertinet,</span> <span class='ocrx_word' id='word_1_270' title='bbox 714 4202 922 4282; x_wconf 90' lang='lat' dir='ltr'>peremptorie</span> <span class='ocrx_word' id='word_1_271' title='bbox 943 4200 1077 4261; x_wconf 79' lang='lat' dir='ltr'>citantes</span> <span class='ocrx_word' id='word_1_272' title='bbox 1102 4202 1138 4258; x_wconf 91' lang='lat' dir='ltr'>ut</span> <span class='ocrx_word' id='word_1_273' title='bbox 1159 4196 1317 4258; x_wconf 89' lang='lat' dir='ltr'>contentis</span> <span class='ocrx_word' id='word_1_274' title='bbox 1341 4196 1373 4255; x_wconf 92' lang='lat' dir='ltr'>in</span> <span class='ocrx_word' id='word_1_275' title='bbox 1396 4197 1516 4267; x_wconf 91' lang='lat' dir='ltr'>eodem,</span> 
     </span>
     <span class='ocr_line' id='line_1_34' title="bbox 282 4302 1515 4390; baseline -0.007 -21"><span class='ocrx_word' id='word_1_276' title='bbox 282 4310 432 4390; x_wconf 88' lang='lat' dir='ltr'>quatinus</span> <span class='ocrx_word' id='word_1_277' title='bbox 458 4329 512 4370; x_wconf 89' lang='lat' dir='ltr'>vos</span> <span class='ocrx_word' id='word_1_278' title='bbox 534 4310 730 4388; x_wconf 87' lang='lat' dir='ltr'>contingunt,</span> <span class='ocrx_word' id='word_1_279' title='bbox 746 4308 847 4368; x_wconf 91' lang='lat' dir='ltr'>modis</span> <span class='ocrx_word' id='word_1_280' title='bbox 868 4305 1015 4367; x_wconf 89' lang='lat' dir='ltr'>omnibus</span> <span class='ocrx_word' id='word_1_281' title='bbox 1035 4324 1144 4383; x_wconf 90' lang='lat' dir='ltr'>parere</span> <span class='ocrx_word' id='word_1_282' title='bbox 1165 4302 1332 4363; x_wconf 87' lang='lat' dir='ltr'>efficaciter</span> <span class='ocrx_word' id='word_1_283' title='bbox 1352 4302 1515 4361; x_wconf 87' lang='lat' dir='ltr'>studeatis.</span> 
     </span>
     <span class='ocr_line' id='line_1_35' title="bbox 284 4408 1517 4497; baseline -0.009 -20"><span class='ocrx_word' id='word_1_284' title='bbox 284 4418 404 4477; x_wconf 91' lang='lat' dir='ltr'>Datum</span> <span class='ocrx_word' id='word_1_285' title='bbox 433 4416 516 4497; x_wconf 89' lang='lat' dir='ltr'>apud</span> <span class='ocrx_word' id='word_1_286' title='bbox 542 4414 784 4484; x_wconf 85' lang='lat' dir='ltr'>Stebbenhethe,</span> <span class='ocrx_word' id='word_1_287' title='bbox 807 4414 862 4491; x_wconf 79' lang='lat' dir='ltr'>xij⁰</span> <span class='ocrx_word' id='word_1_288' title='bbox 883 4412 953 4473; x_wconf 90' lang='lat' dir='ltr'>Kal.</span> <span class='ocrx_word' id='word_1_289' title='bbox 984 4410 1126 4490; x_wconf 87' lang='lat' dir='ltr'>Augusti,</span> <span class='ocrx_word' id='word_1_290' title='bbox 1154 4428 1237 4469; x_wconf 90' lang='lat' dir='ltr'>anno</span> <span class='ocrx_word' id='word_1_291' title='bbox 1259 4408 1388 4468; x_wconf 92' lang='lat' dir='ltr'>Domini</span> <span class='ocrx_word' id='word_1_292' title='bbox 1409 4427 1517 4487; x_wconf 92' lang='lat' dir='ltr'>supra·</span> 
     </span>
    </p>
   </div>
   <div class='ocr_carea' id='block_1_3' title="bbox 283 4524 377 4583">
    <p class='ocr_par' dir='ltr' id='par_1_3' title="bbox 283 4524 377 4583">
     <span class='ocr_line' id='line_1_36' title="bbox 283 4524 377 4583; baseline -0.011 -1"><span class='ocrx_word' id='word_1_293' title='bbox 283 4524 377 4583; x_wconf 91' lang='lat' dir='ltr'>dicto.</span> 
     </span>
    </p>
   </div>
   <div class='ocr_carea' id='block_1_4' title="bbox 366 4643 1219 4731">
    <p class='ocr_par' dir='ltr' id='par_1_4' title="bbox 366 4643 1219 4731">
     <span class='ocr_line' id='line_1_37' title="bbox 366 4643 1219 4731; baseline -0.014 -17"><span class='ocrx_word' id='word_1_294' title='bbox 366 4653 540 4731; x_wconf 89' lang='lat' dir='ltr'>Receptum</span> <span class='ocrx_word' id='word_1_295' title='bbox 561 4655 629 4712; x_wconf 89' lang='lat' dir='ltr'>erat</span> <span class='ocrx_word' id='word_1_296' title='bbox 649 4650 709 4711; x_wconf 93' lang='lat' dir='ltr'>hoc</span> <span class='ocrx_word' id='word_1_297' title='bbox 739 4648 922 4709; x_wconf 87' lang='lat' dir='ltr'>mandatum</span> <span class='ocrx_word' id='word_1_298' title='bbox 951 4646 985 4705; x_wconf 87' lang='lat' dir='ltr'>ii⁰</span> <span class='ocrx_word' id='word_1_299' title='bbox 1006 4645 1056 4705; x_wconf 90' lang='lat' dir='ltr'>die</span> <span class='ocrx_word' id='word_1_300' title='bbox 1078 4643 1219 4723; x_wconf 87' lang='lat' dir='ltr'>Augusti.</span> 
     </span>
    </p>
   </div>
   <div class='ocr_carea' id='block_1_5' title="bbox 0 0 1938 5917">
    <p class='ocr_par' dir='ltr' id='par_1_5' title="bbox 0 0 1938 5917">
     <span class='ocr_line' id='line_1_38' title="bbox 0 0 1938 5917; baseline 0 0"><span class='ocrx_word' id='word_1_301' title='bbox 0 0 1938 5917; x_wconf 95' lang='lat' dir='ltr'> </span> 
     </span>
    </p>
   </div>
  </div>
 </body>
</html>
