3850 5917
706 668 857 748 Episcopi
884 666 1129 748 Hercsordansis.
1476 666 1536 727 245

99 904 177 945 M>-
194 904 258 947 Μ
299 895 399 976 ipsius
426 895 556 957 ecclesie
584 894 730 975 neglexit,
765 894 811 954 ita
844 900 881 955 nt
908 894 1031 973 integra
1067 913 1131 954 non
1162 892 1307 963 servavit,
1340 911 1398 953 nec
1432 891 1538 952 diruta

299 1000 496 1072 restauravit,
531 1006 660 1081 propter
697 1000 781 1080 quod
815 1004 919 1061 status
957 1000 1041 1061 dicte
1074 1000 1205 1061 ecclesie
1234 998 1449 1078 multipliciter
1484 999 1536 1060 de·

300 1104 461 1177 iormatur,
505 1111 538 1167 et
580 1106 613 1164 in
648 1105 798 1184 parochia
838 1105 877 1166 de
914 1105 1053 1165 Lectone
1088 1109 1121 1165 ct
1162 1104 1241 1166 locis
1286 1104 1398 1165 vicinis
1443 1122 1537 1183 grave

301 1211 484 1272 scandalum
519 1210 699 1271 suscitatur.
755 1210 823 1271 Nos
858 1209 954 1289 igitur
981 1208 1148 1289 pastoralis
1176 1208 1270 1270 officii
1291 1208 1432 1270 debitum
1467 1230 1537 1271 exe-

300 1322 433 1397 quentes
473 1336 530 1396 per
571 1316 811 1396 inquisicionem
846 1315 1020 1395 legitimam
1062 1315 1100 1376 de
1134 1316 1267 1376 veritate
1311 1314 1536 1395 premissorum

299 1422 423 1502 plenius
459 1422 629 1492 informati,
664 1422 806 1483 volentes
834 1421 1011 1481 animarum
1042 1423 1137 1482 saluti
1169 1421 1356 1501 prospicere,
1392 1426 1424 1482 et
1461 1421 1538 1483 dicti

300 1527 443 1589 Rectoris
474 1528 572 1588 statui
606 1526 778 1606 providere,
814 1527 950 1587 discreto
986 1527 1061 1598 viro,
1091 1527 1156 1587 filio
1182 1526 1215 1586 in
1251 1525 1377 1587 Christo
1412 1526 1537 1599 dilecto,

302 1632 451 1711 magistro
478 1631 517 1691 R.
549 1631 587 1692 de
627 1631 731 1702 Stolre,
759 1630 942 1710 presbitero,
977 1632 1056 1709 juris
1091 1631 1191 1693 civilis
1226 1631 1404 1710 professori,
1443 1652 1537 1712 quern

301 1735 402 1797 eidem
430 1736 557 1797 Rectori
578 1736 793 1815 coadjutorem
814 1736 968 1806 dedimus,
990 1736 1298 1796 administracionem
1327 1736 1537 1815 spiritualium

301 1846 333 1901 et
362 1840 582 1920 temporalium
603 1841 685 1901 dicte
714 1840 845 1902 ecclesie
872 1840 905 1899 in
933 1840 1035 1901 forma
1061 1841 1140 1921 juris
1172 1842 1317 1902 duximus
1339 1842 1537 1903 committen-

302 1947 384 2019 dam,
419 1952 602 2007 revocantes
631 1946 854 2008 nichilominus
895 1966 934 2007 ex
968 1948 1072 2009 causis
1104 1948 1265 2027 premissis
1306 1948 1430 2009 firmam
1468 1968 1537 2028 pre-

301 2053 418 2113 dictam
446 2059 597 2133 tanquam
625 2052 804 2123 invalidam,
826 2058 983 2132 quatenus
1004 2054 1043 2113 de
1064 2053 1148 2114 iacto
1168 2054 1310 2114 noscitur
1337 2054 1538 2133 processisse.

302 2158 346 2217 Et
380 2158 454 2219 licet
481 2157 623 2237 prefatus
647 2157 735 2229 Milo,
764 2178 864 2237 nepos
893 2158 969 2219 dicti
991 2158 1145 2231 Rectoris,
1178 2158 1210 2218 in
1238 2165 1348 2220 nostra
1375 2160 1539 2239 presencia

302 2263 504 2333 constitutus,
540 2283 634 2343 quem
662 2283 756 2342 super
783 2264 945 2341 premissis
977 2263 1165 2344 culpabilem
1197 2265 1385 2338 invenimus,
1413 2286 1538 2328 revoca·

303 2368 426 2429 cionem
451 2368 631 2448 hujusmodi
657 2368 866 2447 acceptaverit
894 2388 1051 2447 expresse,
1083 2374 1115 2430 et
1150 2389 1184 2431 se
1215 2374 1323 2431 nostre
1345 2370 1539 2433 ordinacioni

303 2481 335 2537 et
367 2475 494 2536 arbitrio
524 2475 556 2535 in
588 2475 647 2535 hac
671 2480 761 2554 parte
789 2474 979 2547 submiserit,
1011 2476 1200 2555 promittens
1229 2496 1263 2537 se
1291 2476 1374 2537 nolle
1395 2477 1540 2539 decatero

302 2586 376 2660 post
407 2584 439 2641 et
467 2584 577 2639 contra
604 2579 786 2658 hujusmodi
809 2580 1046 2640 revocacionem
1076 2580 1287 2642 intromittere
1322 2582 1361 2642 de
1385 2582 1541 2645 fructibus

303 2690 336 2746 et
369 2685 574 2765 proventibus
602 2685 732 2747 ecclesie
760 2690 942 2757 memorate,
970 2686 1038 2765 ipse
1080 2691 1197 2758 tamen,
1239 2692 1276 2747 ut
1317 2687 1539 2759 intelleximus,

304 2791 423 2852 dictum
450 2792 636 2871 magistrum
660 2792 698 2851 R.
734 2792 768 2851 in
802 2792 1078 2853 administracione
1112 2792 1266 2872 premissa
1303 2797 1335 2854 et
1370 2794 1540 2856 collacione

304 2898 463 2959 fructuum
491 2898 703 2977 predictorum
732 2898 906 2978 inquietare
934 2918 992 2960 seu
1020 2899 1187 2961 molestare
1215 2899 1336 2971 nititur,
1372 2905 1404 2961 et
1434 2900 1540 2961 multi·

303 3004 428 3083 pliciter
454 3004 554 3065 eciam
584 3004 776 3084 perturbare.
833 3004 986 3079 Quocirca
1017 3006 1106 3067 vobis
1137 3005 1331 3085 conjunctim
1352 3010 1385 3067 et
1414 3005 1539 3067 divisim

304 3116 413 3171 tenore
440 3110 637 3190 presencium
669 3111 897 3171 committimus
932 3117 965 3172 et
995 3111 1183 3173 mandamus
1217 3116 1373 3191 quatenus
1404 3112 1540 3173 eundem

304 3216 466 3288 Milonem,
501 3221 534 3277 et
576 3235 780 3295 quoscunque
814 3216 892 3278 alios
927 3216 1048 3277 dictum
1085 3216 1270 3296 magistrum
1312 3216 1345 3276 in
1378 3216 1542 3296 premissis

304 3321 480 3402 aliqualiter
501 3321 705 3382 molestantes
727 3322 891 3392 moneatis,
912 3328 945 3384 et
967 3322 1134 3384 efficaciter
1150 3322 1307 3384 inducatis
1328 3326 1363 3382 ut
1385 3342 1404 3382 a
1428 3323 1541 3385 moles·

304 3427 481 3489 tacionibus
522 3427 704 3508 hujusmodi
740 3428 869 3489 omnino
907 3429 1071 3489 desistant.
1128 3428 1274 3508 Alioquin
1310 3428 1396 3509 ipsos
1431 3429 1471 3489 ad
1508 3428 1541 3489 id

305 3534 492 3594 auctoritate
513 3537 622 3594 nostra
642 3554 698 3613 per
718 3553 845 3594 omnem
873 3554 1038 3595 censuram
1061 3534 1307 3595 ecclesiasticam
1335 3533 1541 3614 compellatis.

305 3641 425 3701 Datum
468 3639 551 3719 apud
593 3638 774 3719 Prestbury,
816 3639 954 3700 secunda
996 3638 1046 3700 die
1090 3638 1232 3718 Augusti,
1283 3658 1367 3699 anno
1412 3638 1542 3700 Domini

306 3745 530 3826 Mrcocuxija

306 4005 383 4084 Aac.
411 4000 659 4079 12.-Repinold
686 4000 723 4061 do
750 4000 903 4061 Mumlow
930 4000 958 4060 is
986 3998 1128 4060 obsolood
1155 4000 1241 4077 from
1270 3998 1318 4060 the
1346 4006 1481 4060 seauncc
1509 3998 1546 4077 of

428 4081 721 4144 cxcornmuaicatioo
744 4080 845 4141 which
870 4080 905 4141 hc
931 4080 993 4140 hod
1017 4080 1162 4141 iacorrccl
1186 4080 1224 4158 by
1252 4080 1398 4158 oiolcatty
1423 4078 1541 4140 attack-

428 4164 483 4243 inp
506 4162 542 4223 io
567 4162 616 4223 rho
642 4161 764 4222 caorah
788 4162 824 4242 of
847 4160 987 4240 Bosbury
1016 4160 1156 4221 Williom
1179 4160 1215 4222 dc
1244 4160 1374 4239 Wiptoa,
1399 4160 1524 4239 acolyto.

389 4330 537 4390 ervaan
559 4343 684 4387 course
705 4326 930 4386 Raoruannuu
950 4344 995 4385 nn
1015 4323 1457 4395 Mursnnowrs.-Universis,
1472 4328 1542 4395 etc..

308 4437 419 4508 Adam,
447 4440 507 4496 etc.
563 4433 695 4495 Noverit
723 4432 911 4495 universitas
939 4436 1045 4493 vestra
1072 4431 1156 4511 quod
1184 4450 1256 4492 cum
1286 4430 1477 4511 Reginaldus
1504 4430 1544 4491 de

309 4540 511 4611 Monselowe,
538 4537 589 4599 die
617 4536 785 4598 Dominica
814 4537 957 4616 proxima
987 4540 1061 4616 post
1089 4534 1206 4596 festum
1241 4540 1351 4596 sancte
1394 4534 1545 4596 Katerine

307 4644 437 4725 virginis
464 4640 605 4722 proxime
633 4660 717 4701 nunc
757 4639 953 4720 preteritum,
984 4640 1018 4699 in
1056 4638 1176 4719 capella
1210 4639 1341 4700 manerii
1376 4637 1477 4699 nostri
1505 4638 1547 4699 de

307 4749 481 4828 Bosebury,
520 4753 628 4809 nostre
666 4745 809 4818 diocesis,
848 4765 962 4807 manus
1009 4744 1165 4806 violentas
1201 4744 1234 4803 in
1275 4743 1468 4805 Willelmum
1505 4743 1546 4805 de

308 4857 514 4935 Wyggetone,
535 4851 721 4913 familiarem
745 4856 890 4913 nostrum
915 4851 1074 4921 acolitum,
1096 4849 1266 4927 injecisset,
1289 4868 1325 4909 ac
1346 4848 1379 4907 in
1407 4847 1545 4909 crastino

309 4980 417 5024 coram
449 4957 541 5020 nobis
575 4957 803 5037 comparuisset
836 4957 929 5028 idem,
969 4954 1132 5016 humiliter
1167 4954 1321 5016 confitens
1358 4953 1546 5016 violenciam

310 5066 512 5137 antedictam,
533 5068 566 5125 et
587 5068 698 5143 petens
725 5062 784 5123 sibi
804 5084 825 5125 a
852 5061 1014 5125 sentencia
1048 5059 1386 5123 excommunicacionis
1415 5057 1545 5139 majoris
