3850 5917
217 928 275 967 ιιι)
290 928 339 967 ¹³²²
389 942 608 1003 quemcunque
628 922 776 984 clericum
798 944 854 984 seu
875 923 1065 1003 religiosum,
1086 924 1148 985 nisi
1171 924 1205 984 in
1227 944 1303 985 casu
1331 944 1350 985 a
1372 944 1442 1004 Jure
1466 924 1630 1004 permisso,

388 1048 501 1088 manus
522 1028 651 1089 iniceret
679 1028 843 1101 violentas,
871 1034 1001 1109 propter
1028 1029 1122 1091 ittera
1124 1050 1175 1090 am
1203 1029 1375 1091 violentam
1404 1050 1556 1091 mannum
1583 1028 1631 1089 in-

388 1132 562 1212 jeocionem
598 1132 631 1191 in
667 1134 802 1195 eundem
837 1133 1077 1196 Wiiielmum
1069 1155 1102 1194 m
1136 1134 1265 1214 majoris
1293 1134 1632 1196 excommunicacionis

390 1238 585 1298 sentenciam
606 1259 625 1298 a
646 1258 766 1301 canone
793 1239 891 1300 latam
913 1261 947 1302 se
968 1241 1132 1302 confessus
1157 1246 1206 1303 est
1234 1261 1340 1303 coram
1360 1241 1452 1303 nobis
1480 1242 1630 1322 dampna-

390 1342 494 1403 biliter
521 1343 678 1415 incidisse,
705 1349 827 1423 petens,
856 1350 893 1405 ut
920 1345 1133 1417 credebamus,
1163 1346 1196 1405 in
1235 1346 1311 1425 spiri
1313 1351 1347 1407 tu
1313 1346 1544 1406 thumilitat
1498 1346 1573 1407 tatis
1612 1366 1631 1407 a

389 1448 454 1508 dict
441 1454 474 1508 ta
504 1449 842 1510 excommunicacionis
873 1449 1036 1511 sentencia
1067 1470 1101 1511 se
1129 1450 1257 1521 absolvi,
1289 1450 1475 1512 beneficium
1507 1451 1630 1512 absolu·

389 1552 488 1612 cionis
503 1551 562 1612 sibi
581 1572 638 1631 per
655 1572 714 1613 nos
728 1552 869 1613 oblatum
884 1558 1002 1614 temere
1019 1573 1180 1634 respuens,
1200 1554 1415 1634 juramentum
1437 1556 1475 1616 de
1491 1557 1631 1634 parendo

390 1657 547 1717 mandatis
581 1658 751 1718 nostriset
779 1658 909 1720 ecclesie
930 1659 970 1719 ab
998 1680 1036 1720 eo
1056 1664 1146 1719 exact
1148 1679 1201 1719 um
1231 1665 1372 1739 prestare
1402 1660 1632 1723 contumaciter

388 1764 553 1833 recusavit,
576 1763 679 1825 claves
700 1764 830 1826 ecclesie
853 1766 1142 1845 contempnendo'
1134 1785 1167 1825 ιιι
1196 1766 1301 1827 anime
1322 1785 1379 1827 sue
1397 1766 1571 1846 periculum
1597 1773 1632 1827 et

388 1843 571 1929 scandalum
606 1868 747 1940 aliorum,
779 1870 1003 1949 paternitatem
1035 1876 1105 1932 vast
1106 1891 1173 1931 ram
1205 1872 1393 1951 requirimus
1421 1877 1454 1933 et
1481 1892 1630 1951 rogamus

389 1979 498 2034 mutue
519 1973 745 2036 vicissitudinis
769 1980 903 2054 optentu
934 1982 1091 2055 quatenus
1116 1977 1251 2039 eundem
1276 1977 1494 2057 Reginaldum,
1519 1978 1574 2057 qui
1597 2000 1632 2040 se

389 2080 429 2139 ad
447 2100 502 2141 ves
504 2086 586 2140 tram
606 2080 756 2141 diocesim
777 2081 854 2142 dicit
841 2087 892 2142 tur
912 2086 1016 2143 transt
1003 2082 1153 2153 tulisses
1145 2102 1177 2141 ιιι
1203 2082 1343 2143 ecclesiis
1367 2089 1436 2144 vest
1438 2104 1470 2144 re
1491 2084 1631 2145 civitatis

389 2190 422 2245 et
457 2185 591 2246 diocesis
625 2186 807 2247 denunciari
841 2186 965 2248 iacietis
1002 2188 1126 2268 publice
1150 2187 1392 2267 solempniter'
1384 2208 1417 2249 m
1447 2188 1632 2267 hujusmodi

389 2291 726 2353 excommunicacionis
766 2292 962 2353 sentenciam
1004 2293 1161 2364 incidisse,
1207 2312 1371 2373 quousque
1419 2293 1632 2356 absolucionis

387 2398 526 2477 graciam
547 2398 580 2457 in
599 2399 725 2458 forma
715 2399 795 2478 Juris
816 2400 966 2460 meruerit
987 2400 1140 2479 optinere,
1164 2400 1352 2461 mandantes
1370 2420 1453 2471 eum,
1475 2401 1503 2461 si
1524 2402 1630 2482 placet

389 2504 490 2565 modis
518 2504 632 2584 quibus
660 2504 814 2584 poteritis,
843 2506 1053 2584 peremptorie
1085 2505 1175 2567 citari
1204 2506 1287 2585 quod
1316 2511 1496 2585 compareat
1524 2526 1630 2585 perso-

388 2609 467 2669 nalit
454 2615 502 2669 ter
529 2629 635 2669 coram
663 2609 754 2671 nobis
782 2610 832 2671 vel
859 2616 969 2672 nostro
997 2610 1030 2669 in
1055 2610 1114 2671 hac
1143 2616 1233 2690 parte
1261 2611 1477 2672 commissario
1501 2612 1630 2691 speciali

388 2716 422 2774 in
453 2715 585 2775 ecclesia
613 2720 721 2776 nostra
749 2716 975 2778 Heraiordensi
1004 2717 1147 2796 proximo
1172 2717 1222 2778 die
1249 2717 1383 2797 juridico
1410 2722 1483 2796 post
1511 2718 1629 2778 festum

389 2827 491 2882 sancti
467 2821 675 2882 tiJohannis
702 2822 848 2901 Baptista
870 2842 965 2902 super
992 2824 1139 2904 perjurio,
1169 2822 1340 2902 sacrilegio,
1362 2827 1395 2883 et
1417 2823 1486 2885 aliis
1511 2809 1571 2884 sibi
1592 2844 1632 2884 ex

388 2927 490 2987 officio
518 2926 690 2987 obiciendis
722 2928 951 2989 correccionem
979 2933 1011 2990 et
998 2928 1171 2990 tsaiutem
1203 2929 1307 2990 anime
1339 2948 1395 2990 sue
1426 2930 1631 3007 tangentibus

389 3052 596 3110 responsurus
617 3037 650 3092 et
674 3032 906 3111 corporaliter
896 3038 981 3111 Jurat
982 3053 1067 3104 urus,
1089 3033 1283 3113 ulteriusque
1305 3032 1369 3093 fact
1356 3037 1445 3095 turus
1467 3038 1499 3094 et
1523 3053 1629 3113 recep·

388 3143 479 3199 turus
507 3139 620 3217 quod
610 3158 662 3217 Jus
664 3138 735 3198 titia
755 3138 907 3199 suadebit.
965 3138 1009 3199 Et
996 3138 1134 3218 tquid
1126 3157 1159 3198 ιιι
1187 3138 1349 3218 premissis
1381 3137 1542 3209 duxeritis,
1567 3144 1629 3199 etc.

389 3245 508 3304 Datum
537 3245 620 3323 apud
655 3244 829 3323 Bosebury,
864 3243 953 3322 xviij⁰
988 3244 1038 3305 die
1078 3244 1198 3305 mensis
1233 3244 1330 3315 Junii,
1372 3264 1455 3304 anno
1498 3244 1629 3304 Domini

390 3350 613 3429 amoenam,

390 698 450 757 234
765 697 945 777 chiatrum
971 698 1038 761 Ado
1064 698 1101 761 de
1131 698 1255 760 Orlctoa

1850 3284 1851 3379 i

389 3630 471 3691 June
494 3628 669 3706 L-Royul
693 3626 786 3769 Βνιιζ
806 3627 975 3707 infcrminp
1000 3627 1049 3688 ιιι
1077 3626 1196 3707 Bisbop
1225 3626 1293 3687 thot
1321 3624 1494 3705 inspeetioa
1517 3625 1553 3705 os
1578 3625 1628 3686 ιιι

512 3710 673 3850 Chqqccry
697 3708 758 3769 Rol
802 3729 917 3849 Cpremes
948 3708 1016 3769 thot
1044 3708 1093 3768 the
1117 3708 1329 3787 praecaturiae
1357 3714 1386 3767 to
1414 3728 1434 3767 a
1460 3706 1629 3786 probardol

506 3798 650 3931 132qu
659 3790 696 3849 ia
723 3790 772 3850 ιιι
828 3789 926 3850 ιιινιι
948 3789 985 3869 os
1010 3789 1112 3849 Gnatia
1117 3728 1295 3867 pHoldqatc
1324 3786 1443 3866 baloaps
1473 3794 1502 3848 to
1530 3787 1628 3847 Atiae

470 4053 586 4111 Banvn
621 4070 681 4111 rao
717 4051 821 4110 Amm
864 4047 1241 4109 BuaunnM-Edwardus
1280 4052 1350 4118 stc..
1382 4046 1551 4108 venerabili
1593 4046 1627 4105 in

389 4160 495 4221 Christ
483 4164 515 4219 to
536 4163 590 4237 pat
592 4157 627 4229 ri,
578 4156 779 4228 t,tAde
747 4162 806 4218 etc.
857 4155 990 4216 Constat
1011 4154 1102 4216 nobis
1122 4174 1179 4235 per
1198 4154 1430 4233 inspeccionem
1452 4157 1501 4214 rot
1488 4151 1627 4212 utlorum

388 4264 580 4326 cancellarie
607 4268 714 4323 nostre
733 4262 817 4342 quod
836 4260 1003 4321 advocacie
1022 4260 1180 4339 porcionis
1199 4258 1329 4320 ecclesie
1349 4259 1387 4319 de
1405 4256 1627 4337 Castelholgod

387 4376 460 4451 post
495 4374 630 4429 mortem
661 4367 809 4429 Edwardi
841 4366 960 4427 Burnel
994 4365 1144 4437 defuncti,
1176 4364 1230 4444 qui
1265 4364 1304 4425 de
1338 4363 1429 4424 nobis
1458 4362 1561 4423 tenuit
1592 4363 1626 4422 in

388 4476 500 4555 capite,
522 4474 682 4553 assignata
700 4472 761 4533 fuit
780 4472 880 4542 Aline,
898 4491 958 4551 que
980 4470 1040 4531 fuit
1060 4491 1139 4531 uxor
1158 4469 1290 4550 predicti
1310 4468 1467 4539 Edwardi,
1482 4468 1627 4529 habenda

388 4582 420 4640 in
443 4580 549 4640 dotem
570 4578 672 4657 ipsam
694 4578 732 4637 de
749 4575 1010 4637 advocacionibus
1033 4574 1315 4654 ecclesiarumque
1336 4573 1463 4634 fuerunt
1483 4573 1626 4653 ejusdem

387 4685 534 4746 Edwardi
559 4684 610 4743 die
641 4702 703 4763 quo
728 4681 806 4742 obiit
836 4680 1010 4741 secundum
1044 4680 1145 4759 legem
1174 4684 1207 4740 at
1242 4678 1502 4740 consuetudinem
1538 4678 1626 4758 regni

386 4792 487 4853 nostri
518 4791 763 4869 contingentem.
819 4787 863 4847 Et
891 4786 950 4847 hec
979 4786 1068 4847 vobis
1098 4786 1311 4865 significamus
1342 4790 1378 4845 ut
1407 4785 1491 4865 quod
1520 4790 1627 4847 vestre

387 4896 541 4959 incumbit
572 4894 674 4956 officio
704 4912 800 4973 super
829 4891 1067 4971 presentacione
1098 4890 1182 4951 iacta
1224 4890 1264 4951 ad
1295 4889 1412 4951 dictam
1443 4890 1626 4970 porcionem

387 5004 518 5067 ecclesie
542 5002 681 5081 predicte
713 4998 877 5060 consultus
901 4998 1004 5059 iacere
1034 4996 1174 5058 valeatis.
1230 4996 1324 5057 Teste
1352 5016 1403 5057 me
1443 4996 1513 5075 ipso
1541 4996 1628 5076 apnd

386 5109 582 5173 Rothewelle
605 5108 708 5187 primo
734 5105 786 5167 die
812 5103 910 5175 Junii,
938 5123 1022 5164 anno
1043 5100 1252 5182 regni-nostri
1273 5100 1516 5181 quintodecimo.
1608 5166 1612 5177 ,
