3850 5917
672 713 823 793 Episcopi
850 714 1094 794 Horcsordcrasis.
1462 715 1502 775 61

121 947 165 986 ab·
178 949 223 987 ¹³¹⁸
344 941 389 1000 Et
413 941 522 1001 statim
550 941 582 1000 in
608 941 746 1002 crastino
770 940 929 1001 commisit
958 941 1105 1000 dominus
1133 940 1283 1019 magistro
1312 940 1435 1019 Rogero
1463 943 1504 1001 de

263 1047 339 1125 O[r]
349 1047 454 1108 letone
483 1051 515 1108 et
550 1047 709 1114 Willelmo
744 1048 782 1107 de
809 1047 979 1118 Strettone,
1005 1045 1133 1107 Rectori
1160 1046 1292 1107 ecclesie
1316 1047 1356 1107 de
1380 1047 1502 1119 Rethir,

263 1153 439 1215 custodiam
475 1173 531 1214 seu
564 1153 873 1214 administracionem
906 1152 1140 1231 spiritualitatis
1179 1152 1321 1231 ejusdem
1349 1152 1502 1213 archidia-

263 1263 396 1320 conatus
428 1258 570 1319 vacantis
600 1278 657 1336 per
687 1277 762 1318 suas
791 1263 938 1337 patentes
969 1258 1092 1319 litteras
1122 1259 1242 1319 tenoris
1277 1258 1330 1337 qui
1359 1258 1505 1338 superius

263 1364 452 1425 continetur.

262 1621 333 1681 Feb.
360 1620 516 1681 13.-Tia
540 1620 659 1699 Bishop
683 1620 826 1699 cppoiois
853 1620 901 1680 the
928 1619 1049 1697 Officiai
1075 1628 1104 1680 to
1129 1620 1162 1680 bc
1190 1619 1283 1680 Vicor
1308 1620 1441 1681 (iecerat
1466 1622 1502 1680 ira

387 1701 435 1762 bis
463 1702 596 1762 cbsccoc.
648 1700 721 1762 Aiso
741 1700 950 1762 commissioos
974 1701 1040 1761 irim
1060 1707 1089 1761 io
1110 1700 1234 1779 inquire
1254 1700 1321 1762 icto
1344 1701 1392 1760 iiic
1412 1702 1501 1781 offer-

386 1783 454 1860 a'oqs
476 1789 509 1842 ot
531 1783 580 1842 the
600 1781 699 1860 irroga
720 1782 755 1862 os
773 1782 821 1842 tiae
846 1782 956 1859 Virqira
976 1782 1012 1841 ic
1033 1781 1083 1842 the
1105 1781 1230 1842 Cicrcb
1249 1783 1285 1861 os
1301 1782 1437 1860 Modley.

345 1938 588 1999 Memorandum
613 1938 696 2016 quod
726 1937 872 1998 dominus
901 1937 1080 2016 Episcopus
1108 1936 1267 1998 commisit
1288 1937 1504 2017 cognicionem

264 2043 497 2126 spiritualitatis
522 2043 645 2103 officiali
670 2063 728 2104 suo
752 2049 788 2102 ut
816 2043 932 2103 vicario
960 2063 1018 2103 suo
1043 2044 1077 2102 in
1105 2043 1251 2105 absencia
1278 2043 1415 2123 generali
1444 2044 1504 2104 sub

266 2149 366 2211 forma
398 2169 459 2229 que
490 2149 633 2227 superius
658 2149 846 2219 continetur,
886 2149 953 2228 xiij⁰
981 2149 1031 2209 die
1063 2150 1182 2210 mensis
1217 2149 1387 2221 Februarii,
1419 2171 1505 2210 anno

268 2256 397 2316 Domini
420 2254 645 2334 M⁰ccc⁰xvijs

348 2386 432 2446 ltem
457 2385 616 2445 commisit
635 2385 745 2453 eidem,
768 2386 818 2446 die
838 2386 990 2464 predicto,
1016 2385 1231 2465 cognicionem
1256 2392 1289 2447 et
1313 2384 1504 2448 decisionem

267 2491 464 2553 oblacionum
500 2491 540 2550 ad
578 2491 757 2570 ymaginem
792 2491 883 2552 beate
921 2491 1023 2552 Mario
1054 2491 1184 2571 virginis
1226 2491 1259 2550 in
1293 2492 1426 2552 ecclesia
1467 2493 1506 2552 de

268 2596 413 2658 Maddele
434 2597 689 2675 proveniensium
708 2617 845 2657 unacum
864 2596 1094 2657 venerabilibus
1115 2597 1200 2668 viris,
1220 2597 1357 2658 dominis
1377 2599 1507 2659 Decano

266 2709 298 2763 et
318 2702 466 2782 Capitulo
486 2702 780 2772 Hereiordensibus‚
803 2707 897 2781 prout
918 2702 1050 2763 inferius
1070 2703 1260 2764 continetur.

268 2969 707 3032 Fot.14.—Oommissiocio
731 2969 780 3030 ihc
807 2969 928 3047 Officioi
950 2977 979 3031 to
1004 2970 1127 3048 inquire
1151 2971 1284 3031 wbctlaer
1309 2971 1358 3031 tbc
1387 2971 1504 3049 Obcpel

388 3051 424 3130 of
441 3051 587 3110 Aloosioo
608 3051 635 3110 is
657 3051 760 3111 scroeci
782 3051 820 3129 by
843 3051 890 3111 ibe
912 3051 1024 3112 Rcoior
1043 3052 1079 3132 os
1096 3052 1194 3112 Actora
1216 3053 1309 3112 Scott.

346 3208 531 3268 Oouurssm
560 3223 661 3265 riori
697 3205 866 3266 Orsrorsnr
899 3206 1160 3267 Haasroenassr
1195 3224 1237 3266 in
1269 3224 1503 3279 rucumasnuu

268 3331 381 3374 ursuni
410 3329 556 3372 carauni
585 3329 629 3370 us
653 3311 873 3372 Anuaussosn
905 3329 1027 3371 arensi
1049 3331 1099 3372 err
1131 3313 1418 3385 sousa-Adam,
1444 3321 1504 3386 etc,

267 3419 380 3480 dilecto
402 3417 435 3476 in
454 3416 580 3477 Christo
599 3416 673 3487 filio,
696 3415 829 3476 Officiali
848 3437 906 3477 suo
924 3416 1068 3487 salutem,
1088 3423 1148 3478 etc.
1191 3418 1272 3491 Quia
1288 3418 1503 3480 intelleximus

267 3525 348 3604 quod
374 3524 408 3582 in
440 3521 559 3600 capella
580 3522 618 3582 de
643 3522 847 3582 Alkamstone
874 3522 1074 3600 parochianis
1098 3523 1239 3601 ejusdem
1268 3523 1422 3584 hactenus
1449 3544 1508 3602 per

267 3631 435 3691 Rectorem
454 3627 553 3707 ipsius
573 3626 622 3688 vel
645 3647 737 3687 suum
757 3626 977 3706 presbyterum
997 3633 1194 3687 sacramenta
1214 3632 1247 3688 et
1266 3628 1507 3689 sacramentalia

267 3734 497 3801 ministrantur,
532 3738 564 3792 et
592 3739 686 3811 prout
724 3737 812 3810 patet
850 3732 882 3791 in
911 3732 1043 3811 registro
1081 3732 1162 3793 bone
1201 3733 1351 3793 memorie
1385 3734 1505 3793 domini

266 3838 497 3920 predecessoris
525 3837 626 3898 nostri
658 3837 801 3916 proximi,
826 3837 989 3898 iohannes
1018 3839 1058 3899 de
1086 3838 1249 3918 Kyneleye
1271 3839 1365 3899 talem
1394 3840 1506 3901 habuit

266 3944 505 4008 institucionem
537 3944 570 4002 in
595 3943 672 4022 ipsa,
704 3943 786 4004 siout
815 3944 868 4003 alii
894 3944 1044 4005 Rectores
1069 3944 1101 4003 in
1127 3944 1267 4006 ecclesiis
1295 3965 1352 4006 seu
1374 3947 1505 4026 capellis

265 4051 392 4120 curatis,
422 4049 496 4109 licet
520 4048 633 4109 nobilis
655 4049 702 4108 vir
726 4049 872 4109 dominus
896 4049 1010 4110 Comes
1035 4049 1215 4110 Arundellie
1240 4050 1280 4110 ad
1301 4051 1402 4129 ipsam
1433 4058 1502 4112 tan-

265 4177 359 4236 quam
393 4155 524 4215 liberam
556 4155 648 4214 modo
683 4159 853 4233 presentet,
886 4161 918 4214 et
952 4154 1119 4234 inquisioio
1157 4156 1197 4215 ad
1230 4156 1503 4234 presentacionem

267 4259 448 4342 hujusmodi
477 4259 561 4320 lacta
583 4280 690 4320 curam
719 4260 893 4319 animarum
923 4259 1065 4339 ejusdem
1092 4260 1240 4339 parochie
1269 4262 1309 4321 ad
1337 4262 1505 4323 Rectorem

266 4369 303 4430 de
324 4369 447 4428 Actone
470 4365 544 4427 Scot
561 4372 681 4427 asserat
698 4367 862 4444 pertinere,
882 4365 1002 4424 nullam
1018 4385 1146 4425 causam
1166 4366 1387 4427 racionabilem
1402 4388 1501 4428 asser-

268 4475 365 4536 cionis
387 4473 569 4551 hujusmodi
586 4472 809 4551 protendendo,
827 4491 885 4532 nos
903 4471 1044 4533 volentes
1061 4491 1156 4552 super
1174 4472 1236 4532 hiis
1250 4493 1306 4551 per
1322 4493 1505 4551 processum

267 4580 407 4641 debitum
428 4578 553 4657 plenius
569 4577 740 4648 informari,
763 4597 803 4637 ne
820 4597 895 4638 cura
911 4578 1088 4637 animarum
1105 4578 1367 4656 parochianorum
1384 4583 1503 4660 capelle

267 4689 406 4767 predicte
426 4705 483 4765 per
504 4704 770 4764 quorumcunque,
793 4684 876 4764 quod
908 4676 1000 4754 absit,
1022 4684 1175 4744 desidiam
1207 4685 1390 4764 negligatur,
1416 4687 1505 4748 vobis

267 4791 495 4852 committimus
533 4794 566 4851 et
604 4789 789 4849 mandamus
824 4789 983 4868 quatinus,
1018 4789 1139 4849 vocatis
1174 4789 1258 4849 dicto
1295 4789 1430 4851 Rectore
1465 4793 1504 4852 de

270 4897 387 4958 Actone
421 4896 496 4958 Soet
526 4901 558 4956 et
590 4896 703 4957 ceteris
737 4915 870 4976 quorum
899 4895 1031 4956 interest
1059 4915 1131 4955 cum
1160 4894 1238 4974 ipso,
1270 4901 1302 4956 et
1330 4895 1400 4957 aliis
1428 4898 1504 4960 viris

269 5003 442 5084 fidedignis,
474 5001 640 5083 inquiratis
675 5003 713 5064 de
747 5002 909 5081 premissis
942 5001 1138 5080 quamoicius
1168 5003 1332 5062 commode
1358 5003 1504 5081 poteritis

269 5109 452 5190 diligencius
481 5108 655 5180 veritatem,
691 5114 727 5168 ut
761 5128 817 5188 per
852 5106 1033 5186 hujusmodi
1070 5106 1320 5186 inquisicionem,
1356 5113 1389 5169 et
1426 5107 1505 5171 elias
