3850 5917
241 935 299 976 Μ).
315 937 369 975 1318,

239 3907 297 3948 M).
312 3909 367 3948 1³19.

412 706 471 766 102
785 707 965 786 Raetiarum
992 710 1057 771 Adc
1084 711 1121 771 dc
1151 712 1274 773 Orbtoc

412 931 556 992 videlicet
591 932 624 992 in
658 933 798 1005 ecclesia,
834 934 981 1007 claustro,
1013 936 1186 1008 refectorio,
1221 945 1254 999 et
1288 939 1471 1001 dormitorio
1505 941 1647 1003 districte

412 1042 564 1108 teneatur,
602 1043 634 1099 et
668 1039 752 1118 quod
787 1040 891 1119 turpia
927 1045 1002 1101 vota
1037 1048 1069 1102 et
1104 1042 1283 1120 juramenta
1318 1063 1503 1124 quecunque
1539 1046 1648 1108 illicita

410 1144 540 1204 omnino
561 1144 692 1225 singulis
720 1146 879 1207 'canonicis
907 1146 1024 1227 ubique
1050 1147 1287 1208 interdicantur.
1330 1149 1414 1210 Item
1438 1151 1647 1231 dampnamus

410 1250 672 1311 consuetudinem
714 1270 770 1311 seu
813 1252 1023 1331 corruptelam
1065 1253 1253 1314 minucionis
1294 1255 1455 1334 sanguinis
1493 1257 1647 1320 hactenus

413 1355 621 1427 observatam,
643 1362 691 1418 set
720 1357 903 1417 minuantur
925 1358 1051 1438 quando
1071 1364 1205 1438 oportet,
1226 1365 1259 1420 et
1279 1364 1355 1421 tunc
1376 1360 1494 1441 absque
1514 1364 1645 1424 dissolu-

415 1460 506 1522 oione
520 1460 624 1542 aliqua
644 1468 677 1522 et
698 1461 864 1523 cantilenis
880 1463 1057 1524 inhonestis
1071 1469 1104 1524 et
1123 1464 1254 1526 minutis
1267 1465 1461 1527 deserviatur
1474 1470 1647 1529 secundum

410 1567 643 1630 ordinacionem
673 1568 803 1629 Abbatis
831 1569 864 1628 in
892 1569 1089 1630 victualibus.
1132 1571 1215 1631 ltem
1240 1572 1323 1651 quod
1347 1573 1453 1634 nullus
1477 1575 1647 1636 canonicus

410 1678 558 1752 parentes
582 1673 631 1734 vel
661 1673 779 1734 amieos
810 1693 884 1734 suos
915 1674 955 1733 ad
991 1675 1217 1736 monasterium
1247 1677 1410 1738 venientes
1436 1677 1520 1738 ultra
1549 1699 1647 1739 unam

410 1780 564 1840 diem-vel
585 1785 710 1841 noctem
739 1780 853 1840 audeat
884 1781 1028 1852 retinere,
1061 1782 1122 1842 nisi
1153 1802 1248 1842 causa
1276 1783 1430 1844 adventus
1455 1785 1504 1845 sui
1532 1784 1646 1846 Abbati

410 1885 553 1964 exposita
594 1885 667 1946 talis
703 1885 796 1946 fuerit
824 1906 885 1966 que
921 1887 1095 1947 secundum
1128 1887 1280 1967 judicium
1312 1888 1443 1950 Abbatis
1473 1889 1645 1970 longiorem

410 2011 530 2052 moram
551 1997 708 2071 exposcat.
751 1991 835 2052 Item
856 1993 1038 2053 ordinamus
1059 1993 1143 2072 quod
1167 1994 1271 2054 dictus
1299 1995 1395 2055 frater
1419 1995 1584 2076 Philippus
1605 1998 1645 2057 ad

409 2095 586 2174 prandium,
608 2115 728 2167 cenam,
750 2115 806 2156 sen
827 2095 1031 2157 collacionem
1052 2097 1219 2158 canonicos
1247 2104 1334 2159 extra
1358 2099 1557 2160 refectorium
1581 2121 1645 2161 non

408 2203 530 2273 invitet,
551 2223 610 2263 nec
632 2203 762 2282 recipiat
783 2203 816 2262 in
835 2223 992 2262 cameram
1010 2223 1100 2263 suam
1117 2203 1178 2263 nisi
1196 2204 1296 2282 petita
1316 2210 1348 2265 et
1365 2211 1495 2284 optenta
1515 2205 1646 2267 licencia

409 2310 449 2371 ab
478 2309 607 2381 Abbate,
637 2311 687 2370 vel
718 2310 750 2368 in
786 2310 855 2389 ejus
887 2307 1034 2369 absencia
1068 2330 1087 2368 a
1112 2309 1229 2379 Priore,
1259 2315 1291 2370 et
1312 2316 1389 2370 tuno
1423 2331 1521 2370 unum
1542 2311 1643 2372 solum

411 2417 524 2477 habeat
560 2422 592 2477 et
626 2437 683 2495 pro
716 2437 754 2477 eo
782 2422 922 2495 tempore
958 2436 1021 2495 quo
1049 2435 1121 2476 eum
1151 2416 1265 2476 habere
1292 2417 1425 2478 voluerit
1456 2417 1576 2478 socium
1605 2419 1645 2478 ad

412 2522 612 2583 relectorium
640 2521 747 2581 mittat
780 2521 848 2582 loco
878 2521 936 2591 sui,
975 2520 1037 2582 nisi
1064 2521 1104 2581 ab
1139 2521 1260 2582 Abbate
1293 2523 1344 2582 vel
1377 2523 1485 2584 Priore
1511 2524 1646 2603 amplior

411 2629 542 2690 licencia
563 2629 760 2688 concedatur.
804 2627 964 2688 Premissa
982 2627 1088 2687 omnia
1101 2633 1134 2687 et
1148 2627 1270 2706 singula
1287 2627 1320 2687 in
1336 2627 1453 2689 virtute
1466 2628 1646 2691 obediencie

416 2735 549 2796 firmiter
568 2734 759 2814 precipimus
782 2732 960 2804 observari;
989 2733 1120 2813 quodsi
1145 2734 1312 2813 quisquam
1340 2735 1508 2795 canonicus
1536 2741 1646 2796 contra

411 2841 564 2920 premissa
595 2840 724 2911 venerit,
756 2839 805 2900 vel
837 2839 964 2918 aliquod
991 2839 1225 2919 premissorum,
1251 2844 1282 2900 et
1311 2845 1383 2918 post
1411 2839 1517 2899 binam
1544 2841 1644 2901 moni-

409 2948 532 3008 cionem
554 2945 683 3006 Abbatis
712 2945 895 3007 inobediens
916 2945 949 3004 in
970 2965 1028 3006 sua
1058 2944 1226 3006 rebellione
1246 2950 1279 3004 et
1310 2944 1434 3005 malicia
1456 2953 1644 3024 perseveret,

410 3054 515 3132 ipsum
543 3052 625 3112 sicut
652 3071 743 3112 ovem
771 3051 947 3112 morbidam
974 3051 1170 3112 decrevimus
1198 3071 1216 3110 a
1240 3051 1430 3112 monasterio
1457 3051 1644 3123 eiciendum,

407 3165 440 3220 et
461 3157 607 3218 adalind
628 3157 854 3218 monasterium
885 3157 925 3216 ad
945 3156 1156 3236 peragendam
1176 3155 1386 3235 penitenciam
1411 3157 1643 3227 destinandum,

411 3265 527 3326 ibidem
549 3269 743 3324 moraturum
768 3283 931 3343 quousque
958 3283 1015 3342 per
1038 3283 1097 3323 nos
1121 3267 1153 3323 et
1178 3261 1332 3322 Abbatem
1352 3262 1446 3323 fuerit
1469 3268 1643 3323 revocatus.

491 3395 575 3456 Istas
610 3394 825 3456 ordinacioncs
852 3393 1024 3472 publicavit
1051 3393 1198 3453 dominus
1228 3393 1402 3473 Episcopus
1434 3394 1466 3452 in
1498 3393 1644 3472 Capitulc

407 3501 543 3562 Abbacie
570 3501 710 3580 predicte
740 3501 791 3560 die
814 3499 941 3560 Sabbati
962 3500 995 3558 in
1017 3499 1155 3560 crastino
1183 3500 1254 3560 festi
1282 3499 1365 3560 beati
1386 3500 1506 3561 Thome
1535 3500 1643 3560 Archi-

405 3608 544 3688 episcopi
565 3613 597 3668 et
619 3607 775 3686 martyris,
797 3627 880 3667 anno
909 3605 1039 3667 Domini
1067 3605 1302 3684 mucosum

410 3875 483 3937 Feb.
512 3875 648 3936 2.-Tte
681 3874 801 3953 Bichop
832 3872 1040 3934 conamisar'om
1072 3872 1122 3933 the
1155 3873 1253 3942 Deua,
1286 3873 1335 3932 the
1364 3873 1552 3944 Glmrrocllor,
1580 3875 1644 3934 aad

534 3957 637 4017 Jcntcs
662 3955 699 4016 dc
721 3955 849 4032 Heulqp
875 3961 904 4014 to
928 3961 979 4014 act
1000 3954 1051 4030 sor
1076 3953 1141 4013 binc
1165 3953 1200 4012 ie
1224 3953 1272 4013 the
1295 3961 1407 4014 naottcr
1428 3955 1463 4032 of
1482 3953 1643 4034 depricinp

532 4038 634 4097 Homo
661 4036 697 4096 dc
722 4034 890 4095 Socdwt'ch
913 4035 949 4112 of
971 4035 1019 4095 the
1042 4035 1177 4113 prcbcrrd
1197 4035 1232 4112 os
1251 4034 1371 4094 Putsou
1393 4034 1503 4103 ortator,
1528 4036 1592 4095 arrd
1611 4037 1648 4114 of

533 4117 581 4178 tte
602 4117 732 4193 Rectory
754 4117 790 4195 of
813 4115 1021 4176 Whitboumc.
1076 4116 1102 4174 A
1124 4115 1248 4175 similer
1270 4114 1471 4176 Commisaiou
1490 4115 1519 4176 is
1539 4116 1643 4177 irsucd

532 4206 561 4260 to
588 4197 718 4258 Thorace
741 4197 777 4257 dc
804 4196 935 4268 Orlctou¹
959 4196 1071 4256 Rector
1094 4197 1130 4274 of
1153 4196 1234 4256 Aclc.

491 4367 736 4427 Oonnrssrouns
757 4381 882 4424 course
911 4363 954 4422 H.
983 4381 1026 4422 ns
1057 4362 1390 4434 Santonico—Adam,
1419 4368 1489 4433 etc,
1518 4363 1641 4426 dilectis

406 4471 439 4531 in
485 4471 611 4532 Christo
652 4469 734 4539 filiis,
777 4470 914 4540 Deciano,
957 4469 1159 4539 cancellario,
1200 4474 1233 4529 et
1274 4468 1401 4529 domino
1442 4469 1561 4530 Jacobo
1602 4471 1641 4531 de

412 4576 566 4656 Henleye,
586 4576 736 4636 canonico
755 4579 862 4635 nostre
883 4573 1072 4634 cathedralis
1086 4573 1217 4635 ecclesie
1231 4573 1481 4644 Herelordensis‚
1497 4575 1640 4647 salutem,

410 4689 469 4744 etc.
526 4681 574 4742 Ad
602 4681 801 4750 audiendum,
834 4680 1095 4758 cognoscendum,
1123 4684 1155 4740 et
1186 4679 1417 4759 procedendum
1449 4679 1481 4738 in
1512 4683 1643 4760 negocio

408 4787 612 4849 ammocionis
634 4807 689 4848 seu
710 4786 898 4868 privacionis
919 4805 956 4846 cx
978 4785 1079 4845 officio
1100 4790 1208 4845 nostro
1228 4789 1337 4844 contra
1358 4783 1400 4843 H.
1422 4783 1461 4844 de
1476 4785 1641 4848 Sandwico

406 4893 459 4973 qui
483 4913 516 4954 se
537 4893 617 4972 gerit
637 4912 693 4970 pro
713 4890 863 4952 canonico
886 4889 919 4949 in
942 4895 1050 4950 nostra
1069 4890 1239 4950 cathedrali
1255 4889 1386 4950 ecclesia
1406 4890 1639 4965 Herefordensi,

405 5019 441 5059 ac
465 4997 669 5078 prebendario
692 4997 730 5058 de
751 4997 945 5067 Pottestone‚
969 5001 1002 5056 et
1032 4995 1167 5056 Rectore
1194 4995 1324 5055 ecclesie
1353 4995 1391 5055 de
1420 4995 1639 5069 Whitboume,

407 5109 515 5166 nostre
546 5104 687 5174 diocesis,
720 5123 824 5163 coram
848 5101 938 5162 nobis
966 5108 999 5163 et
1023 5101 1246 5162 commissuriis
1273 5101 1391 5161 nostris
1422 5107 1517 5172 moto,
1539 5103 1638 5176 vobis,
