3850 5917
434 704 494 763 320
808 702 988 781 Reqietram
1014 702 1079 763 Ado
1106 702 1144 762 dc
1173 702 1295 762 Orlctoa

262 935 321 975 w·
336 935 392 975 ¹³²⁴·
435 930 590 1009 aliquibus
612 931 693 991 infra
714 932 845 991 eandem
874 930 1024 991 forestam
1045 929 1301 1010 provenientibus
1322 927 1478 1008 spoliavit.
1498 928 1671 1007 spoliareve

434 1037 604 1107 mandavit,
627 1058 682 1098 sou
705 1038 947 1118 occupacionem
968 1043 1001 1097 et
1022 1037 1244 1116 spoliaoionem
1267 1035 1448 1115 hujusmodi
1467 1035 1594 1095 nomine
1612 1053 1670 1095 suo

435 1141 534 1203 factas
569 1148 654 1203 ratas
689 1142 799 1203 habuit
831 1143 949 1222 pariter
979 1148 1012 1203 et
1043 1148 1197 1221 acceptas.
1251 1140 1394 1222 Cumque
1424 1160 1498 1221 pars
1528 1140 1669 1219 ejusdem

434 1247 542 1325 patris,
565 1247 684 1308 domini
707 1248 924 1309 Landavensis
953 1247 1113 1327 Episcopi,
1135 1247 1252 1308 advos
1283 1246 1429 1326 congruis
1449 1246 1518 1307 loco
1538 1250 1571 1307 et
1591 1251 1669 1306 tem-

434 1372 510 1430 pore
531 1354 692 1425 accedens,
724 1357 756 1414 et
787 1353 942 1433 premissa
962 1353 1052 1414 vobis
1084 1353 1257 1423 insinuans,
1289 1373 1308 1412 a
1339 1352 1427 1413 vobis
1452 1372 1524 1412 cnm
1544 1352 1671 1431 justicia

433 1457 539 1517 debita
559 1458 723 1537 petivisset
744 1459 828 1539 quod
849 1459 983 1519 eundem
999 1458 1202 1537 Radulphum
1225 1458 1265 1518 ad
1285 1463 1388 1519 certos
1409 1458 1492 1518 diem
1514 1462 1546 1518 et
1566 1458 1670 1517 locum

435 1583 540 1624 coram
572 1564 660 1625 vobis
682 1564 730 1625 vel
764 1565 988 1626 commissario
1019 1569 1133 1634 vestro,
1165 1563 1287 1643 prefato
1315 1563 1443 1625 domino
1471 1562 1670 1623 Landavensi

434 1668 593 1749 Episcopo
628 1690 722 1749 super
755 1669 918 1749 premissis
947 1670 986 1730 de
1018 1670 1146 1750 justicia
1183 1688 1408 1748 responsurum
1445 1668 1590 1729 feceretis
1630 1668 1671 1727 ad

435 1775 584 1852 judiciam
600 1775 737 1858 evocari,
762 1796 818 1836 vos
841 1780 964 1855 partem
996 1775 1097 1854 ipsius
1125 1775 1170 1836 sio
1200 1780 1361 1854 petentem
1389 1774 1534 1835 exaudire
1554 1778 1587 1834 et
1606 1773 1671 1852 jus·

434 1878 542 1941 ticiam'
563 1880 622 1941 sibi
643 1880 675 1940 in
697 1881 757 1941 hac
772 1887 862 1961 parte
883 1879 1021 1941 debitam
1041 1881 1143 1941 facere
1163 1900 1228 1941 non
1249 1880 1392 1951 curastis,
1410 1885 1459 1940 set
1475 1879 1547 1959 plus
1565 1879 1671 1940 debito

291 2013 330 2049 ·0.
373 2039 378 2049 .
436 1985 612 2047 distulistis.
669 1986 763 2047 Unde
793 2006 867 2065 pars
888 1986 1030 2065 ejusdem
1053 1984 1171 2045 domini
1202 1984 1417 2045 Laudavensis
1448 1984 1599 2063 Episcopi
1630 1983 1671 2043 ad

435 2110 493 2151 nos
522 2092 675 2151 accedens
699 2091 758 2152 sibi
787 2111 882 2169 super
903 2092 962 2151 hoo
984 2111 1040 2169 per
1071 2111 1129 2152 nos
1160 2090 1199 2151 de
1223 2090 1361 2151 remedio
1392 2090 1548 2169 provideri
1578 2089 1671 2168 petiit

435 2202 600 2276 oportuno.
656 2197 809 2258 Nolentes
842 2197 936 2276 igitur
966 2196 1108 2276 predicto
1135 2196 1218 2275 patri
1246 2195 1278 2255 in
1307 2216 1365 2256 sua
1395 2195 1505 2255 deesse
1534 2194 1669 2274 justicia,

435 2302 527 2363 sicuti
559 2322 618 2363 neo
648 2302 807 2373 debemus,
840 2301 928 2362 vobis
963 2321 1036 2362 cum
1064 2321 1102 2362 ea
1128 2322 1191 2382 qua
1211 2302 1301 2363 decet
1331 2301 1510 2362 reverencia
1540 2300 1672 2361 firmiter

436 2408 628 2487 injungendo
663 2409 850 2469 mandamus
882 2408 1041 2488 quatinus,
1075 2406 1102 2468 si
1137 2412 1185 2467 est
1220 2406 1273 2478 ita,
1309 2406 1390 2466 inira
1424 2406 1519 2465 unius
1553 2404 1672 2465 mensis

429 2513 578 2592 spacium
609 2534 627 2573 a
661 2517 802 2593 tempore
838 2513 1031 2591 rocepcionis
1058 2512 1257 2591 presencium
1291 2512 1440 2572 continue
1474 2509 1669 2579 numerandi.

435 2625 579 2681 cessante
615 2619 760 2699 legitimo·
789 2620 1025 2699 impedimento,
1060 2619 1202 2698 predicto
1229 2618 1312 2697 patri
1340 2617 1513 2679 exhibeatis
1543 2616 1576 2676 in
1611 2617 1671 2676 hac

436 2732 525 2805 parte
556 2726 681 2805 justicie
706 2726 982 2805 complementum.
1039 2725 1186 2805 Alioquin
1207 2725 1312 2786 citetis
1346 2744 1402 2785 seu
1430 2723 1519 2784 citeri
1548 2722 1672 2784 faciatis

435 2831 644 2911 peremptorie
664 2832 840 2911 predictum
865 2831 1078 2910 Radulphum,
1101 2831 1267 2891 Rectorem
1288 2830 1327 2891 de
1351 2829 1517 2900 Bikenore‚
1538 2834 1670 2908 partem,

434 2941 470 2997 ut
491 2937 693 3017 premittitur,
718 2937 921 3017 querelatam,
946 2937 1031 3017 quod
1050 2942 1230 3016 compareat
1251 2955 1356 2996 coram
1376 2936 1468 2996 nobis
1488 2935 1538 2997 vel
1561 2941 1672 2995 nostm

434 3043 657 3105 Commissario
685 3044 718 3102 in
753 3043 884 3104 ecclesia
918 3042 1009 3104 beate
1036 3042 1136 3103 Mario
1163 3043 1202 3103 de
1230 3042 1558 3111 Aldermariechirche,
1588 3042 1670 3101 Lon·

435 3149 547 3220 doniis,
569 3148 691 3210 decimo
712 3148 762 3210 die
781 3148 915 3229 juridico
936 3153 1009 3228 post
1029 3148 1153 3227 lapsum
1185 3148 1261 3208 dicti
1293 3148 1411 3208 mensis
1435 3148 1467 3206 in
1489 3146 1670 3226 hujusmodi

433 3255 559 3334 querele
593 3254 722 3333 negocio
748 3254 837 3334 juxta
873 3254 973 3333 ipsius
1001 3254 1185 3333 qualitatem
1221 3257 1253 3314 et
1277 3258 1422 3312 naturam
1456 3272 1669 3332 processurus,

434 3360 584 3430 facturus,
606 3365 638 3421 et
659 3364 842 3439 recepturus
863 3359 947 3439 quod
968 3359 1094 3436 justicia
1121 3358 1274 3419 suadebit.
1330 3360 1379 3419 De
1400 3359 1450 3419 die
1471 3379 1544 3419 vero
1565 3379 1669 3439 recep·

434 3464 543 3535 olonis,
565 3469 624 3525 etc.
680 3465 799 3524 Datum
822 3464 904 3543 apud
927 3463 1125 3543 Bromleghe,
1156 3464 1224 3543 viij⁰
1249 3464 1326 3525 Idus
1357 3464 1554 3534 Novembris,
1586 3484 1670 3526 anno

434 3570 563 3630 Domini
585 3570 804 3631 M⁰OOO⁰xxv⁰.
841 3569 931 3630 Licet
951 3570 1047 3649 igitur
1067 3570 1119 3630 vix
1140 3571 1265 3632 credere
1284 3570 1443 3631 valeamus
1462 3572 1546 3651 quod
1560 3571 1669 3648 hujus·

360 3752 364 3759 ·
435 3676 519 3737 modi
541 3677 667 3757 querela
692 3678 886 3739 emanaverit
910 3677 949 3737 de
979 3677 1176 3738 consciencia
1197 3678 1273 3738 dicti
1294 3678 1408 3749 Patris,
1429 3697 1501 3738 cum
1530 3699 1588 3739 nos
1609 3679 1669 3739 sibi

435 3788 467 3843 et
492 3782 638 3844 omnibus
662 3784 700 3843 de
721 3783 960 3863 quibuscunque
977 3782 1129 3861 subjectis
1151 3783 1269 3844 nostris
1285 3784 1549 3863 conquerentibus
1567 3785 1670 3864 parati

433 3888 582 3949 continue
603 3889 755 3949 fuerimus
769 3895 802 3949 et
822 3889 921 3949 simus
943 3888 976 3947 in
998 3894 1106 3949 nostra
1134 3888 1229 3950 Curia
1249 3909 1306 3950 seu
1326 3889 1489 3951 audiencia
1508 3890 1670 3967 justiciam

432 3994 586 4066 exhibere,
610 3996 702 4055 etad
724 3994 755 4054 id
776 4015 833 4055 vos
855 3995 888 4054 in
910 3994 1010 4055 nostri
1032 3993 1182 4055 Officialis
1203 3995 1349 4056 absencia
1373 3996 1554 4057 duxerimus
1574 3997 1669 4076 depu-

433 4102 555 4172 tandos,
585 4121 622 4163 ex
646 4099 842 4161 habundanti
871 4106 978 4161 tamen
1000 4106 1138 4162 vestram
1169 4101 1367 4181 diligenciam
1388 4102 1553 4163 excitando
1580 4102 1671 4164 vobis

433 4204 661 4265 committimus
700 4210 732 4265 et
756 4204 944 4264 mandamus
979 4204 1129 4284 quatinus
1163 4206 1283 4266 vocatis
1313 4206 1455 4286 partibus
1487 4207 1520 4265 in
1546 4207 1670 4286 prelato

434 4310 562 4389 negocio
597 4310 687 4388 juxta
721 4308 821 4388 ipsius
852 4310 1037 4389 qualitatem
1066 4317 1098 4372 et
1129 4316 1275 4372 naturam
1304 4318 1398 4391 prout
1424 4312 1546 4391 justum
1574 4311 1669 4373 fuerit

432 4416 618 4496 procedatis,
641 4415 825 4477 exhibentes
848 4417 932 4477 dioto
955 4417 1042 4477 Patri
1065 4418 1098 4476 in
1120 4418 1179 4477 hac
1198 4422 1287 4497 parte
1310 4418 1436 4497 justicie
1458 4418 1669 4498 complemen-

433 4530 510 4585 tum.
567 4524 686 4583 Datum
721 4523 806 4603 apud
842 4522 1102 4603 Schenynglelde,
1136 4524 1209 4605 xviij
1241 4525 1290 4585 die
1325 4526 1443 4586 mensis
1474 4526 1668 4595 Decembris,

433 4649 516 4688 anno
538 4628 666 4689 Domini
688 4628 878 4709 supradicto,
900 4637 959 4690 etc.
