3850 5917
392 685 453 745 260
766 684 946 763 Registrum
973 684 1039 745 Ado
1066 684 1103 745 dc
1133 683 1255 744 Orlctoa

222 940 279 980 Mt·
294 941 351 981 ¹³2³·
393 934 475 995 June
501 935 742 995 20.-Maneate
769 935 804 1014 of
836 936 885 995 the
921 935 1016 995 Ocurt
1050 934 1086 1012 of
1122 933 1321 1011 Ooaterbury,
1356 934 1542 1012 irastructr'nq
1578 933 1627 993 the

515 1015 633 1095 Bistop
668 1024 697 1076 to
729 1036 903 1095 proooance
937 1022 1073 1076 sentence
1107 1014 1142 1093 of
1174 1014 1467 1075 excommunicatore
1501 1014 1625 1092 against

513 1096 596 1155 Aion
623 1096 776 1166 Plokenet,
804 1096 871 1156 who
898 1094 1158 1172 contumaciorcsly
1193 1095 1312 1171 refused
1348 1102 1376 1155 tc
1407 1115 1471 1174 puy
1506 1094 1625 1155 certain

513 1197 633 1253 nwrseys
661 1177 804 1254 ocemund
831 1177 869 1255 by
898 1176 947 1236 tte
977 1176 1071 1236 Oonrt
1100 1182 1129 1236 to
1157 1175 1248 1253 Lody
1278 1175 1393 1235 Sibillo
1421 1174 1575 1235 Plokcnot.

474 1356 667 1415 Menelaon
702 1373 880 1416 succensu
914 1372 976 1415 reo
1017 1371 1142 1414 nonme
1181 1353 1292 1413 Ataeo
1321 1372 1364 1413 nn
1400 1354 1630 1414 Proxenus.-

391 1461 568 1522 Venerabili
592 1462 625 1520 in
654 1461 781 1522 (thristo
801 1460 893 1540 patri,
915 1461 1044 1522 domino
1065 1458 1140 1543 Ado,
1171 1464 1240 1531 etc,
1270 1458 1426 1520 Robertus
1448 1460 1486 1521 de
1511 1460 1627 1521 Rades·

391 1568 471 1639 well,
518 1568 611 1629 Curio
646 1567 881 1629 Cantuariensis
918 1566 1113 1627 examinator
1147 1564 1309 1645 generalis,
1340 1565 1525 1627 venerabilis
1559 1566 1627 1637 viri,

391 1673 509 1733 domini
532 1672 681 1733 Officialis
713 1672 806 1732 Curio
834 1670 1072 1731 cantuariensis
1098 1670 1131 1729 in
1153 1669 1262 1749 ipsius,
1293 1676 1325 1731 et
1352 1670 1469 1729 domini
1509 1671 1628 1732 Decani

391 1779 533 1857 ecclesie·
561 1778 652 1839 beate
688 1778 788 1839 Marie
823 1778 861 1838 de
903 1776 1055 1847 Arcubus,
1096 1776 1277 1846 Londoniis,
1320 1776 1534 1837 Commissarii
1579 1778 1627 1838 sui

389 1884 543 1964 generalis
558 1884 704 1945 absencia
722 1882 974 1954 commissarius,
996 1882 1140 1953 salutem,
1156 1886 1215 1942 etc.
1258 1882 1338 1942 Cum
1359 1901 1459 1961 nuper
1480 1882 1512 1941 in
1533 1902 1628 1944 causa

389 2009 450 2069 que
471 1990 635 2049 occasione
656 1989 820 2066 cujusdam
842 1992 1023 2049 contractus
1051 1986 1290 2048 matrimonialis
1322 2007 1426 2047 coram
1458 1988 1627 2049 venerabili

389 2101 488 2175 patre,
510 2095 638 2155 domino
659 2095 789 2174 chero,
821 2095 880 2155 Dei
909 2094 1014 2174 gracia
1049 2093 1274 2155 sarisburiensi
1296 2094 1464 2175 Episcopo,
1493 2096 1625 2157 auctori·

389 2208 456 2263 tete
496 2203 644 2264 ordinarii
692 2207 908 2282 cognoscente,
951 2203 1071 2263 dudum
1118 2202 1298 2264 vertebatur
1342 2202 1425 2263 inter
1465 2203 1625 2265 dominam

391 2308 533 2369 Sibillam
568 2308 730 2384 Plokenet,
765 2313 888 2388 partem
921 2308 1078 2379 actricem,
1107 2328 1145 2368 ex
1175 2312 1264 2387 parte
1287 2327 1359 2379 una,
1398 2313 1430 2369 et
1462 2309 1625 2371 dominum

390 2412 526 2473 Alanum
557 2412 718 2484 Plokenet,
747 2413 889 2484 militem,
931 2418 1054 2493 partem
1085 2433 1180 2483 ream,
1216 2433 1254 2474 ex
1284 2414 1391 2485 altere,
1425 2418 1627 2495 postmodum

389 2518 548 2599 perviam
571 2518 695 2598 querele
720 2520 760 2579 ad
792 2518 919 2581 Curiam
953 2519 1143 2580 antedictam
1173 2518 1311 2599 legitime
1337 2520 1492 2592 devoluta,
1520 2522 1623 2585 dictus

389 2624 536 2686 dominus
558 2624 676 2685 Alanus
697 2645 755 2704 pro
776 2645 813 2685 eo
834 2626 917 2704 quod
946 2625 1073 2686 domine
1095 2625 1201 2687 Sibille
1232 2625 1320 2686 uxori
1352 2646 1408 2687 sue
1437 2628 1625 2707 supradicte,

390 2731 429 2791 de
453 2731 598 2791 ducentis
619 2732 743 2802 marcis,
765 2731 797 2790 in
819 2730 932 2810 quibus
953 2730 1082 2793 nomine
1103 2751 1309 2811 expensarum
1330 2732 1471 2812 ejusdem
1500 2735 1626 2797 domine

390 2836 471 2897 circa
491 2836 747 2916 prosecucionem
778 2856 871 2896 cause
902 2841 1075 2897 memorate
1105 2836 1208 2898 eidem
1238 2838 1412 2909 annuatim,
1441 2840 1586 2902 videlicet
1606 2861 1626 2902 a

389 2959 410 3000 v
435 2938 504 2999 Kal.
527 2940 613 3011 Maii,
635 2960 718 3000 anno
744 2938 872 2999 Domini
894 2938 1106 3019 M0000⁰xxja
1129 2940 1260 3020 singulis
1289 2941 1474 3020 septimanis
1495 2944 1625 3022 quadra·

388 3044 476 3124 ginta
505 3045 621 3115 solidis,
651 3050 683 3106 et
711 3046 744 3104 in
772 3045 835 3106 fine
863 3044 1032 3124 cujuslibet
1052 3046 1128 3106 anni
1148 3045 1272 3106 residuo
1294 3066 1416 3108 summe
1437 3049 1625 3127 supradicte,

388 3152 528 3232 plenarie
569 3152 726 3213 solvendis
765 3152 832 3213 sive
869 3152 1086 3213 ministrandis
1123 3171 1180 3231 per
1220 3152 1383 3213 dominum
1420 3152 1623 3234 'Episcopum

391 3256 654 3317 Sarisburiensem
675 3257 899 3337 supradictum,
918 3275 1043 3318 necnon
1063 3257 1163 3318 eciam
1180 3257 1219 3319 de
1238 3257 1269 3317 xl
1290 3258 1397 3319 solidis
1419 3260 1546 3319 nomine
1574 3280 1627 3319 ex·

389 3383 559 3443 pensarum
579 3384 636 3443 per
655 3369 778 3443 partem
799 3364 940 3443 ejusdem
962 3362 1088 3424 domine
1109 3363 1273 3425 occasione
1301 3364 1465 3442 cujusdam
1493 3365 1624 3426 frustra-

391 3469 470 3529 torie
491 3467 714 3548 appellacionis
734 3474 844 3529 contra
871 3470 1004 3530 eandem
1032 3489 1088 3549 per
1111 3474 1233 3549 partem
1262 3469 1370 3530 militis
1392 3471 1564 3550 supradicti
1585 3472 1624 3532 ad

392 3573 520 3633 Curiam
544 3574 735 3634 antedictam
760 3574 878 3634 dudum
893 3574 926 3633 in
940 3574 1000 3635 hac
1017 3580 1115 3654 parte,
1139 3580 1175 3635 ut
1195 3575 1426 3655 suggerebatur,
1442 3576 1627 3657 interposite

391 3679 425 3738 in
445 3680 555 3741 eadem
577 3679 670 3740 Curia
691 3679 854 3751 factarum,
878 3699 936 3759 per
966 3700 1025 3741 nos
1052 3680 1112 3741 rite
1140 3680 1242 3741 luerat
1262 3682 1512 3761 condempnatus
1538 3684 1628 3764 juxta

391 3782 584 3844 moniciones
618 3782 785 3844 canonicas
820 3784 1007 3845 auctoritate
1042 3784 1125 3845 dicte
1156 3784 1249 3846 (luris
1276 3786 1335 3846 sibi
1373 3786 1407 3845 in
1448 3787 1507 3849 hac
1538 3796 1628 3869 parte

391 3889 530 3968 legitime
555 3889 663 3959 lactas,
687 3896 783 3967 prout
817 3889 925 3949 debuit
946 3890 1126 3951 nullatenus
1155 3890 1368 3962 satisfecisset,
1401 3892 1513 3955 suisset
1533 3901 1565 3956 et
1586 3896 1629 3957 sit

391 3994 519 4073 majoris
553 3994 890 4055 excommunicacionis
919 3994 1081 4056 sentencia
1109 4016 1166 4075 per
1189 4014 1246 4057 vos
1277 3996 1345 4057 vice
1380 4003 1413 4059 et
1441 4000 1628 4062 auctoritate

391 4098 484 4160 Ourie
517 4099 696 4179 supradicte
729 4099 869 4179 legitime
903 4100 1082 4173 innodatus,
1125 4107 1158 4162 et
1191 4122 1248 4181 pro
1280 4102 1325 4164 sic
1356 4106 1628 4168 excommunicato

390 4204 514 4284 publice
538 4204 716 4276 nunciatus,
738 4211 833 4285 prout
853 4226 909 4285 per
933 4206 1055 4267 litteras
1079 4212 1201 4268 vestras
1229 4209 1465 4271 certificatorias
1486 4213 1625 4274 mandati

391 4312 485 4373 (turio
509 4313 687 4392 supradicte
712 4314 800 4376 vobis
821 4315 854 4374 in
879 4315 939 4375 hac
963 4320 1053 4395 parte
1077 4315 1187 4377 directi
1214 4316 1339 4396 plenius
1359 4323 1409 4381 est
1432 4338 1626 4399 expressum,

391 4420 474 4481 idem
499 4420 646 4481 dominus
668 4420 786 4482 Alanus
811 4421 943 4482 eandem
969 4422 1162 4484 sentenciam
1187 4442 1243 4502 per
1271 4443 1335 4485 non
1360 4424 1518 4486 modicum
1547 4433 1625 4488 tem-

390 4545 450 4606 pus
472 4526 674 4605 pertinaciter
704 4526 857 4587 sustinuit
884 4527 990 4589 animo
1018 4530 1163 4609 nequiter
1190 4528 1337 4591 indurato
1365 4529 1469 4593 claves
1496 4532 1627 4595 ecclesie

391 4632 653 4711 contempnendo.
710 4632 791 4692 (tum
822 4632 925 4712 igitur,
957 4639 1118 4695 crescente
1156 4634 1354 4696 contumacia
1394 4641 1426 4697 et
1460 4637 1628 4699 rebellione

390 4739 532 4819 ejusdem
568 4737 687 4797 domini
727 4738 827 4808 Alani,
863 4758 1002 4799 crescere
1037 4738 1150 4799 merito
1185 4738 1309 4801 debebit
1354 4745 1386 4802 et
1421 4761 1503 4821 pena
1539 4742 1629 4822 juxta

391 4842 558 4904 canonicas
579 4842 771 4914 sancciones,
792 4840 971 4903 vobiscum
992 4863 1029 4903 ea
1044 4862 1107 4922 qua
1126 4843 1216 4905 decet
1233 4845 1419 4915 reverencia,
1441 4846 1627 4910 auctoritate

391 4946 484 5011 (turis
514 4946 693 5026 supradicte
724 4947 856 5009 firmiter
885 4947 1077 5027 injungendo
1111 4950 1298 5011 mandamus
1336 4950 1485 5030 quatinus
1521 4952 1626 5033 ipsum

391 5054 553 5116 dominum
579 5052 714 5114 Alanum
735 5055 789 5127 sic,
824 5059 860 5115 ut
893 5054 1096 5134 premittitur,
1129 5056 1433 5118 excommunicatum
1469 5058 1566 5121 luisse
1592 5066 1627 5122 et
