3850 5917
410 698 469 757 344
774 696 953 776 chiatrum
983 698 1049 759 Acie
1079 697 1116 759 dc
1146 698 1276 759 Orlctca.

239 929 296 965 Μ’·
312 928 360 965 Μ
410 921 629 1001 recipiendam,
652 942 688 982 ac
710 926 813 982 cetera
834 921 941 982 omnia
962 927 994 981 et
1015 921 1138 1001 singula
1159 922 1301 983 iacienda
1321 928 1353 983 et
1375 922 1567 1002 expedienda
1584 944 1647 1003 que

409 1026 441 1085 in
478 1027 640 1106 premissis
675 1026 851 1087 necessaria
885 1026 1002 1088 luerint
1027 1027 1075 1087 vel
1110 1028 1209 1087 eciam
1241 1032 1404 1107 oportuna,
1440 1026 1528 1089 vobis
1562 1028 1647 1089 vices

411 1138 535 1193 nostras
568 1132 804 1202 committimus,
835 1138 903 1203 etc,
936 1137 1083 1212 rogantes
1114 1132 1263 1212 quatinus
1298 1132 1337 1193 de
1362 1132 1444 1192 lacto
1476 1138 1581 1192 vestro
1613 1138 1645 1193 et

411 1257 560 1317 processu
581 1238 613 1296 in
635 1238 695 1297 hac
715 1243 805 1317 parte
826 1243 930 1298 vestra
951 1238 1125 1317 paternitas
1146 1238 1316 1298 reverenda
1337 1258 1395 1298 nos
1423 1238 1498 1298 velit
1518 1238 1645 1299 reddere

411 1343 572 1414 cerciores,
601 1362 696 1422 quam
723 1342 762 1402 ad
784 1343 914 1403 ecclesie
946 1362 1002 1404 sue
1031 1343 1171 1423 regimen
1192 1349 1355 1404 conservet
1387 1342 1568 1404 Altissimus
1590 1364 1647 1424 per

411 1453 554 1526 tempora
575 1447 706 1508 feliciter
727 1448 884 1508 duratura.
927 1448 1047 1508 Datum
1069 1449 1153 1528 apud
1181 1448 1372 1527 Braybroke‚
1394 1447 1646 1529 decimoquinto

412 1553 481 1613 Kal.
505 1553 674 1625 Februarii,
697 1573 780 1614 anno
802 1553 931 1614 Domini
954 1554 1093 1615 ΜὊΟΟο
1113 1556 1262 1616 vicesimo
1283 1555 1402 1635 quinto.

412 1844 818 1927 Jca.15.-·-Ocrtaflcateos
836 1848 885 1908 the
909 1848 1029 1927 Officicl
1042 1850 1077 1928 os
1095 1849 1144 1909 the
1161 1848 1358 1910 Arclrdeocca
1371 1850 1406 1927 os
1423 1848 1648 1927 Nortlrcmptorr

538 1928 604 1988 rtur
632 1949 673 1988 au
701 1929 827 2007 inquiras
852 1950 959 2008 proves
986 1929 1034 1990 tlte
1064 1929 1187 1990 Charch
1211 1931 1246 2009 of
1269 1929 1455 2007 Brouqhton,
1480 1928 1590 1989 volucri
1613 1936 1647 1989 at

536 2012 574 2067 11
601 2008 713 2079 murier,
741 2016 769 2069 to
792 2010 824 2070 bc
844 2017 956 2069 vacant
978 2010 1015 2088 by
1038 2010 1086 2070 the
1106 2009 1198 2070 death
1219 2011 1254 2089 os
1276 2010 1384 2070 Simon
1403 2010 1440 2070 de
1460 2010 1645 2087 Addirrptca,

539 2090 587 2149 the
610 2090 670 2150 luat
690 2090 822 2159 Rector;
845 2091 908 2149 aad
930 2090 997 2150 thar
1019 2092 1045 2150 it
1066 2090 1094 2151 ir
1115 2091 1150 2150 ia
1165 2090 1214 2151 the
1231 2098 1399 2170 palrmruqe
1413 2092 1448 2169 os
1466 2090 1514 2150 the
1535 2090 1646 2150 Attus

537 2171 599 2230 aad
627 2170 759 2231 Conveni
784 2172 819 2250 os
842 2172 888 2231 St.
913 2172 1005 2249 Mary
1026 2172 1078 2232 der
1099 2172 1182 2232 Pria.
1612 2172 1615 2175 ’

496 2355 798 2415 Onarrsrcaroaruu
814 2372 1045 2424 moursrcronrs
1060 2373 1161 2414 sacra
1178 2373 1281 2415 surus
1298 2371 1475 2414 vacuemus
1490 2371 1646 2413 recursis:

414 2478 457 2518 nn
480 2459 936 2520 &cussanus—Venerabili
958 2459 991 2517 in
1013 2459 1139 2519 Christo
1160 2459 1250 2538 patri,
1266 2459 1393 2520 domino
1415 2458 1564 2528 Henrico,
1587 2458 1646 2517 Dei

413 2566 517 2645 gracia
548 2566 761 2627 Lincolniensi
796 2566 965 2646 Episcop0,
1001 2586 1077 2626 suus
1108 2566 1237 2626 humilis
1269 2570 1300 2626 et
1332 2566 1463 2626 devotus
1499 2564 1646 2625 Officiulis

414 2671 533 2730 domini
555 2670 772 2731 Archidiaconi
794 2671 1069 2751 Northarnptonie,
1092 2692 1164 2730 cum
1184 2691 1308 2732 summo
1329 2670 1509 2731 obediencie
1533 2669 1645 2739 debite,

414 2778 634 2847 reverenciam,
664 2782 695 2837 et
716 2778 876 2837 honorem.
934 2777 1121 2837 Mandatum
1146 2782 1285 2837 vestrum
1311 2777 1374 2836 xix⁰
1395 2776 1464 2835 Kal.
1487 2775 1646 2836 Februarii

414 2882 553 2961 proxime
575 2881 715 2960 preteriti
734 2882 835 2961 recepi
855 2881 989 2942 formam
1006 2882 1172 2943 continens
1191 2881 1421 2961 infrascriptam
1430 2881 1645 2949 :-Henricus,

411 2994 482 3059 etc,
505 2988 618 3049 dilecto
648 2987 679 3046 in
702 2988 828 3048 Christo
853 2988 926 3055 filio,
956 2988 1089 3049 Officiali
1122 2987 1340 3049 Archidiaconi
1372 2987 1645 3066 Northamptonie,

414 3094 558 3166 salutem,
573 3098 632 3153 etc.
672 3094 899 3153 Presentarunt
911 3093 1002 3153 nobis
1017 3093 1184 3154 Abbatissa
1197 3100 1229 3154 et
1244 3095 1426 3155 Conventus
1441 3092 1531 3154 beate
1546 3092 1646 3153 Murio

414 3198 452 3258 de
478 3198 590 3267 Pratis,
626 3198 900 3277 Northamptonie,
923 3198 1101 3259 Johannem
1123 3198 1161 3259 de
1189 3198 1331 3259 Nubbele
1352 3198 1391 3258 ad
1422 3198 1587 3258 ecclesiam
1608 3198 1646 3259 de

413 3304 608 3383 Broughton,
636 3308 741 3364 nostre
773 3303 915 3374 diocesis,
946 3309 1118 3374 vacantem,
1147 3310 1184 3363 ut
1218 3303 1340 3363 dicitur.
1382 3303 1535 3377 Quocirca
1558 3303 1647 3364 vobis

413 3410 599 3469 mandamus
620 3410 769 3488 quatinus
791 3414 856 3469 tam
879 3429 973 3489 super
994 3409 1160 3470 vocacione
1177 3409 1259 3469 dicte
1279 3408 1418 3479 ecclesie,
1441 3408 1586 3469 videlicet
1606 3429 1647 3468 an

413 3520 511 3585 vacet,
537 3519 569 3575 et
591 3515 617 3575 si
639 3514 693 3585 sic,
715 3515 776 3583 ubi,
799 3516 933 3595 quando,
957 3520 990 3576 et
1020 3515 1153 3595 qualiter
1173 3535 1283 3575 vacare
1312 3514 1439 3593 incepit,
1461 3535 1556 3595 quam
1577 3516 1646 3593 jure

412 3620 633 3700 presentantis,
648 3626 680 3680 et
696 3620 766 3700 quis
780 3622 974 3700 presentavit
990 3622 1102 3682 ultimo
1117 3621 1311 3692 adeundam,
1326 3640 1449 3681 necnon
1464 3640 1559 3700 super
1572 3622 1646 3692 vita,

414 3726 562 3797 moribus,
578 3726 826 3798 conversacione,
843 3732 875 3787 et
896 3727 1054 3788 natalibus
1079 3726 1155 3787 dicti
1172 3726 1354 3806 presentati,
1368 3731 1401 3787 et
1422 3746 1462 3785 an
1484 3726 1516 3785 in
1538 3727 1648 3787 ordine

412 3834 556 3903 clericali,
572 3839 603 3893 et
625 3833 657 3891 in
672 3853 734 3912 quo
757 3854 813 3893 seu
834 3833 866 3891 in
889 3834 1001 3913 quibus
1023 3834 1116 3893 luerit
1138 3833 1338 3904 constitutus,
1354 3833 1429 3893 item
1451 3853 1491 3892 an
1511 3833 1552 3893 sit
1573 3832 1647 3894 alibi

413 3936 625 4009 beneficiatus,
655 3942 687 3998 et
717 3937 743 3997 si
779 3938 832 4007 sic,
862 3943 969 3997 utrum
1000 3958 1099 3997 unum
1124 3938 1173 3998 vel
1203 3939 1301 4017 plura,
1330 3942 1362 3998 et
1391 3957 1452 4017 que
1481 3942 1513 3998 et
1542 3937 1647 4017 qualia

412 4042 528 4103 fuerint
550 4042 731 4120 hujusmodi
752 4042 911 4113 beneficia,
927 4064 964 4103 ac
978 4063 1072 4123 super
1086 4043 1155 4103 aliis
1176 4043 1316 4104 articulis
1330 4043 1488 4105 consuetis
1505 4044 1538 4102 in
1552 4042 1647 4123 pleno

412 4148 471 4208 loci
494 4147 639 4226 Capitulo
675 4148 859 4208 celebrando
897 4148 1025 4226 [virtute
1054 4148 1295 4226 commissionis]
1325 4153 1399 4209 ante
1430 4149 1647 4229 recepcionem

412 4252 609 4331 presencium
632 4253 820 4333 assingnate,
843 4254 962 4314 vocatis
984 4254 1133 4314 vocandis
1160 4254 1342 4333 diligentem
1373 4254 1495 4314 faciatis
1516 4254 1645 4334 inquisi-

412 4361 543 4419 cionem.
600 4360 649 4419 De
670 4358 780 4420 diebus
808 4380 881 4419 vero
913 4360 1105 4439 recepcionis
1132 4360 1330 4439 presencium
1357 4365 1390 4420 et
1418 4360 1645 4440 inquisicionis,

412 4470 471 4526 etc.
528 4465 646 4523 Datum
682 4466 765 4543 apud
798 4464 950 4543 Assheley
986 4465 1223 4535 Canonicorum,
1246 4464 1281 4543 ij⁰
1312 4464 1360 4524 Id.
1389 4464 1539 4535 Januarii,
1561 4486 1646 4527 anno

412 4572 541 4631 Domini
563 4571 701 4632 M0000⁰
722 4572 870 4632 vicesimo
891 4572 1011 4651 quinto.
1064 4572 1161 4632 Facta
1190 4571 1284 4651 igitur
1305 4591 1399 4650 super
1428 4571 1591 4650 premissis
1611 4573 1646 4633 in

411 4677 505 4756 pleno
526 4677 585 4737 loci
619 4677 772 4756 Capitulo,
804 4678 891 4756 xviij⁰
922 4678 992 4737 Kal.
1023 4677 1184 4738 Februarii
1214 4676 1356 4756 proxime
1398 4676 1538 4756 preteriti
1566 4677 1645 4739 cele·

411 4783 509 4853 bruto,
540 4782 659 4843 vocatis
688 4782 845 4852 vocandis,
887 4782 1093 4861 inquisicione
1124 4782 1274 4862 diligenti,
1310 4782 1473 4843 inventum
1505 4787 1555 4843 est
1589 4803 1648 4862 per

412 4887 543 4947 eandem
576 4887 658 4966 quod
687 4886 771 4945 dicta
795 4886 927 4947 ecclesia
961 4893 1061 4957 vacat,
1097 4893 1129 4947 et
1160 4886 1244 4966 cepit
1278 4906 1388 4947 vacare
1422 4886 1472 4947 die
1514 4886 1644 4949 Sabbati

412 4990 554 5070 proximo
581 4996 653 5069 post
685 4990 800 5051 festum
832 4990 1086 5052 circumcisionis
1118 4990 1246 5050 Domini
1277 4990 1418 5069 proxime
1448 4990 1646 5068 preteritum,

413 5116 469 5176 per
490 5100 622 5157 mortem
645 5096 763 5158 domini
779 5096 917 5157 Simonis
937 5097 977 5157 de
991 5097 1186 5176 Adyngtone,
1208 5095 1311 5155 ultimi
1325 5094 1468 5155 Rectoris
1491 5095 1645 5175 ejusdem,
