3850 5917
703 665 855 746 Episcopi
881 665 1125 745 Horcsordcaais.
1474 665 1533 728 157

142 894 187 933 Μ’·
201 896 251 934 ¹³²⁰·
293 891 488 952 thesaurario
510 891 640 953 ecclesie
669 891 894 961 [taurianensis
915 891 1061 962 salutem,
1091 897 1150 951 etc.
1204 890 1252 949 Ad
1281 895 1422 950 nostram
1444 888 1530 948 audi·

293 997 416 1058 enciam
461 996 612 1057 noveritis
660 996 841 1075 pervenisse
889 996 973 1076 quod
1022 995 1185 1056 Johannes
1235 995 1274 1056 de
1323 995 1532 1067 Gamkarnan,

292 1103 466 1182 presbyter,
501 1102 534 1161 in
568 1101 748 1162 Johannem
770 1102 890 1162 dictum
918 1101 999 1172 Ken,
1029 1102 1185 1172 clericum,
1210 1122 1312 1181 nuper
1342 1101 1374 1160 in
1399 1101 1531 1162 ecclesia

294 1208 451 1288 prioratus
473 1208 684 1268 Monumuthe
705 1211 812 1268 nostre
834 1207 967 1267 diocesis
990 1226 1103 1267 manus
1126 1206 1281 1266 violentas
1298 1207 1416 1284 injecit,
1431 1225 1532 1286 usque

294 1314 334 1373 ad
365 1312 552 1373 effusionem
574 1312 736 1392 sanguinis
763 1312 881 1383 ledens,
910 1312 1002 1390 cujus
1029 1311 1181 1372 violencie
1209 1311 1374 1373 occasione
1401 1312 1535 1374 ecclesia
1653 1377 1654 1380 ,

293 1419 363 1498 ipsa
382 1418 504 1498 polluta
533 1418 791 1478 reconciliacione
819 1417 958 1478 ereditur
994 1417 1141 1496 indigere.
1188 1417 1256 1478 Nos
1277 1417 1380 1497 igitur,
1410 1417 1463 1498 qui
1492 1419 1531 1480 de

293 1531 398 1585 vestra
439 1524 631 1585 discrecione
669 1523 816 1583 fiduciam
848 1523 986 1603 gerimus
1014 1523 1196 1603 pleniorem,
1228 1523 1317 1584 vobis
1345 1523 1384 1584 ad
1413 1524 1530 1604 inquir-

293 1631 409 1691 endum
437 1650 533 1709 super
552 1629 734 1710 hujusmodi
754 1628 907 1689 violencie
927 1629 1164 1708 perpetracione
1185 1633 1217 1689 et
1239 1629 1307 1708 ejus
1328 1629 1527 1700 enormitate,

293 1757 329 1796 ac
356 1735 449 1795 modo
471 1735 603 1814 aliisque
624 1734 873 1794 circumstanoiis
902 1733 1016 1794 debitis
1037 1733 1070 1793 in
1102 1734 1161 1794 hac
1190 1739 1288 1813 parte,
1317 1735 1436 1795 vocatis
1465 1735 1527 1796 hiis

293 1861 350 1921 per
369 1861 448 1920 quos
469 1840 514 1900 rei
535 1840 651 1900 veritas
676 1840 788 1900 melius
811 1838 883 1900 sciri
907 1839 1018 1919 possit,
1045 1839 1129 1900 vices
1151 1844 1275 1900 nostras
1298 1841 1527 1903 committimus

293 1967 349 2028 per
383 1951 546 2027 presentes
581 1966 653 2006 oum
678 1945 879 2006 coeroicionis
908 1946 1059 2006 canonice
1086 1950 1253 2025 potestate.
1303 1947 1385 2021 Quid
1420 1953 1526 2008 autem

293 2052 477 2113 inveneritis
504 2057 537 2112 et
557 2051 694 2112 feceritis
722 2051 755 2110 in
786 2051 949 2130 premissis
977 2051 1187 2113 venerabilem
1215 2057 1338 2132 patrem
1366 2053 1531 2114 dominum

293 2159 333 2230 J.,
355 2158 416 2219 Dei
444 2158 548 2237 gracia
578 2157 817 2218 landavensem
849 2157 1052 2237 Episcopum,
1085 2157 1136 2217 cui
1168 2159 1207 2218 ad
1238 2159 1529 2221 reconciliacionem

294 2263 475 2344 hujusmodi
499 2263 674 2324 faciendam
696 2263 780 2323 vices
806 2268 930 2323 nostras
951 2263 1177 2335 commisimus,
1199 2264 1347 2326 distincte
1367 2271 1399 2326 et
1424 2272 1531 2346 aperte

294 2369 482 2441 certificetis,
508 2373 567 2429 etc.
610 2370 729 2428 Datum
751 2369 934 2441 Londoniis,
955 2368 1000 2448 xj⁰
1020 2369 1070 2429 die
1092 2369 1210 2430 mensis
1225 2369 1422 2443 Novembris,
1445 2393 1529 2434 anno

308 2474 436 2535 Domini
458 2473 656 2545 Maccus,
679 2479 738 2534 etc.

297 2728 375 2788 Noo.
396 2727 552 2788 11.-Tte
572 2726 690 2806 Bishop
710 2727 746 2805 of
767 2727 919 2806 Herosord
939 2726 1147 2788 coowaissions
1170 2719 1219 2789 'aa
1240 2728 1359 2821 Biehop
1379 2731 1414 2809 of
1434 2730 1532 2792 Elon-

418 2808 488 2887 daff
509 2815 539 2868 to
561 2815 611 2868 cot
628 2808 683 2887 sor
708 2807 773 2867 tim
796 2806 832 2867 ia
856 2807 905 2868 the
929 2807 1207 2869 above-montioncd
1230 2810 1469 2872 rccomaliatioa.

379 2964 559 3025 Oonmssm
580 2981 622 3023 An
643 2980 934 3023 anconclnrannuu
962 2981 1148 3023 neonusmrr
1177 2965 1531 3046 moneamus-ven-

297 3069 405 3130 erabili
432 3069 465 3129 in
497 3068 624 3129 Christo
651 3069 743 3148 patri,
778 3069 906 3129 domino
937 3068 958 3128 J
968 3068 1098 3146 [ohanni
1129 3069 1169 3130 de
1201 3069 1442 3150 Monumutha],
1475 3072 1536 3134 Dei

296 3177 401 3256 gracia
433 3175 633 3236 [landavensi
654 3175 822 3255 Episcopo,
845 3176 955 3246 Adam,
977 3180 1047 3247 etc,
1070 3175 1213 3248 salutem,
1244 3181 1303 3236 etc.
1357 3178 1406 3238 Ad
1425 3197 1533 3238 recon-

297 3283 527 3343 conciliandum
547 3281 711 3342 ecclesiam
730 3281 887 3361 prioratus
902 3281 1124 3353 Monumuthe,
1139 3281 1166 3343 si
1186 3282 1255 3361 ipsa
1273 3283 1531 3344 reconciliacione
1567 3264 1569 3275 ’

297 3387 444 3468 indigeat,
473 3387 563 3449 vobis
591 3393 701 3448 tenore
721 3388 920 3467 presencium
950 3389 1036 3449 vices
1062 3395 1187 3450 nostras
1216 3389 1362 3450 duximus
1391 3391 1535 3451 commit-

298 3494 418 3565 tendas,
447 3513 484 3554 eo
515 3513 579 3554 non
612 3492 759 3554 obstante
791 3495 875 3573 quod
910 3495 1019 3555 eadem
1048 3495 1180 3556 ecclesia
1209 3496 1242 3554 in
1276 3500 1385 3556 nostra
1417 3496 1535 3557 diocesi

297 3599 430 3659 existere
450 3597 640 3658 dinoscatur.
696 3598 815 3657 Datum
841 3598 1024 3670 Londoniis,
1052 3599 1095 3658 xi⁰
1116 3599 1166 3658 die
1194 3599 1312 3659 mensis
1334 3598 1532 3672 Novembris,

306 3723 389 3764 anno
418 3703 548 3764 Domini
569 3702 709 3764 M⁰ccc<²
729 3703 888 3775 vicesimo,
918 3708 978 3764 etc.

297 3981 373 4042 Noc.
388 3981 545 4042 15.-Thc
564 3981 682 4060 Bishop
696 3981 904 4042 commiscens
924 3981 1066 4042 Rictnrd
1080 3981 1117 4041 dc
1132 3981 1298 4042 Sidcoholc
1312 3982 1376 4042 aad
1394 3982 1535 4044 Willicm

417 4062 454 4122 dc
475 4061 646 4141 Foroalwpc
668 4068 698 4122 lo
718 4069 768 4122 aot
782 4063 837 4142 sor
859 4061 924 4121 aim
943 4062 980 4121 ia
1001 4063 1050 4122 thc
1070 4063 1195 4123 absence
1216 4063 1252 4142 os
1270 4063 1319 4123 tte
1342 4063 1472 4141 Officiol.

378 4219 560 4280 Oouurssro
581 4235 682 4278 mors
699 4235 871 4278 numerare
890 4218 928 4277 R.
947 4235 990 4278 nn
1014 4219 1206 4280 Srnnrnsnu
1230 4236 1273 4277 ur
1287 4218 1338 4278 W.
1358 4236 1402 4278 nn
1420 4219 1534 4280 Fown-

296 4323 545 4395 nora-Adam,
564 4328 634 4395 etc,
656 4323 801 4384 discretis
821 4323 906 4393 viris,
928 4322 1002 4384 filiis
1021 4323 1055 4382 in
1076 4323 1202 4384 Christo
1227 4323 1358 4394 dilectis,
1375 4323 1535 4403 magistris

296 4429 432 4491 Ricardo
459 4429 498 4489 de
524 4428 692 4490 Sidenhale
720 4429 759 4488 de
787 4428 1004 4501 Whiteburne‚
1034 4434 1066 4489 et
1100 4427 1258 4489 Willelmo
1287 4429 1325 4488 de
1357 4427 1534 4508 Fowehope

296 4536 336 4596 de
356 4534 538 4614 Westbury,
559 4540 667 4596 nostre
691 4534 825 4595 diocesis
849 4534 1052 4595 ecclesiarum
1077 4533 1273 4605 Rectoribus‚
1304 4533 1448 4605 salutem,
1474 4541 1534 4596 etc.

299 4641 346 4702 Ad
374 4640 566 4702 audiendum
601 4644 634 4700 et
668 4640 731 4700 fine
758 4639 865 4700 debito
890 4639 1126 4699 terminandum
1154 4657 1264 4698 causas
1288 4643 1321 4698 et
1348 4639 1478 4717 negocia
1501 4640 1535 4700 in

296 4747 493 4811 consistoriis
532 4745 650 4807 nostris
682 4750 770 4806 mota
803 4750 836 4806 et
871 4745 1026 4805 movenda
1063 4763 1187 4804 necnon
1226 4743 1266 4803 ad
1302 4743 1533 4822 inquirendum,

297 4854 524 4935 corrigendum,
567 4857 599 4913 et
636 4851 832 4931 puniendum
855 4849 1068 4911 ‘subditorum
1107 4853 1287 4910 nostrorum
1316 4867 1462 4909 excessus
1501 4850 1536 4910 in

299 4963 398 5024 nostri
414 4958 556 5021 officialis
579 4957 735 5029 absencia,
763 4956 852 5018 vobis
875 4955 1070 5035 conjunctim
1095 4959 1128 5016 et
1152 4953 1278 5015 divisim
1304 4955 1534 5018 committimus

297 5068 382 5131 vices
416 5070 542 5127 nostras
572 5083 645 5125 cum
669 5062 871 5125 coeroicionis
898 5061 1050 5124 canonice
1076 5064 1244 5140 potestate.
1299 5059 1419 5120 Datum
1447 5062 1533 5141 apud
