3850 5917
252 915 308 953 si).
325 914 381 955 1325.

425 684 483 743 324
789 685 970 763 chr'strum
999 687 1064 747 Acte
1097 687 1134 748 dc
1164 687 1295 748 Orlcton.

1546 822 1666 833 —s

423 928 524 987 nuper
545 909 684 970 existens
710 910 742 968 in
768 915 876 971 nostra
901 912 1018 973 diocesi
1048 910 1282 982 Herefordensi,
1306 911 1383 981 Deo,
1405 912 1537 972 ecclesie
1559 917 1674 972 nostre

423 1014 659 1086 Herefordensi,
681 1022 713 1077 et
735 1016 825 1077 nobis
847 1018 1039 1097 multiplices
1054 1017 1186 1095 injurias
1206 1016 1331 1095 publice
1352 1023 1385 1077 et
1406 1018 1529 1078 notorie
1550 1018 1670 1097 irroga·

423 1120 512 1190 verit,
535 1121 667 1199 registra
691 1128 800 1181 nostra
824 1128 856 1183 et
877 1123 1009 1183 ecclesie
1037 1128 1145 1183 nostre
1175 1142 1212 1182 ac
1233 1122 1367 1201 quedam
1390 1121 1450 1182 alia
1478 1123 1562 1183 bonu
1583 1124 1672 1183 dicte

424 1225 554 1286 ecclesie
575 1232 607 1286 et
629 1232 737 1286 nostra
758 1226 791 1285 in
811 1228 888 1288 locis
910 1228 1008 1289 sacris
1029 1233 1061 1289 et
1080 1228 1226 1289 domibus
1243 1228 1283 1287 ad
1302 1228 1372 1307 ipsa
1392 1228 1461 1289 loca
1479 1228 1670 1306 pertinenti-

424 1329 482 1390 bus
504 1330 657 1392 violenter
688 1333 887 1411 asportando,
917 1333 1111 1412 asportarive
1141 1331 1294 1403 iaciendo,
1326 1353 1382 1393 seu
1414 1332 1670 1411 asportacionem

423 1436 462 1495 ab
498 1436 567 1497 aliis
603 1437 731 1497 nomine
771 1458 828 1498 suo
868 1438 986 1498 factam
1020 1445 1122 1499 ratam
1157 1437 1312 1510 habende,
1353 1439 1384 1497 in
1427 1438 1672 1517 derogacionem

423 1541 633 1601 ecclesiastice
656 1542 819 1611 libertatis,
851 1548 980 1621 propter
1001 1562 1062 1621 que
1083 1543 1262 1603 sentencias
1290 1543 1420 1621 majoris
1451 1544 1670 1602 excommuni-

423 1647 560 1708 cacionis
590 1648 748 1709 asanctis
771 1648 918 1709 Patribus
946 1649 1162 1727 promulgatas
1194 1650 1262 1727 ipso
1288 1648 1371 1709 iacto
1392 1648 1535 1709 noscitur
1562 1648 1670 1708 incur—

423 1752 510 1823 risse,
543 1759 734 1833 paratusque
770 1755 821 1825 sit,
853 1760 889 1815 ut
924 1755 1085 1824 asseritur,
1114 1755 1204 1832 juxta
1234 1754 1478 1833 possibilitatem
1503 1774 1594 1814 suam
1628 1755 1672 1814 dc

423 1860 594 1938 premissis,
618 1855 695 1931 Deo,
718 1861 858 1931 ecclesie,
882 1866 915 1921 et
936 1860 1028 1921 nobis
1049 1860 1240 1931 satisfecere,
1262 1866 1298 1920 ut
1319 1866 1454 1931 tenetur,
1476 1860 1669 1920 beneficium

424 1966 633 2026 absolucionis
666 1987 684 2025 a
716 1966 886 2027 sentenciis
918 1965 1108 2045 supradictis
1136 1966 1238 2026 eidem
1270 1966 1452 2044 impendere
1473 1985 1669 2027 curaremus.

423 2073 504 2133 Cum
529 2073 624 2153 igitur
654 2079 764 2133 sancta
794 2078 895 2133 mater
916 2072 1048 2133 ecclesia
1070 2072 1148 2131 nulli
1180 2072 1306 2132 claudat
1326 2070 1480 2149 gremium
1509 2071 1669 2143 redeunti,

422 2197 481 2238 nos
513 2177 551 2237 de
587 2182 691 2237 vestra
727 2178 1011 2257 circumspeccione
1046 2182 1078 2237 et
1112 2176 1269 2237 industria
1297 2176 1424 2255 plenam
1458 2178 1491 2235 in
1527 2178 1670 2237 Domino

423 2282 571 2341 fiduciam
610 2282 799 2354 obtinentes,
846 2283 885 2342 ad
921 2281 1148 2342 absolvendum
1180 2281 1214 2340 in
1255 2280 1357 2341 torma
1389 2281 1469 2360 juris
1507 2281 1668 2359 prefatum

422 2389 602 2449 Johannem
634 2410 653 2449 a
684 2388 854 2450 sentenciis
879 2387 1063 2449 memoratis
1083 2393 1116 2449 et
1147 2388 1188 2448 ad
1219 2388 1448 2466 injungendum
1469 2387 1569 2447 eciam
1604 2387 1668 2448 sibi

422 2514 479 2573 pro
497 2494 677 2573 hujusmodi
699 2494 879 2555 excessibus
898 2494 1111 2573 penitenciam
1129 2492 1309 2564 salutarem,
1324 2491 1413 2553 vobis
1435 2493 1668 2553 committimus

422 2600 507 2661 vices
528 2607 663 2671 nostras,
685 2607 744 2661 etc.
798 2601 839 2660 In
861 2600 961 2680 cujus,
989 2604 1049 2660 etc.
1092 2600 1213 2659 Datum
1236 2598 1423 2660 Hereiordie
1453 2646 1460 2658 .
1492 2646 1499 2658 .
1531 2646 1538 2657 .
1572 2602 1590 2658 .¹

421 2880 514 2959 April
534 2879 690 2940 20—le
710 2880 829 2959 Bishop
849 2848 1059 2940 commissione
1084 2878 1214 2939 Thomas
1235 2878 1273 2938 dc
1296 2878 1437 2939 Otondos
1462 2886 1491 2938 to
1516 2879 1661 2939 institute

544 2962 607 3021 oud
642 2962 751 3021 indicet
785 2982 805 3020 a
834 2961 875 3038 fit
905 2979 1018 3039 person
1051 2960 1118 3020 who
1152 2960 1264 3020 should
1299 2960 1332 3019 be
1362 2960 1523 3038 presented
1556 2967 1584 3019 to
1613 2959 1666 3020 the

549 3042 694 3120 Vicarupc
715 3044 750 3121 os
773 3041 928 3101 Yartbill.

503 3224 685 3285 Oouurssro
706 3241 749 3282 un
771 3240 1021 3283 rssrrrunuouu
1044 3238 1202 3280 moenium
1224 3238 1267 3279 na
1283 3220 1665 3282 hamanum-Mem

422 3328 556 3388 randum
577 3328 660 3407 quod
690 3327 808 3388 eisdem
840 3346 932 3397 anno,
955 3327 1006 3387 die
1034 3331 1067 3387 et
1097 3325 1188 3398 loco,²
1212 3325 1359 3386 dominus
1391 3325 1551 3387 commisit
1578 3327 1665 3387 vices

420 3454 494 3495 suas
530 3433 759 3493 Archidiacono
792 3431 1018 3493 Herelordensi
1043 3431 1083 3491 ed
1115 3430 1346 3491 instituendum
1381 3436 1414 3491 et
1448 3432 1664 3492 inducendum

420 3560 588 3621 personam
619 3540 774 3619 ydoneam
809 3538 1054 3618 presentandam
1086 3537 1126 3597 ad
1150 3537 1299 3597 vicariam
1329 3538 1369 3597 de
1400 3536 1573 3597 Yarkbulle
1602 3536 1663 3598 sub

422 3646 481 3705 hac
502 3644 775 3715 formaz—Adam,
798 3649 868 3713 etc,
890 3643 1027 3703 discreto
1058 3642 1125 3702 viro
1156 3641 1283 3721 filioque
1315 3642 1347 3700 in
1379 3640 1506 3702 Christo
1536 3642 1663 3713 dilecto,

422 3754 572 3831 magistro
593 3752 714 3811 Thome
735 3751 774 3811 de
795 3750 976 3819 Chaundos,
999 3748 1228 3809 Arcbidiacono
1259 3746 1494 3818 Hereiordensi,
1516 3748 1664 3821 salutem,

420 3866 480 3922 etc.
518 3861 565 3919 Ad
580 3859 812 3919 admittendum
833 3876 1002 3937 personam
1016 3856 1172 3935 ydoneam
1192 3856 1436 3935 presentandum
1458 3856 1497 3915 ud
1511 3856 1664 3917 vicariam

421 3966 551 4028 ecclesie
583 3966 622 4026 de
653 3965 834 4034 Yarkbulle,
866 3962 975 4024 nostre
996 3962 1139 4033 diocesis,
1161 3966 1336 4033 vacantem,
1372 3982 1410 4022 ac
1430 3961 1664 4022 instituendum

422 4072 571 4133 canonice
593 4071 626 4130 in
647 4071 765 4141 eadem,
781 4088 905 4130 necnon
927 4068 966 4128 ad
988 4068 1201 4128 inducendum
1222 4087 1278 4128 seu
1300 4067 1406 4128 induci
1427 4067 1604 4129 faciendum
1628 4069 1662 4129 in

420 4178 614 4258 corporalem
649 4177 883 4256 possessionem
925 4175 1077 4254 ejusdem,
1112 4179 1145 4236 et
1180 4174 1412 4235 admittendum
1445 4175 1663 4254 juramentum

421 4285 571 4346 canonice
592 4283 772 4344 obediencie
793 4283 884 4344 nobis
909 4282 1014 4344 debite
1045 4303 1064 4342 a
1095 4301 1230 4361 persona
1254 4280 1404 4360 predicta,
1433 4280 1522 4341 vobis
1552 4285 1665 4342 tenore

422 4390 620 4469 presencium
642 4389 872 4450 committimus
893 4388 978 4449 vices
999 4393 1134 4460 nostras,
1156 4392 1215 4448 etc.
1258 4387 1379 4446 Datum
1401 4384 1595 4457 Herefordie,
1610 4394 1665 4446 xx‘·

421 4496 472 4556 die
493 4496 611 4556 mensis
637 4495 762 4574 Aprilis,
785 4514 867 4555 anno
889 4494 1019 4555 Domini
1041 4492 1263 4554 M⁰GGO⁰xxv⁰.

484 4961 568 5001 l-'l'he
580 4962 650 5006 entra
664 4958 685 5000 is
703 4956 845 5000 uniinisbed.

481 5062 561 5103 2-1.e.
576 5054 644 5101 “xx0
656 5058 698 5101 die
711 5057 815 5107 Apsus.
829 5070 896 5099 anno
910 5054 1013 5099 Densim'
1027 5054 1208 5101 M⁰ccc⁰xxv⁰,
1222 5050 1293 5100 apua
1306 5050 1509 5096 Haeseratamr·
1535 5051 1584 5093 'ibe
1592 5056 1667 5100 enta

418 5127 477 5164 next
490 5122 614 5169 preceding
627 5122 647 5162 is
661 5132 691 5163 an
706 5120 850 5166 institution,
864 5119 903 5161 ior
915 5119 993 5161 which
1007 5130 1048 5159 aee
1061 5116 1186 5166 appendix.
