3850 5917
203 957 216 1006 t

139 4963 172 5004 id.
182 4971 223 5011 ms,

671 677 822 758 Episcopi
849 678 1094 760 Herescrdeasis.
1462 684 1502 743 91

129 879 224 951 ΜΒ
259 903 331 964 terii
363 902 448 964 beati
486 903 596 964 Jacebi
624 904 663 964 de
695 903 894 982 Wygemere,
919 903 1020 963 electo
1048 905 1243 976 confirmate,
1272 905 1416 976 salutem,
1442 911 1501 966 etc.

259 1009 412 1077 Vacante,
430 1015 500 1079 ete„
514 1028 610 1086 inqua
632 1008 689 1067 “in
711 1008 921 1087 religiosum,”
936 1009 977 1070 ad
997 1029 1165 1088 persenam
1188 1017 1277 1069 tuam
1298 1011 1392 1071 variis
1411 1012 1505 1072 denis

258 1115 364 1193 gracie
401 1115 618 1194 multiplieiter
650 1114 834 1194 insignitam
870 1115 1041 1176 direximus
1076 1117 1192 1177 mentis
1228 1123 1336 1178 nostre
1383 1123 1504 1189 vetum,

259 1241 365 1300 quam,
388 1221 535 1282 invocata
556 1222 687 1302 spiritus
711 1221 814 1282 sancti
834 1221 947 1302 gracia,
970 1224 1010 1283 ad
1032 1223 1132 1302 ipsius
1160 1225 1344 1285 monasterii
1365 1225 1506 1304 regimen

259 1327 409 1388 duximus
429 1328 661 1398 assumendam,
682 1333 714 1389 et
736 1332 767 1388 te
786 1328 818 1387 in
847 1328 947 1408 ipsius
970 1329 1153 1390 monasterii
1176 1329 1330 1391 Abbatem
1352 1330 1505 1409 elegimus

259 1438 292 1494 et
319 1432 511 1513 prefecimus
539 1434 572 1492 in
597 1439 767 1513 pastorem,
796 1433 854 1494 tibi
889 1434 1017 1513 plenam
1046 1440 1238 1513 potestatem
1262 1435 1505 1496 administrandi

259 1545 326 1600 tam
348 1540 382 1599 in
412 1539 628 1619 spiritualibus
655 1559 750 1619 quam
786 1539 818 1599 in
847 1539 1074 1618 temporalibus
1102 1541 1339 1611 committendo,
1372 1545 1404 1601 et
1431 1546 1463 1601 te
1485 1560 1505 1600 a

259 1666 335 1706 cura
356 1647 515 1726 prioratus
536 1647 575 1708 de
596 1647 804 1726 Wormsleye‚
819 1667 914 1726 quem
935 1647 1045 1707 multis
1066 1647 1158 1708 annis
1179 1647 1378 1708 laudabiliter
1397 1667 1505 1728 regere

261 1752 440 1822 studuistis,
469 1752 597 1831 penitus
636 1751 835 1822 absolvendo,
872 1773 909 1813 ex
940 1757 1101 1812 transacta
1139 1758 1195 1812 tua
1233 1753 1299 1812 vita
1334 1758 1420 1813 certa
1448 1773 1506 1833 spe

259 1857 351 1919 nobis
369 1858 533 1938 preposite
554 1859 646 1938 qued,
664 1864 791 1920 auctore
813 1859 891 1929 Dee,
907 1859 961 1939 qui
983 1859 1063 1919 dans
1077 1859 1211 1920 virtutes
1226 1859 1347 1938 premia
1364 1859 1504 1939 largitur,

260 1968 293 2023 et
309 1965 415 2043 gracie
436 1964 566 2043 gloriam
587 1985 712 2043 semper
731 1965 828 2036 addit,
843 1965 926 2025 idem
942 1965 1170 2025 monasterium
1186 1985 1244 2045 per
1264 1965 1429 2045 diligencie
1450 1972 1506 2028 tue

260 2069 402 2128 studium
424 2069 458 2128 in
480 2069 696 2149 spiritualibus
719 2075 752 2130 et
771 2070 998 2149 temporalibus
1020 2076 1110 2150 grata
1133 2071 1284 2150 suscipiet
1300 2072 1504 2133 incrementa.

260 2173 340 2234 Cum
363 2175 460 2253 igitur
481 2174 663 2254 hujusmodi
684 2174 845 2235 vocacioni
866 2180 929 2246 tue,
952 2171 1047 2254 'quam
1069 2195 1107 2235 ex
1128 2175 1235 2236 divine
1256 2195 1387 2238 munere
1406 2177 1504 2238 eredi-

260 2301 331 2342 mus
360 2281 562 2361 precessisse,
591 2281 721 2361 obsequi
750 2287 782 2342 te
810 2281 920 2342 deceat
948 2286 1136 2352 reverenter,
1162 2281 1387 2342 discrecienem
1416 2287 1504 2343 tuam

259 2408 417 2467 rogamus,
433 2408 608 2458 monemus,
633 2388 690 2448 tibi
711 2388 744 2447 in
763 2388 880 2448 virtute
898 2388 1079 2449 obediencie
1096 2388 1298 2467 precipiendo
1317 2389 1506 2450 mandantes

258 2495 410 2573 quatinus
439 2494 521 2574 qued
551 2514 571 2555 a
601 2493 701 2564 nobis,
734 2494 831 2554 imme
859 2515 879 2554 a
907 2494 1055 2564 Domine,
1084 2494 1204 2554 iactum
1232 2499 1281 2554 est
1309 2494 1505 2573 amplectens

260 2599 424 2660 humiliter
457 2605 490 2660 et
528 2600 649 2671 devote,
685 2600 725 2659 ad
760 2598 880 2660 dietum
919 2599 1147 2660 monasterium
1183 2599 1325 2660 celeriter
1361 2600 1502 2671 accedas,

262 2713 391 2767 acturus
420 2726 527 2767 euram
560 2707 630 2784 ejus
658 2706 703 2766 ita
729 2705 865 2766 fideliter
903 2710 935 2766 et
963 2705 1136 2784 prudenter
1166 2706 1250 2785 qued
1278 2705 1406 2785 dignam
1434 2706 1504 2767 Dee

260 2813 373 2874 exinde
393 2812 531 2896 reddere
553 2812 658 2873 valeas
683 2813 851 2883 racionem,
886 2832 1008 2892 nosque
1032 2831 1096 2871 nen
1128 2812 1287 2873 immerite
1311 2812 1506 2892 gratulemur

261 2917 356 2978 talem
393 2917 433 2976 ad
470 2916 610 2996 regimen
648 2917 724 2976 dicti
769 2916 952 2977 monasterii
992 2917 1211 2995 assumpsisse,
1248 2917 1302 2996 qui
1339 2916 1434 2978 verbe
1470 2923 1503 2978 et

259 3022 415 3102 exemplo,
441 3023 550 3101 spinas
578 3021 731 3081 viciorum
759 3021 921 3082 evellendo
949 3028 982 3082 et
1006 3021 1140 3082 virtutes
1168 3022 1350 3101 plantando,
1382 3022 1503 3083 cultum

259 3127 420 3208 religionis
439 3132 622 3206 augmentet
644 3127 683 3187 ad
705 3128 765 3188 Dei
783 3128 916 3197 laudem,
935 3127 1075 3208 gloriam,
1097 3134 1129 3189 et
1151 3129 1312 3190 honorem.

263 3392 324 3452 The
346 3391 467 3470 Bisbep
481 3390 583 3452 writes
600 3399 628 3452 te
645 3391 694 3452 the
714 3391 808 3452 Prior
822 3391 886 3452 ared
909 3393 1043 3453 Goceeat
1057 3393 1094 3472 of
1114 3391 1273 3471 Wipmere‚
1295 3393 1505 3472 cmaeaendinp

386 3480 415 3532 te
439 3473 519 3532 them
541 3472 589 3532 tte
610 3493 674 3533 πεπυ
695 3472 802 3532 Abbot.

342 3632 454 3701 Adam,
476 3637 536 3692 etc.
565 3631 666 3691 Priori
687 3636 719 3692 et
739 3631 916 3692 Conventui
939 3632 1126 3693 Menasterii
1148 3633 1187 3693 de
1209 3633 1417 3712 Wiggemere,
1442 3640 1503 3694 etc.

260 3736 412 3807 Vacante,
434 3741 504 3807 ete,
525 3735 655 3796 metetis
675 3736 774 3796 verbis
793 3757 919 3816 persona
938 3736 1029 3798 tercie
1049 3736 1085 3796 ia
1105 3737 1269 3798 serendam
1289 3759 1384 3816 nsqrw
1406 3748 1504 3799 “cum

261 3841 386 3922 igitur.”
423 3843 576 3916 Quocirca
593 3842 795 3903 devocionem
816 3848 953 3903 vestram
971 3843 1135 3904 hortamur
1149 3849 1279 3915 attente,
1297 3845 1386 3905 vebis
1402 3846 1503 3905 eciam

261 3947 294 4006 in
329 3949 447 4008 virtute
482 3947 664 4009 obediencie
698 3947 831 4009 firmiter
868 3949 1070 4028 precipiendo
1109 3950 1306 4021 mandantes,
1343 3951 1501 4030 quatinus,

261 4055 343 4116 sicut
365 4054 507 4114 membra
528 4054 624 4133 capiti
653 4055 872 4134 obsequentes,
902 4056 1004 4116 eidem
1034 4055 1207 4116 exhibeatis
1235 4055 1449 4116 obedienciam
1471 4063 1504 4117 et

262 4161 474 4223 reverenciam
503 4161 641 4221 debitam
671 4165 703 4220 et
724 4161 880 4230 devotam,
910 4161 954 4220 ita
976 4161 1060 4240 qued
1089 4165 1199 4220 mutua
1220 4161 1303 4221 inter
1323 4181 1379 4222 ves
1399 4162 1504 4241 gracia

262 4274 369 4346 grates
387 4267 541 4328 sorciatur
557 4266 690 4327 effectus
705 4272 737 4327 et
759 4287 817 4326 nes
832 4266 1047 4326 sinceritatem
1061 4271 1200 4326 vestram
1217 4266 1320 4345 dignis
1334 4267 1504 4328 debeamus

262 4374 295 4434 in
317 4373 457 4435 Domino
487 4373 631 4433 laudibus
653 4373 883 4433 commendare.
927 4374 1048 4432 Datum
1075 4378 1112 4432 ut
1139 4392 1244 4451 supra.

264 4643 336 4705 Dec.
358 4642 516 4703 29.-Tbe
537 4641 658 4722 Bisbep
678 4663 804 4720 repages
827 4643 895 4702 that
916 4642 965 4702 the
986 4643 1197 4722 appointmeet
1217 4644 1253 4722 os
1285 4644 1334 4703 ibe
1355 4643 1452 4704 Abbet
1472 4646 1508 4723 es

392 4723 542 4802 Wipmera
572 4723 610 4800 hp
633 4723 759 4802 himself
773 4724 828 4801 ser
850 4723 911 4783 ibis
935 4729 1008 4784 turn
1028 4724 1056 4784 is
1077 4724 1207 4784 without
1224 4724 1383 4803 prejudice
1405 4733 1433 4785 te
1456 4725 1506 4786 the

388 4805 474 4883 ripbt
494 4805 530 4882 os
547 4803 675 4864 electiori
696 4803 733 4881 bp
756 4804 805 4864 tlte
828 4804 961 4864 Conveni
983 4805 1019 4864 in
1032 4806 1142 4883 sature
1161 4805 1330 4866 escuncias.

348 4979 494 5037 errnns
518 4993 637 5036 eennu
662 4976 817 5036 Errsceur
839 4995 901 5037 ree
930 4995 1020 5037 nene
1048 4995 1092 5036 en
1122 4977 1501 5038 Wreensrena.—Omni-

265 5085 327 5144 bus
347 5083 475 5153 Christi,
496 5086 556 5142 eto.
599 5080 709 5150 Adam,
732 5085 802 5152 etc,
824 5081 969 5170 salutem,
991 5088 1050 5142 etc.
1093 5082 1175 5143 Cum
1196 5081 1446 5160 percussionem
1469 5091 1502 5147 et
