3850 5917
429 704 469 763 24
804 705 983 785 Rqarram
1009 705 1074 766 Ado
1100 706 1138 766 de
1167 705 1290 767 &leton

258 935 317 976 M>-
332 935 388 975 ¹³¹⁷·
429 928 508 999 ensi,
530 929 628 990 totius
649 929 760 1009 Anglie
781 930 923 1000 Primati,
955 929 1065 1000 Adam,
1090 935 1149 1001 etc,
1178 928 1326 1009 quicquid
1346 934 1453 1009 potest
1473 928 1664 1002 obediencie,

430 1034 608 1097 reverencie
643 1040 675 1096 et
699 1035 837 1096 honoris.
895 1035 995 1114 Super
1029 1055 1067 1096 eo
1101 1035 1186 1114 quod
1215 1034 1250 1094 in
1280 1034 1394 1095 vestris
1434 1034 1549 1096 litteris
1573 1033 1665 1095 nobis

430 1140 537 1202 missis
557 1140 693 1202 vidimus
714 1140 878 1211 contineri,
898 1140 1044 1202 videlicet
1065 1141 1148 1221 quod
1170 1161 1227 1202 vos
1248 1140 1440 1202 admirantes
1463 1140 1664 1205 intellexistis

430 1266 500 1316 nos,
522 1245 555 1305 in
576 1266 648 1328 quo,
670 1250 706 1306 ut
737 1245 883 1317 scribitis,
905 1246 1060 1307 recumbit
1081 1247 1221 1308 totaliter
1248 1247 1326 1307 fides
1347 1252 1462 1319 vestra,
1490 1254 1664 1327 proventus

429 1352 584 1433 quosdam
605 1352 645 1413 ad
666 1372 722 1413 vos
743 1353 868 1413 racione
889 1352 1066 1417 vacacionis
1086 1352 1198 1415 ultime
1218 1352 1430 1433 Episcopatus
1451 1354 1561 1425 nostri,
1584 1374 1664 1435 quos

429 1481 449 1521 a
469 1460 602 1521 diversis
622 1460 765 1539 personis
786 1464 894 1520 nostre
924 1459 1058 1520 diocesis
1088 1479 1146 1538 pro
1175 1458 1357 1539 hujusmodi
1387 1459 1564 1521 vacacionis
1585 1465 1663 1521 tem·

429 1588 506 1647 pore
528 1567 650 1629 debitos
672 1565 800 1637 fecistis,
821 1566 887 1646 jam
907 1566 988 1645 exigi
1009 1571 1042 1627 et
1062 1565 1167 1637 levari,
1186 1570 1308 1627 certum
1327 1565 1366 1626 ad
1386 1565 1446 1626 hoc
1465 1565 1664 1627 collectorem

430 1693 503 1735 cum
537 1678 643 1735 vestra
676 1677 835 1752 potestate
869 1672 1047 1751 specialiter
1087 1672 1285 1750 deputantes
1319 1671 1353 1730 in
1386 1671 1466 1750 juris
1499 1671 1598 1732 vestri
1632 1676 1665 1733 et

429 1779 561 1841 ecclesie
589 1784 694 1840 vestre
722 1778 931 1858 prejudicium
959 1777 1142 1839 vendicasse
1162 1782 1195 1838 et
1225 1781 1330 1838 vestro
1361 1778 1519 1838 collectori
1550 1778 1584 1838 in
1604 1778 1665 1840 hoo

430 1886 663 1965 quodammodo
683 1884 839 1946 restitisse
850 1904 857 1955 ;
887 1884 968 1945 sciat
989 1888 1095 1945 vestra
1115 1883 1286 1949 reverenda
1305 1884 1480 1963 paternitas
1501 1884 1585 1964 quod
1605 1904 1665 1946 nos

431 1992 595 2072 hucusque
616 1992 649 2050 in
670 1991 749 2071 juris
770 1990 867 2052 vestri
888 1990 938 2051 vel
958 1989 1090 2051 ecclesie
1116 1994 1220 2050 vestre
1240 1988 1448 2068 preJ'udicium
1469 1989 1666 2051 vendicando

429 2117 487 2159 seu
507 2097 756 2177 qualemcunque
777 2096 994 2157 resistenciam
1014 2094 1177 2159 inferendo
1197 2094 1295 2155 nichil
1315 2094 1443 2174 penitus
1463 2094 1663 2175 attemptavi-

429 2220 501 2261 mus
537 2200 570 2260 in
612 2199 783 2280 premissis,
818 2200 892 2260 licet
933 2199 1018 2260 aliud
1062 2199 1142 2260 falsa
1183 2199 1272 2261 vobis
1312 2199 1408 2261 fuerit
1447 2200 1664 2262 insinuacione

430 2314 623 2387 suggestum.
658 2306 777 2367 Verum
798 2306 872 2386 quia
888 2305 974 2365 dicta
993 2305 1118 2367 exaccio
1133 2326 1228 2385 quam
1249 2305 1283 2371 in
1296 2311 1405 2367 nostra
1426 2306 1543 2367 diocesi
1561 2305 1664 2369 iacere

429 2412 615 2497 proponitis,
637 2432 694 2492 per
714 2432 818 2491 quam,
840 2411 867 2471 si
888 2410 1081 2491 procederet,
1102 2409 1233 2471 ecclesie
1252 2415 1361 2472 nostre
1381 2410 1472 2473 nobis
1492 2416 1525 2472 et
1545 2412 1664 2474 nostris

429 2518 564 2579 subditis
584 2522 693 2598 posset
713 2515 920 2577 intollerabile
950 2516 1159 2595 prejudicium
1189 2515 1339 2595 generari,
1360 2535 1443 2577 nova
1472 2516 1601 2577 insolita
1630 2522 1664 2578 et

428 2623 463 2683 in
497 2623 614 2685 nostris
645 2627 694 2683 est
727 2621 870 2702 partibus
904 2621 1055 2693 inaudita,
1089 2641 1148 2683 nec
1181 2621 1268 2682 nullo
1301 2621 1371 2700 jure
1402 2621 1451 2682 vel
1481 2621 1663 2683 racionabili

429 2728 658 2791 consuetudine
687 2734 723 2789 ut
757 2728 914 2789 credimus
943 2728 1103 2798 toleratur,
1134 2727 1385 2789 dominacionem
1419 2732 1557 2788 vestram
1589 2748 1661 2807 sup·

427 2835 553 2916 pliciter
569 2834 773 2914 imploramus
790 2838 827 2893 ut
842 2832 946 2913 ipsam
962 2832 1081 2894 differri
1096 2832 1147 2893 vel
1163 2832 1276 2893 saltem
1293 2832 1492 2904 dissimulari,
1511 2833 1537 2894 si
1556 2833 1662 2906 libeat,

428 2941 566 3023 jubeatis
586 2960 759 3021 quousque,
791 2937 900 3000 habito
931 2958 1004 2999 cum
1024 2942 1134 3000 nostro
1165 2938 1303 3019 capitulo
1331 2939 1501 3000 deliberato
1521 2939 1662 3014 consilio,

428 3048 543 3109 vestris
570 3046 768 3127 perfruamur
796 3044 960 3125 colloquiis
988 3050 1020 3105 et
1041 3035 1187 3123 aspectu,
1218 3048 1251 3105 et
1279 3064 1347 3116 nos,
1377 3044 1431 3124 qui
1459 3044 1664 3106 vehementer

429 3153 574 3233 cupimus
605 3156 720 3213 cuncta
747 3155 852 3211 vestra
880 3156 912 3211 et
939 3149 1070 3211 ecclesie
1097 3156 1203 3211 vestre
1227 3150 1297 3230 jura
1325 3149 1445 3210 illibata
1471 3169 1529 3229 per
1555 3150 1663 3212 omnia

428 3279 624 3331 conservare,
654 3257 782 3319 interim
813 3256 881 3318 vias
914 3260 946 3317 et
975 3256 1085 3317 modos
1113 3276 1280 3336 queremus
1308 3254 1474 3335 diligenter
1499 3276 1557 3335 per
1582 3276 1663 3337 quos

427 3365 587 3446 possimus
621 3364 655 3424 in
686 3362 848 3444 premissis
879 3366 912 3423 et
943 3361 1014 3423 aliis
1044 3361 1190 3423 omnibus
1217 3382 1276 3423 noa
1310 3361 1424 3423 vestris
1457 3360 1663 3443 beneplacitis

429 3476 575 3550 coaptare
610 3475 642 3532 et
683 3470 766 3531 votis
806 3468 921 3530 vestris
961 3467 1057 3529 verbo
1096 3468 1215 3547 pariter
1253 3473 1285 3529 et
1325 3487 1420 3547 opere
1455 3467 1660 3549 complacere.

428 3577 557 3638 Placeat
578 3581 685 3638 autem
712 3580 816 3637 vestre
837 3574 1025 3654 benignitati
1051 3574 1221 3635 rescribere
1247 3574 1424 3654 superbiis
1444 3574 1541 3635 vestri
1568 3574 1662 3637 nobis

427 3682 547 3745 arbitrii
568 3682 778 3743 moderamen.
835 3680 883 3741 Ad
903 3680 1035 3742 ecclesie
1055 3699 1111 3741 sue
1131 3680 1270 3760 regimen
1291 3680 1325 3739 in
1345 3679 1432 3740 omni
1451 3681 1661 3761 prosperitate

427 3810 484 3852 vos
512 3793 676 3850 conservet
697 3786 880 3848 Altissimus
900 3792 933 3847 et
953 3786 1043 3847 vobis
1065 3786 1218 3865 adaugeat
1239 3786 1358 3846 donum
1381 3785 1484 3865 gracie
1503 3785 1660 3849 salutaris.

427 3895 552 3976 Scripta
579 3894 662 3974 apud
683 3893 869 3973 Edyndone,
890 3892 994 3954 ixdie
1015 3892 1134 3954 mensis
1159 3892 1361 3972 Septembris.

430 4152 514 4232 Sept.
536 4150 692 4211 13.-Tl1e
716 4148 908 4229 Archba'cbop
928 4168 1031 4227 agrees
1058 4155 1087 4210 to
1108 4148 1229 4209 ductus
1258 4147 1307 4208 the
1330 4154 1442 4209 arettas
1470 4148 1558 4209 sclua
1589 4148 1660 4227 they

549 4238 633 4303 meat,
662 4230 725 4293 aad
746 4238 880 4309 squests
902 4228 971 4290 tlurt
999 4229 1068 4307 they
1094 4249 1154 4290 cca
1179 4228 1251 4289 dccl
1272 4228 1350 4288 wilt
1377 4228 1404 4289 it
1427 4235 1461 4289 at
1489 4228 1538 4290 the
1555 4229 1659 4310 sortia

548 4312 667 4392 comioq
690 4311 869 4392 Conferaace
890 4310 925 4391 of
942 4310 992 4371 tlte
1015 4310 1149 4390 Biclacpa
1172 4309 1207 4390 of
1228 4309 1278 4370 the
1297 4308 1455 4371 Propinas.

509 4472 655 4530 errsna
686 4485 805 4529 nonnu
834 4466 1089 4528 Ancurarrsooru
1123 4466 1385 4527 Garruaarsssrs
1421 4484 1547 4528 nourso
1582 4467 1659 4528 Eru-

425 4594 524 4640 sooro
549 4576 810 4636 Hraarosnnsm
839 4573 1200 4645 umacus-Walterus,
1223 4572 1430 4652 permissione
1450 4572 1557 4634 divina
1577 4574 1657 4635 Gan·

427 4683 596 4746 tuariensis
617 4682 803 4761 Episcopus,
821 4680 919 4742 totius
941 4678 1052 4759 Anglie
1070 4678 1203 4750 Primae,
1224 4678 1393 4739 venerabili
1420 4678 1509 4739 fratri
1530 4679 1659 4742 domino

427 4790 503 4863 Ade,
529 4796 598 4861 etc,
621 4788 765 4859 salutem,
793 4792 852 4848 etc.
894 4787 1008 4848 Vestro
1038 4784 1218 4847 dileccionis
1238 4785 1369 4857 litteras,
1394 4785 1434 4845 ad
1458 4784 1659 4864 epistolarem

428 4896 560 4958 affatum
602 4914 696 4975 quem
742 4892 862 4972 pridem
913 4891 1002 4953 vobis
1043 4889 1188 4951 misimus
1229 4910 1324 4970 super
1363 4909 1401 4951 eo
1442 4890 1525 4969 quod
1566 4889 1659 4953 nobis

425 5001 622 5082 quorundam
644 4996 799 5079 suggessit
824 4997 938 5058 relacio
964 5016 1021 5058 vos
1045 4996 1170 5056 cuidam
1195 4997 1344 5058 mandato
1367 5002 1486 5068 nostro,
1511 4996 1595 5075 quod
1619 4997 1660 5057 ad

423 5113 530 5189 partes
565 5109 669 5168 vestre
703 5102 836 5165 diocesis
880 5122 937 5182 pro
982 5101 1170 5183 quibusdam
1210 5101 1415 5182 proventibus
1456 5102 1659 5164 ecclesiarum
