3850 5917
223 851 280 891 Μ).
295 852 350 891 1317.

395 673 435 731 52
770 673 949 751 Reciatram
976 673 1041 734 Adc
1068 673 1105 734 de
1135 673 1259 734 Orlctoa

392 897 485 976 quod,
521 896 548 956 si
583 895 671 956 vobis
707 902 851 958 constare
884 899 1003 977 poterit
1033 897 1079 959 ita
1112 917 1191 968 esse,
1228 904 1303 958 tunc
1335 898 1367 958 id
1398 899 1482 978 quod
1508 898 1631 977 prefato

392 1002 522 1081 Hugoni
554 1001 655 1062 adhuc
678 1007 777 1064 restat
808 1002 988 1063 faciendum
1018 1004 1111 1082 plene
1142 1003 1209 1064 fieri
1230 1003 1362 1076 faciatis,
1385 1004 1430 1064 ita
1453 1005 1538 1084 quod
1567 1026 1630 1065 non

302 1101 308 1113 '
391 1113 534 1187 oporteat
565 1128 623 1168 nos
653 1108 828 1188 superbos
858 1108 934 1170 alias
964 1109 1126 1170 sollicitari
1146 1129 1185 1170 ex
1210 1111 1269 1170 hac
1300 1131 1404 1171 causa.
1457 1111 1552 1172 Teste
1581 1132 1632 1172 me

392 1213 460 1294 ipso
496 1213 579 1291 apud
614 1213 819 1292 Wyndeeore,
849 1223 880 1273 x⁰
911 1214 961 1274 die
986 1214 1180 1285 Decembris,
1216 1234 1299 1275 anno
1330 1214 1418 1295 regni
1449 1216 1550 1277 nostri
1572 1237 1629 1277 un-

392 1319 522 1379 decimo.
576 1319 728 1393 Quocirca
760 1320 849 1381 vobis
878 1321 1108 1382 committimus
1137 1328 1170 1382 et
1198 1322 1386 1383 mandamus
1409 1324 1560 1403 quatinus
1591 1324 1631 1382 ad

391 1424 556 1485 ecclesiam
580 1429 722 1484 nostram
747 1425 1014 1486 Hereiordensem
1043 1446 1138 1506 quam
1169 1426 1267 1486 cicius
1296 1427 1461 1487 commode
1484 1426 1631 1505 poteritis

391 1531 598 1609 personaliter
618 1531 804 1592 accedentes
824 1532 1054 1593 venerabilibus
1076 1532 1161 1603 viris,
1181 1532 1272 1592 nobis
1293 1532 1326 1591 in
1348 1531 1475 1593 Christo
1496 1530 1629 1600 dilectis,

390 1636 527 1696 dominis
550 1637 679 1697 Decano
703 1642 735 1697 et
767 1637 913 1716 Capitulo
934 1637 1065 1698 ecclesie
1089 1642 1196 1699 nostre
1218 1637 1461 1698 Herefordensis
1488 1636 1629 1715 legitime

391 1741 531 1816 vocatis,
542 1742 663 1820 prefato
686 1742 816 1821 Hugoni
830 1762 925 1821 super
945 1742 1108 1820 premissis
1123 1743 1190 1804 vice
1220 1747 1330 1804 nostra
1346 1742 1493 1804 exhibere
1512 1742 1629 1803 curetis

389 1848 515 1927 justicie
537 1847 812 1927 complementum.
869 1848 989 1908 Datum
1014 1848 1098 1927 apud
1127 1848 1290 1927 Heybury,
1322 1849 1408 1928 xviij⁰
1432 1848 1483 1908 die
1513 1847 1633 1909 mensis

391 1951 584 2023 Decembris,
607 1972 690 2012 auno
715 1951 844 2012 Domini
865 1951 1033 2013 millesimo
1062 1952 1238 2032 000⁰xvij0,
1260 1959 1320 2014 etc.

391 2181 464 2242 Dcc.
495 2181 631 2242 2.—le
661 2181 788 2260 Bishop,
825 2180 862 2258 by
894 2178 1047 2241 directior
1072 2181 1108 2260 os
1139 2181 1188 2240 the
1215 2181 1306 2260 Popc,
1335 2189 1441 2259 prante
1470 2188 1500 2242 to
1527 2182 1629 2259 Roqcr

514 2261 685 2341 Iakcpcaac
708 2282 729 2321 a
753 2261 864 2322 liccace
889 2268 918 2322 tc
941 2261 1040 2334 found
1058 2261 1122 2321 and
1143 2261 1247 2322 cndow
1269 2283 1290 2322 a
1311 2261 1496 2341 chcplaincy
1519 2264 1555 2321 c'n
1578 2261 1628 2322 the

513 2349 657 2420 cccactay
683 2343 719 2421 of
743 2342 792 2403 the
821 2342 911 2402 Naar
935 2342 971 2421 os
996 2342 1034 2402 St
1061 2343 1190 2420 Mary’s,
1223 2343 1430 2404 Wiaclrestcr.¹

475 2485 650 2555 Universis,
686 2489 755 2556 etc,
791 2484 902 2556 Adam,
941 2488 1001 2545 etc.
1057 2484 1195 2546 litteras
1233 2485 1425 2546 sanctissimi
1459 2485 1564 2546 Patris
1598 2491 1632 2545 et

392 2590 511 2651 domini
532 2590 687 2651 Jobannis
715 2590 821 2650 divina
847 2590 1050 2670 providencia
1068 2591 1155 2670 Pape
1176 2591 1249 2670 xxij,
1271 2591 1325 2651 filo
1345 2592 1474 2671 canapis
1498 2597 1531 2651 et
1556 2611 1630 2651 vera

392 2697 476 2758 bulla
504 2697 652 2777 plumbea
680 2696 816 2766 bullatis,
839 2717 903 2757 non
931 2697 1071 2769 viciatas,
1100 2703 1170 2757 etc..
1200 2697 1376 2776 recepimus
1403 2702 1546 2758 tenorem
1574 2695 1629 2776 qui

392 2802 533 2883 sequitur
565 2802 783 2863 continentes:
818 2802 991 2873 Jobannee,
1027 2808 1097 2873 etc,
1132 2801 1302 2863 venerabili
1340 2802 1429 2862 fratri
1467 2801 1628 2881 Episcopo

392 2908 616 2970 Herefordensi
638 2909 782 2978 salutem,
800 2914 859 2968 etc.
901 2907 1022 2968 Peticio
1042 2907 1148 2969 dilecti
1168 2908 1223 2967 filii
1243 2907 1357 2987 Rogeri
1379 2908 1417 2968 de
1432 2907 1626 2987 Inkepenne,
1682 2895 1687 2907 ’

390 3015 467 3077 civis
492 3014 674 3094 Wyntonie,
695 3013 786 3075 nobis
811 3013 949 3074 exhibita
974 3012 1156 3074 continebat
1187 3013 1271 3093 quod
1298 3013 1373 3075 licet
1400 3013 1468 3092 ipse
1496 3013 1628 3093 cupiens

390 3126 514 3181 terrena
536 3119 568 3178 in
588 3118 723 3188 celestia,
746 3117 927 3179 transitoria
950 3118 984 3176 in
1005 3123 1122 3189 eterna,
1145 3117 1228 3178 felici
1244 3119 1400 3179 comercio
1422 3123 1627 3191 commutare,

390 3225 596 3306 capellaniam
617 3225 775 3304 quandam
792 3224 825 3282 in
842 3222 997 3284 cimiterio
1018 3223 1201 3284 monasterii
1220 3223 1404 3284 monialium
1422 3223 1511 3285 beate
1527 3223 1629 3286 Mario

390 3331 571 3410 Wyntonie,
594 3329 712 3391 ordinis
734 3330 836 3390 sancti
860 3329 1035 3401 Benedicti,
1057 3330 1096 3390 de
1117 3329 1248 3390 licencia
1268 3334 1301 3390 et
1321 3350 1478 3390 consensu
1499 3349 1627 3391 venera-

389 3438 460 3499 bilis
481 3437 587 3498 fratris
609 3436 709 3497 nostri
741 3435 891 3515 Episcopi
914 3435 1145 3497 Wintoniensis
1166 3455 1202 3496 ac
1230 3436 1415 3496 dilectarum
1443 3435 1476 3494 in
1502 3435 1629 3496 Christo

388 3547 523 3607 filiarum
544 3545 709 3606 Abbatissa
733 3551 764 3605 et
788 3544 971 3605 Conventus
996 3545 1178 3605 monasterii
1204 3544 1385 3628 supradicti,
1405 3564 1528 3604 necnon
1550 3545 1629 3605 Rec-

387 3653 466 3716 toris
486 3651 674 3732 parochialis
691 3650 821 3712 ecclesie
839 3651 979 3729 ejusdem
1003 3650 1194 3720 monasterii,
1209 3670 1267 3729 pro
1285 3649 1407 3710 duobus
1425 3648 1628 3728 presbyteris,

389 3759 421 3817 in
443 3757 553 3818 eadem
567 3755 687 3835 capella
700 3776 758 3835 pro
773 3775 902 3816 suorum
919 3775 955 3815 ac
970 3759 1138 3834 parentum
1153 3775 1281 3815 suorum
1294 3775 1418 3815 necnon
1433 3760 1465 3814 et
1486 3755 1630 3815 omnium

385 3866 525 3928 fidolium
553 3864 773 3925 defunctorum
805 3863 943 3924 remedio
974 3869 1185 3943 peccatorum,
1208 3862 1294 3922 salvo
1324 3862 1357 3920 in
1384 3861 1531 3923 omnibus
1558 3863 1630 3942 jure

389 3969 529 4031 matricis
554 3975 585 4031 et
613 3967 802 4048 parochialis
831 3967 972 4038 ecclesie,
996 3974 1149 4047 perpetuo
1177 3966 1389 4038 celebraturis,
1418 3967 1630 4029 construxerit

388 4095 482 4155 opere
503 4080 699 4153 sumptuoso,
723 4073 890 4134 Abbatissa
910 4079 1018 4133 tamen
1039 4079 1072 4133 et
1093 4073 1277 4134 Conventus
1298 4093 1334 4132 ac
1354 4072 1470 4133 Rector
1493 4075 1628 4153 predicti

388 4181 523 4243 eundem
545 4181 712 4259 Rogerum,
735 4199 793 4258 pro
814 4199 851 4239 eo
872 4179 957 4259 quod
978 4199 1074 4258 super
1096 4179 1228 4238 licencia
1248 4183 1280 4238 et
1301 4197 1458 4238 consensu
1477 4180 1628 4258 predictis

388 4288 475 4347 nulla
495 4285 651 4364 scriptura
671 4285 832 4346 autentica
856 4285 1027 4346 intervenit
1050 4284 1241 4364 hujusmodi,
1277 4283 1377 4363 ipsius
1403 4284 1492 4364 pium
1516 4292 1627 4347 votum

387 4393 537 4473 perficere
569 4412 633 4452 non
669 4392 868 4472 permittunt.
922 4391 1025 4466 Quare
1059 4390 1151 4451 nobis
1185 4390 1348 4451 humiliter
1367 4391 1556 4469 supplicavit
1591 4399 1628 4451 ut

388 4519 460 4560 curn
482 4499 520 4558 de
542 4497 723 4576 hujusmodi
744 4497 875 4558 licencia
897 4503 929 4558 et
951 4516 1107 4557 consensu
1129 4497 1334 4575 probaciones
1354 4495 1415 4556 alie
1442 4495 1628 4567 habeantur,

388 4612 421 4666 et
440 4605 505 4684 jam
526 4623 607 4682 opus
628 4604 711 4665 dicte
732 4604 850 4682 capelle
872 4603 1084 4682 compleverit,
1106 4623 1142 4663 ac
1172 4609 1303 4682 paratus
1323 4603 1365 4663 sit
1386 4602 1487 4662 eidem
1510 4603 1629 4682 capelle

388 4710 595 4771 sufficientem
631 4709 737 4770 dotem
764 4728 821 4788 pro
850 4708 973 4768 duobus
1001 4707 1194 4786 presbyteris
1222 4714 1384 4769 eteorum
1415 4707 1568 4768 ministris
1588 4707 1629 4768 de

388 4815 514 4894 proprio
550 4815 741 4893 patrimonio
777 4815 945 4892 assignare,
983 4812 1114 4874 eandem
1155 4813 1360 4892 capellaniam
1409 4812 1549 4883 dotandi,
1590 4833 1630 4873 ac

390 4922 524 4982 faciendi
553 4921 586 4979 in
607 4941 645 4982 ea
664 4940 721 5000 per
741 4920 842 4981 dictos
865 4919 1073 4999 presbyteros,
1095 4919 1135 4979 ab
1155 4920 1226 4999 ipso
1245 4925 1278 4981 et
1306 4919 1372 4980 suis
1394 4919 1629 4981 successoribus

403 5108 425 5149 h·
451 5055 613 5148 liebrgappg
623 5057 690 5150 ›R‘m
703 5057 717 5096 6
730 5055 764 5096 ld.
777 5057 847 5102 dune,
863 5057 918 5102 1³17.
932 5055 980 5097 and
989 5057 1031 5096 the
1041 5055 1150 5102 Resistet
1162 5055 1188 5097 cf
1202 5055 1291 5102 Biston
1305 5056 1416 5102 Sandale,
1437 5068 1459 5101 c.
1476 5057 1515 5096 m
1531 5052 1633 5104 (Hamp-

389 5121 401 5150 s
420 5119 453 5149 ure
483 5119 525 5148 cco
615 5134 637 5147 ..
