3850 5917
706 682 859 763 Episcopi
886 682 1131 763 Heresordansis.
1478 687 1537 747 283

89 913 176 953 ΛΦ·
194 914 253 954 ¹³²⁴·
295 906 438 969 matricis
468 907 603 987 percipit
633 908 713 969 duos
745 907 862 969 solidos
889 909 988 968 annui
1011 929 1133 981 census,
1166 910 1220 989 qui
1251 915 1381 971 vocatur
1412 910 1538 972 feodum

295 1012 513 1075 consessionis.
554 1014 640 1075 Item
665 1014 741 1075 dicit
772 1014 857 1094 quod
877 1014 1059 1095 capellanus
1087 1015 1170 1077 dicte
1199 1015 1317 1096 capelle
1348 1021 1380 1077 et
1411 1016 1538 1097 quidam

294 1120 479 1201 parochiani
507 1121 649 1201 ejusdem
678 1120 811 1200 singulis
840 1120 933 1181 annis
964 1139 1021 1200 per
1051 1120 1135 1182 diem
1164 1121 1277 1182 Martis
1305 1120 1337 1181 in
1366 1121 1539 1183 ebdomada

295 1226 503 1287 Pentecostes
538 1226 685 1287 accedere
723 1224 827 1286 solent
867 1226 909 1286 ad
948 1224 1066 1285 dictam
1102 1225 1266 1287 matricem
1301 1225 1465 1287 ecclesiam
1500 1228 1538 1288 de

295 1330 451 1392 Wenlcke
492 1330 532 1391 sd
574 1330 808 1410 processionem
849 1329 1035 1409 insignum
1074 1330 1291 1409 subjeccionis.
1358 1331 1426 1393 Nec
1461 1332 1539 1393 vidit

295 1435 410 1515 aliquis
434 1436 474 1495 de
497 1435 583 1496 dicta
606 1435 815 1515 inquisicione
842 1456 861 1496 a
886 1434 914 1495 L
937 1434 1031 1497 annis
1056 1440 1089 1497 et
1118 1436 1196 1497 citra
1224 1435 1360 1516 aliquem
1384 1442 1538 1499 rectorem

296 1540 413 1602 ibidem
439 1541 566 1601 racione
594 1540 694 1620 ipsius
725 1540 871 1602 Rectorie
902 1540 942 1601 ad
971 1560 1078 1602 sacros
1109 1540 1235 1603 ordines
1265 1543 1450 1622 promoveri,
1480 1564 1539 1605 nec

297 1666 354 1727 per
374 1647 511 1727 aliquem
536 1646 740 1708 diocesanum
768 1646 808 1706 ad
832 1645 865 1705 id
886 1645 1041 1725 compelli,
1064 1650 1113 1707 set
1141 1645 1256 1708 abillo
1280 1651 1422 1727 tempore
1449 1653 1481 1709 et
1505 1649 1538 1709 in

295 1758 391 1814 antea
415 1774 434 1814 a
458 1758 600 1833 tempore
621 1752 711 1832 cujus
733 1750 881 1814 contrarii
903 1744 1055 1813 memoria
1075 1773 1140 1814 non
1165 1752 1280 1824 existit,
1304 1758 1399 1833 prout
1420 1752 1480 1833 ipsi
1499 1754 1539 1817 de

295 1856 504 1938 inquisicione
525 1858 633 1919 audire
654 1863 835 1938 potuerunt,
855 1857 940 1918 dicte
961 1858 1082 1937 capella
1095 1857 1193 1919 libera
1214 1862 1246 1920 et
1266 1878 1323 1938 pro
1344 1878 1408 1919 non
1430 1865 1539 1921 curata

296 1963 418 2025 notorie
439 1963 623 2035 habebatur,
648 1969 681 2024 et
711 1963 757 2025 sic
788 1963 952 2043 hucusque
984 1968 1157 2043 reputetur.
1210 1964 1254 2024 Et
1275 1964 1321 2025 sic
1352 1965 1536 2025 mandatum

295 2074 435 2130 vestrm
464 2089 545 2140 sum,
566 2074 603 2129 ut
632 2068 732 2148 potui,
764 2074 923 2131 executus.
980 2070 1100 2130 Datum
1129 2069 1213 2149 apud
1235 2069 1396 2149 Wileleye,
1425 2070 1476 2131 die
1504 2074 1538 2131 et

295 2194 379 2235 enno
400 2174 598 2254 supradictis.

295 2440 390 2522 April
420 2442 555 2533 9.-i⁷lw
583 2441 702 2533 Bishop
726 2442 847 2533 aesque
872 2448 903 2503 to
919 2440 1072 2533 ‘willam
1099 2442 1136 2502 de
1164 2442 1305 2520 Brohury
1334 2442 1383 2503 the
1410 2443 1537 2521 custody

420 2523 551 2602 (dumne
573 2522 622 2583 the
642 2530 791 2601 manente
812 2523 848 2602 of
875 2522 1015 2583 Wsllecm
1035 2522 1072 2584 de
1097 2522 1298 2601 Northpravc‚
1321 2522 1371 2583 tha
1394 2523 1483 2604 heir),
1505 2525 1541 2604 os

417 2603 582 2763 Zapwlcnds
602 2603 704 2664 which
726 2602 810 2663 John
829 2602 866 2664 de
894 2604 1095 2683 Northpravc,
1119 2603 1270 2675 deceased,
1297 2603 1367 2664 held
1387 2605 1473 2685 from
1488 2604 1537 2667 the

375 2854 484 2917 ossas
518 2872 563 2915 ns
598 2872 758 2914 cussonis
800 2872 944 2915 ssasnrs
979 2855 1142 2916 Jonsems
1177 2873 1221 2915 ns
1257 2856 1537 2917 Nceessene—

291 2962 407 3022 Pateat
427 2961 583 3022 universis
603 2981 660 3041 per
689 2968 854 3042 presentes
884 2962 969 3043 quod
1001 2982 1069 3034 nos,
1091 2962 1202 3035 Adam,
1223 2968 1294 3034 etc,
1322 2962 1536 3024 concessimus

292 3066 454 3128 Willelmo
468 3067 508 3127 de
521 3066 698 3146 Brokbury,
712 3087 770 3147 pro
784 3069 921 3147 quadam
939 3068 1073 3147 pecunie
1092 3088 1217 3129 summa
1231 3088 1327 3148 quam
1344 3067 1435 3129 nobis
1449 3068 1537 3129 dedit

292 3171 505 3252 premanibue‚
530 3172 707 3233 custodiam
731 3173 865 3233 duarum
885 3172 1028 3253 parcium
1050 3179 1203 3234 terrarum
1229 3178 1261 3234 et
1282 3178 1535 3235 tenementcrum

293 3297 356 3358 que
376 3276 505 3338 luerunt
531 3276 689 3339 Johannie
709 3277 749 3338 de
770 3278 979 3358 Northgrave‚
1001 3278 1151 3349 defuncti,
1172 3278 1226 3358 qui
1248 3279 1287 3340 de
1307 3278 1435 3340 domino
1450 3278 1536 3359 Rege

293 3383 397 3445 tenuit
424 3382 458 3443 in
478 3383 591 3463 capite,
610 3402 706 3463 quam
728 3384 856 3463 quidem
884 3384 1060 3445 custodiam
1086 3404 1186 3464 nuper
1208 3384 1377 3445 habuimus
1405 3405 1442 3446 ex
1461 3405 1534 3446 con-

292 3487 436 3549 cessione
454 3488 574 3548 domini
591 3488 696 3567 Regis,
715 3487 894 3549 habendam
915 3495 949 3551 et
967 3489 1137 3551 tenendam
1159 3490 1261 3551 eidem
1282 3490 1441 3552 Willelmo
1462 3510 1534 3551 cum

292 3592 441 3655 omnibus
482 3594 522 3654 ad
560 3593 737 3655 custodiam
765 3593 852 3654 illam
890 3595 1109 3675 spectantibus
1150 3616 1251 3676 usque
1289 3596 1329 3656 ad
1361 3596 1534 3676 legitimam

291 3704 413 3762 etatem
433 3699 594 3770 willelmi,
615 3699 676 3759 filii
693 3705 727 3761 et
756 3700 883 3763 heredis
911 3702 1044 3781 predicti
1073 3701 1230 3763 Jchannie
1259 3701 1298 3763 de
1326 3700 1533 3781 Northgrave‚

291 3825 429 3867 unacum
453 3805 619 3885 maritagio
639 3806 782 3886 ejusdem
803 3806 929 3869 heredis
949 3807 1069 3887 absque
1089 3806 1353 3886 dispsrsgseione,
1375 3806 1535 3867 reddendo

291 3911 366 3973 inde
408 3911 538 3972 domino
581 3912 659 3991 Regi
693 3932 750 3992 per
793 3933 913 3974 annum
947 3932 1005 3993 pro
1041 3913 1132 3975 nobie
1168 3912 1307 3993 quinque
1335 3932 1457 3975 marcas
1493 3913 1533 3974 ad

292 4018 490 4079 Scaccarium
512 4037 616 4089 suum,
637 4036 733 4078 unam
754 4018 900 4081 videlicet
931 4020 1134 4081 medietatem
1165 4020 1205 4079 ad
1243 4018 1439 4080 Scaccarium
1471 4025 1532 4080 ter·

291 4122 379 4184 mino
403 4123 535 4194 Pascha,
560 4128 593 4184 ct
616 4123 712 4183 aliam
740 4124 943 4186 medietatem
972 4126 1012 4185 ad
1041 4124 1239 4186 Scaccarium
1268 4124 1403 4185 termino
1431 4124 1533 4186 sancti

290 4228 467 4290 Michaelis.
497 4228 586 4290 Etsi
606 4228 645 4290 de
662 4228 785 4309 prefato
802 4230 972 4303 willelmo,
989 4230 1054 4291 filio
1071 4230 1148 4291 dicti
1164 4230 1330 4302 iohannis,
1348 4230 1532 4293 humanitus

288 4334 455 4414 contingat
474 4338 646 4415 antequam
667 4336 709 4395 ad
735 4336 863 4416 plenam
886 4342 1006 4398 etatem
1029 4336 1207 4417 pervenerit
1234 4340 1267 4397 et
1290 4355 1347 4415 per
1374 4336 1531 4415 prefatum

289 4439 487 4502 Willelmum
505 4440 546 4500 de
566 4440 733 4521 Brokbury
759 4441 855 4503 fuerit
878 4443 1055 4513 maritatus,
1083 4442 1198 4503 herede
1227 4461 1285 4503 suo
1312 4441 1531 4503 intractatam

290 4546 458 4618 existente,
495 4551 572 4608 tunc
609 4546 693 4608 idem
734 4548 912 4610 Willelmus
940 4549 980 4609 de
1007 4548 1175 4627 Brokbury
1206 4546 1322 4608 habeat
1355 4547 1531 4607 custodiam

289 4652 426 4715 duarum
452 4652 594 4733 parcium
614 4658 770 4715 terrarum
789 4661 823 4716 et
850 4659 1104 4716 tenementcrum
1132 4654 1344 4734 predictorum
1365 4673 1464 4733 usque
1492 4654 1533 4715 ad

288 4758 464 4840 legitimam
480 4764 599 4821 etatem
620 4760 802 4839 hujusmodi
816 4760 941 4822 heredis
961 4758 1095 4839 predicti
1113 4758 1274 4830 willelmi,
1293 4758 1350 4818 filii
1366 4758 1386 4819 J
1388 4758 1532 4831 ohannis,

291 4865 326 4925 in
346 4864 448 4926 torma
461 4864 611 4945 predicta,
633 4884 771 4926 unacum
792 4864 956 4945 maritagio
974 4864 1117 4944 ejusdem
1135 4863 1254 4943 absque
1267 4862 1531 4942 disparagecione,

285 4976 326 5033 et
355 4968 403 5031 sic
432 4968 472 5030 de
505 4968 621 5030 herede
647 4969 682 5029 in
709 4968 868 5041 heredem,
899 4986 1064 5049 quousque
1096 4966 1210 5047 aliquis
1232 4965 1384 5027 heredum
1409 4966 1530 5045 predic-

292 5082 399 5139 eorum
426 5074 467 5137 ad
493 5074 621 5155 plenam
648 5080 767 5136 etatem
790 5095 881 5137 suam
908 5072 1096 5155 pervenerit,
1118 5077 1152 5133 et
1175 5070 1259 5133 idem
1288 5070 1464 5132 Willelmus
1492 5072 1531 5133 de
