3850 5917
417 703 458 762 56
794 701 975 781 chistrum
1001 701 1067 763 Adc
1093 702 1131 762 de
1160 701 1283 763 Orletoa

246 931 306 970 M)-
321 931 376 968 ¹³¹⁷·
422 947 517 1007 quam
539 927 759 1008 quoquomodo
779 926 942 1006 potuimus
963 926 1046 986 circa
1064 925 1256 987 lavacionem
1281 929 1314 987 et
1334 926 1552 987 colleccionem
1575 927 1659 987 dicte

420 1033 541 1094 decime
571 1033 766 1094 exercuimus
796 1033 828 1092 in
861 1032 920 1092 hac
947 1037 1056 1111 parte;
1092 1031 1184 1092 multi
1213 1037 1319 1092 tamen
1355 1031 1512 1092 mandatis
1541 1032 1660 1094 nostris

420 1139 626 1200 obaudientes
652 1138 790 1200 decimas
811 1159 885 1200 suas
906 1138 1070 1218 hucusque
1091 1138 1212 1199 solvere
1235 1158 1299 1198 non
1327 1143 1485 1209 curarunt,
1514 1139 1598 1200 unde
1621 1140 1661 1200 de

424 1244 612 1306 colleccione
633 1245 775 1324 ejusdem
806 1243 839 1303 in
871 1243 1015 1323 deposito
1054 1243 1207 1304 habemus
1237 1263 1296 1302 xxx
1320 1242 1416 1303 libras
1443 1249 1476 1304 et
1503 1263 1589 1303 nunc
1622 1244 1661 1305 de

421 1351 534 1410 diurna
554 1349 742 1411 colleccione
762 1369 781 1408 x
802 1348 906 1410 libras.
962 1349 1008 1408 Et
1025 1353 1148 1409 restant
1169 1348 1251 1427 cxiiij
1261 1348 1293 1407 li.
1317 1348 1373 1427 ijs.
1398 1349 1428 1428 xj
1439 1349 1469 1408 d.
1494 1353 1526 1410 et
1550 1349 1661 1410 obolus

423 1457 462 1517 de
484 1454 647 1536 arreragiis
668 1454 809 1535 ejusdem
831 1454 951 1516 decime
975 1474 1033 1534 per
1059 1457 1163 1514 toturn
1184 1453 1474 1515 archidiaconatum
1504 1455 1661 1534 Salopsire

422 1563 563 1622 nondum
583 1561 704 1632 levatis,
727 1581 821 1640 qnam
841 1561 968 1640 quidem
981 1560 1148 1640 pecuniam
1167 1580 1238 1620 cnm
1257 1560 1343 1620 omni
1357 1560 1544 1622 festinancia
1564 1580 1660 1641 quam

421 1669 595 1748 poterimus
624 1668 727 1729 levare
755 1666 943 1738 curabimus,
973 1667 1104 1746 juvante
1130 1666 1235 1746 gracia
1266 1665 1447 1727 Salvatoris.
1489 1666 1662 1728 conservet

424 1780 562 1837 vestram
598 1779 740 1836 sanctam
775 1773 1001 1853 paternitatem
1036 1772 1218 1833 Altissirnus
1249 1793 1374 1852 semper
1404 1773 1593 1834 incolumem
1621 1774 1662 1834 ad

425 1881 565 1960 regimen
586 1879 718 1941 ecclesie
738 1898 794 1940 sue
816 1883 933 1939 sancte.
977 1877 1017 1936 In
1041 1877 1132 1957 cujus
1153 1877 1207 1949 rei,
1229 1883 1288 1939 etc.
1331 1879 1451 1938 Datum
1471 1879 1505 1938 in
1523 1879 1662 1958 capitulo

419 1992 538 2057 nostro,
563 1986 614 2047 die
642 1985 774 2046 Veneris
801 1984 944 2063 proxima
981 1989 1056 2044 ante
1086 1981 1215 2066 testum]
1237 1983 1493 2046 Circumcisionis
1520 1984 1660 2055 Domini,

401 2112 505 2174 'anno
527 2091 669 2172 ejusdem
691 2089 915 2170 M⁰CCO⁰xvij⁰.

251 2385 310 2426 ab·
323 2384 380 2424 ¹³¹⁸-
422 2371 495 2432 Jea.
520 2370 690 2449 6.-Roqcr
713 2369 750 2430 dc
774 2369 975 2447 Northbarqh
997 2367 1115 2447 rainae
1142 2368 1190 2429 bia
1217 2369 1360 2446 Ocnoary
1381 2371 1416 2448 os
1436 2369 1597 2449 Heresord,
1623 2371 1661 2448 ty

542 2452 712 2593 ἓωῖρῖποί
738 2471 779 2512 an
804 2450 955 2528 cuchocpc
978 2450 1056 2510 with
1083 2449 1233 2511 Nichclcr
1260 2451 1297 2511 dc
1324 2451 1473 2529 Honesta,
1503 2451 1611 2512 Canon
1630 2452 1667 2527 of
1721 2451 1727 2462 ’
1827 2522 1828 2525 ¹

567 2552 628 2592 aas
671 2553 716 2610 ry.

506 2689 708 2751 Rasmnacm
736 2705 958 2749 canonicarus
986 2706 1029 2747 nn
1060 2705 1235 2747 Panaenus
1260 2705 1343 2757 Quos
1371 2706 1494 2748 saeuis
1515 2706 1661 2750 neumas

425 2793 584 2857 Moenus
619 2813 662 2855 nn
695 2793 1171 2855 Noarnsnaon.¹-Venerabili
1194 2793 1227 2852 in
1259 2792 1386 2855 Christo
1413 2794 1505 2874 patri,
1533 2794 1662 2857 domino

423 2901 500 2973 Ade,
529 2908 598 2972 etc,
634 2921 711 2962 suus
745 2900 878 2962 devotus
906 2899 1048 2978 Rogerus
1082 2899 1122 2959 de
1154 2898 1381 2979 Northbnrgh,¹
1415 2899 1662 2962 Archidiaconus

422 3007 650 3068 Riohemondie
681 3005 714 3065 in
743 3004 875 3067 ecclesia
897 3004 1100 3075 Eboracensi,
1125 3024 1162 3065 ac
1187 3004 1357 3066 canonicus
1384 3011 1417 3066 et
1437 3005 1662 3084 prebendarius

425 3113 557 3175 ecclesie
578 3111 829 3182 Hereiordensis,
852 3109 1066 3170 omnimodam
1087 3110 1299 3171 reverenciam
1323 3130 1396 3170 cum
1417 3111 1535 3172 honore
1555 3111 1663 3173 debito

420 3223 510 3279 tanto
531 3217 623 3297 patri.
666 3216 894 3278 canonicatum
909 3221 941 3277 et
957 3215 1161 3295 prebendam¹
1172 3215 1331 3295 predictos
1348 3217 1473 3278 racione
1494 3217 1660 3297 cujusdam

420 3322 667 3403 permutacionis
694 3321 777 3382 inter
807 3320 972 3381 dominum
1000 3321 1191 3382 Niohoiaum
1215 3322 1254 3383 de
1284 3321 1440 3401 Hengate‚
1472 3323 1658 3384 canonicum

420 3435 454 3492 et
477 3428 719 3510 prebendarium
755 3427 886 3489 ecclesie
915 3426 1167 3498 sarisburiensis,
1198 3433 1231 3488 et
1259 3447 1310 3488 me
1343 3428 1381 3488 de
1409 3428 1595 3489 canonicatu
1626 3435 1659 3491 et

426 3534 585 3616 prebenda
608 3533 759 3614 predictis
783 3532 943 3612 prelocute
968 3533 1001 3592 in
1026 3553 1131 3594 sacras
1156 3553 1268 3593 manus
1290 3539 1411 3594 vestras
1434 3553 1521 3613 pure,
1547 3541 1662 3614 sponte

426 3645 459 3702 et
487 3639 629 3702 absolute
657 3639 790 3718 resigno,
819 3638 905 3717 ipsae
932 3638 1011 3699 alias
1048 3659 1113 3700 non
1137 3638 1360 3718 resignaturos.
1416 3639 1455 3698 In
1483 3641 1574 3719 cnjus
1604 3641 1659 3713 rei,

423 3750 484 3806 etc.
527 3745 647 3805 Datum
668 3745 752 3823 apud
779 3743 1110 3814 Westmonasterium‚
1131 3743 1176 3823 vj⁰
1195 3744 1246 3805 die
1270 3744 1388 3805 mensis
1412 3744 1564 3805 Januarii.

422 4023 496 4084 Jaa.
524 4023 834 4102 12.-Appointmcnt
858 4023 894 4100 os
917 4022 1067 4083 Nioholcs
1088 4023 1125 4083 dc
1153 4023 1293 4102 Hortante
1320 4031 1349 4085 to
1378 4023 1427 4085 the
1456 4025 1599 4104 Cunonry
1627 4027 1663 4106 os

545 4102 706 4182 Hereford.
748 4103 897 4164 Mandata
919 4111 948 4165 to
970 4103 1088 4164 induci.

508 4261 671 4322 Oonnsoro
692 4260 1027 4321 concursu—Adam
1041 4265 1111 4332 etc,
1126 4260 1240 4321 dilecto
1255 4259 1288 4320 in
1302 4261 1429 4323 Christo
1442 4261 1516 4334 filio,
1531 4263 1660 4325 domino

427 4366 581 4428 Nioholao
613 4367 651 4427 de
683 4366 839 4445 Hengate,
865 4367 1008 4437 salutem,
1033 4371 1093 4427 etc.
1135 4366 1363 4428 canonicatum
1391 4374 1424 4429 et
1457 4369 1657 4448 prebendam,

425 4493 506 4553 quos
526 4472 674 4532 dominus
702 4471 843 4551 Rogerus
867 4472 906 4532 de
931 4471 1156 4551 Northbonrgb
1180 4473 1319 4552 optinuit
1346 4473 1378 4531 in
1399 4478 1509 4535 nostra
1527 4475 1661 4564 ecclesia

431 4578 665 4649 Hereiordensi,
697 4597 753 4657 per
781 4577 911 4638 liberam
939 4578 1187 4657 rosignacionem
1215 4579 1315 4658 ipsius
1345 4579 1465 4639 domini
1487 4579 1600 4661 Rogeri
1622 4601 1660 4643 ex

428 4705 524 4748 causa
544 4685 707 4765 cujusdam
735 4684 981 4763 permutacionis
1005 4704 1077 4744 cum
1102 4684 1289 4745 canonicatu
1316 4690 1348 4745 et
1382 4685 1549 4764 prebenda,
1580 4707 1662 4768 quos

432 4793 466 4852 in
487 4791 619 4854 ecclesia
648 4789 872 4852 sarisburiensi
900 4789 1074 4869 optinebas,
1106 4791 1140 4850 in
1160 4790 1306 4852 manibus
1334 4791 1452 4853 nostris
1482 4792 1664 4864 factumst

422 4918 480 4979 per
500 4916 558 4958 nos
584 4901 788 4976 acceptatam,
810 4903 959 4958 vacantes
981 4895 1038 4957 tibi
1059 4901 1168 4958 tenore
1195 4897 1392 4976 presencium
1420 4917 1492 4958 cum
1513 4899 1661 4962 omnibns

430 5003 496 5066 suis
517 5001 638 5082 juribus
660 5007 692 5062 et
715 5001 919 5081 pertinenciis
940 5001 1130 5063 conferimus
1157 5002 1275 5062 intuitu
1295 5002 1445 5064 caritatis.
1501 5003 1541 5063 In
1569 5005 1662 5086 cujus

588 5125 675 5167 1—trs.
690 5123 863 5166 Nortbbourtb.
964 5125 1041 5166 a-He
1058 5124 1111 5166 held
1126 5125 1168 5166 the
1185 5121 1332 5166 prehendet
1344 5123 1402 5166 Pion
1415 5135 1497 5172 parva.
