3850 5917
402 664 462 725 176
775 664 955 743 licentram
984 665 1047 727 Ade
1074 665 1111 726 de
1141 666 1264 728 Orleton

229 894 288 934 M)-
302 895 358 934 ¹³²¹·
399 888 482 949 facte
499 909 563 950 non
590 895 697 950 essent
717 890 866 971 predicte,
894 890 1080 969 pensionem
1105 910 1243 952 annuam
1265 891 1360 952 unius
1382 892 1511 952 dimidie
1534 912 1638 954 marce

399 993 537 1055 infesto
564 993 831 1056 Annunciacionis
852 994 942 1056 beate
965 995 1066 1056 Maria
1094 997 1245 1058 canonico
1277 998 1331 1077 qui
1353 1003 1401 1060 est
1425 998 1561 1059 vicarius
1582 1018 1638 1060 eeu

399 1101 645 1180 penitenciarius
673 1106 782 1162 noster
801 1100 835 1160 in
864 1101 997 1162 ecclesia
1029 1101 1254 1164 Herefordensi
1282 1102 1449 1182 persolvat,
1481 1123 1537 1182 per
1565 1123 1637 1164 eum

399 1207 506 1286 pueris
547 1206 694 1268 choristis
734 1207 877 1286 ejusdem
925 1207 1056 1268 ecclesie
1098 1207 1130 1266 in
1176 1207 1351 1269 subsidium
1393 1209 1637 1270 sustentocionis

399 1332 509 1372 eorum
529 1312 663 1373 fideliter
690 1313 940 1374 ministrandam.
984 1312 1028 1372 Et
1045 1313 1084 1372 ad
1108 1313 1310 1374 securitatem
1335 1313 1504 1375 solucionis
1529 1313 1636 1394 hujus·

398 1418 485 1478 modi
512 1417 654 1479 faciende
681 1418 833 1497 majorem
860 1418 1007 1480 volumus
1030 1423 1063 1479 ct
1087 1419 1186 1480 eciam
1211 1419 1393 1480 ordinamus
1418 1419 1456 1479 de
1481 1439 1638 1480 consensu

400 1523 531 1585 Abbatie
553 1531 585 1585 ct
608 1525 790 1585 Conventus
809 1529 841 1586 et
861 1523 1000 1603 Capituli
1016 1525 1227 1604 predictorum
1249 1526 1334 1605 quod
1352 1525 1486 1586 vicarius
1507 1525 1638 1586 ecclesie

399 1631 439 1691 de
474 1629 660 1709 Avenebury
687 1635 720 1691 et
754 1629 803 1690 sui
839 1649 1036 1690 successores
1064 1629 1098 1689 in
1129 1631 1248 1702 eadem,
1281 1631 1388 1691 statim
1420 1650 1493 1690 oum
1521 1629 1638 1690 fuerint

399 1737 539 1798 instituti
553 1738 586 1795 in
603 1737 719 1796 vicaria
736 1737 886 1815 predicta,
904 1741 1048 1815 prestent
1061 1737 1213 1815 inspectis
1231 1736 1410 1816 Evangeliis
1423 1737 1638 1815 juramentum

400 1844 485 1923 quod
504 1843 638 1903 fideliter
658 1842 781 1904 solvent
802 1842 967 1903 annuatim
984 1841 1169 1921 pensionem
1188 1847 1282 1921 prout
1303 1842 1446 1921 superius
1466 1841 1637 1903 ordinatur.

400 1948 559 2009 Promissa
593 1953 699 2008 autem
735 1949 842 2008 omnia
869 1954 901 2008 et
940 1947 1064 2027 singula
1099 1948 1138 2008 de
1169 1967 1318 2027 expresso
1346 1967 1503 2009 consensu
1537 1947 1638 2008 nostri

401 2053 548 2133 Capituli,
579 2060 616 2113 ut
640 2053 844 2132 premittitur,
876 2052 1021 2113 ordinata
1047 2053 1142 2114 robur
1172 2053 1287 2114 habere
1314 2052 1459 2114 volumus
1487 2058 1638 2134 perpetue

401 2159 571 2230 firmitatis,
599 2178 668 2238 Jure
701 2164 733 2218 et
765 2159 918 2238 dignitate
946 2165 1054 2219 nostre
1082 2157 1324 2220 Herefordensis
1349 2157 1479 2220 ecclesie
1514 2179 1639 2238 semper

399 2266 504 2326 salvis.
567 2265 607 2324 In
636 2265 727 2344 cujus
756 2264 810 2334 rei,
840 2269 900 2324 etc.
964 2265 1084 2324 Datum
1114 2265 1198 2343 apud
1230 2263 1458 2334 Herefordiam,
1490 2264 1556 2343 xxj⁰
1587 2264 1638 2326 dio

398 2371 518 2432 mensis
545 2371 696 2443 Januarii,
725 2391 809 2431 anno
837 2371 967 2431 Domini
997 2371 1135 2432 M⁰CCC⁰
1162 2371 1320 2442 vicesimo,
1342 2377 1401 2431 eto.

398 2643 472 2702 Jon.
497 2642 653 2701 21.-Tte
677 2641 796 2721 Bishop
820 2641 976 2701 sanctione
1002 2641 1050 2700 the
1074 2640 1310 2720 appropriation
1330 2641 1365 2720 oj
1387 2641 1435 2700 tte
1458 2639 1582 2700 Chrercb
1604 2641 1641 2720 os

531 2723 696 2803 Woljerlow
725 2723 763 2800 by
793 2723 841 2782 the
868 2722 1008 2782 Prioress
1036 2721 1099 2782 ond
1129 2721 1262 2782 Conveni
1290 2722 1325 2801 of
1349 2721 1537 2799 Acornbnry.

482 2881 722 2944 Arrnoramcm
745 2896 901 2939 accusem
922 2896 967 2938 nn
989 2877 1524 2938 Wonrnnnowu.—Memorandum
1550 2877 1636 2958 quod

397 2988 517 3050 eisdem
547 2989 607 3060 die,
639 3007 732 3058 anno,
767 2992 800 3048 et
834 2986 912 3058 loco,
948 2985 1162 3065 appropriavit
1197 2985 1343 3046 dominus
1378 2985 1566 3046 monialibus
1596 2985 1636 3046 de

401 3094 604 3173 Aoomebury
631 3093 796 3154 ecclesiam
820 3092 858 3152 de
887 3090 1086 3152 Wolirelowe
1110 3090 1143 3150 iu
1179 3091 1237 3152 hcc
1265 3091 1532 3160 verba:-Adam,
1564 3095 1634 3162 etc„

400 3201 523 3262 dilectis
544 3200 677 3270 filiabus,
698 3198 851 3278 religiosis
871 3197 1064 3267 mulieribus,
1084 3197 1236 3257 Priorisse
1253 3201 1285 3257 et
1306 3196 1483 3257 Conventui
1505 3195 1637 3256 ecclesie

401 3312 511 3369 sancte
553 3306 662 3366 Crucis
703 3306 742 3365 de
783 3303 995 3382 Acornebury‚
1036 3307 1144 3364 nostre
1185 3302 1326 3374 diocesia,
1372 3303 1491 3362 ordinis
1532 3301 1635 3362 sancti

398 3411 575 3493 Augustini,
604 3411 748 3482 salutem,
776 3415 836 3471 etc.
897 3408 1049 3482 Quamvis
1076 3428 1232 3487 propensa
1261 3407 1378 3468 Christi
1407 3407 1529 3476 caritas,
1562 3409 1635 3478 etc,

396 3539 498 3599 usque
517 3517 688 3597 “pietate’'
706 3521 811 3596 preter
827 3514 912 3575 istud
928 3514 1059 3575 verbum
1076 3523 1092 3548 ‘¹
1105 3513 1390 3593 [hos]pitalitatis,”
1409 3517 1441 3574 et
1458 3511 1635 3592 predictum

397 3627 529 3688 verbum
551 3624 724 3704 “pietate''
747 3623 890 3701 sequitur
905 3621 1087 3682 immediate
1110 3631 1126 3654 ‘¹
1139 3621 1178 3682 de
1198 3640 1354 3681 consensu
1375 3619 1550 3699 expresso”
1573 3623 1633 3678 etc.

396 3752 497 3812 usque
530 3731 564 3790 in
602 3729 709 3799 finem,
739 3732 861 3788 mutato
892 3727 1021 3787 nomine
1049 3725 1187 3798 ecclesie,
1217 3730 1249 3786 et
1283 3725 1414 3786 mutatis
1452 3723 1634 3785 nominibus

394 3856 600 3917 personarum
636 3834 870 3914 religiosarum
901 3831 1090 3893 reservando
1121 3831 1324 3892 collacionem
1361 3830 1474 3890 vicarie
1513 3829 1571 3890 sibi
1599 3834 1633 3890 et

397 3943 464 4005 suis
485 3939 726 4010 successoribus,
748 3944 780 4000 et
806 3937 981 3999 ordinando
1002 3937 1187 4017 pensionem
1214 3936 1342 3996 dimidie
1370 3956 1474 3997 marce
1502 3935 1634 3997 ecclesie

397 4046 623 4108 Herefordensi
644 4044 809 4104 annuatim
836 4043 994 4114 solvende,
1021 4047 1115 4121 prout
1139 4041 1283 4120 superius
1304 4041 1492 4102 continetur.

401 4325 475 4385 Jcn.
503 4324 728 4385 18.-Tborncs
759 4322 902 4392 Cottam,
931 4321 1049 4402 Bisbop
1077 4322 1112 4402 of
1147 4323 1319 4394 Worcester,
1348 4324 1555 4386 connnissions
1584 4327 1634 4388 the

523 4404 641 4483 Bishop
665 4405 700 4482 of
724 4403 875 4482 Heresord
901 4410 930 4463 to
954 4410 1003 4462 act
1026 4404 1080 4482 for
1105 4402 1169 4462 hin
1193 4403 1228 4462 in
1254 4404 1302 4464 the
1326 4411 1436 4466 nauiter
1459 4407 1495 4485 os
1518 4427 1559 4466 an
1583 4428 1631 4467 ee·

522 4485 636 4562 cbonqe
652 4485 688 4563 os
705 4485 844 4561 beneficos
866 4484 993 4544 between
1015 4483 1098 4544 John
1117 4483 1154 4543 de
1177 4485 1307 4552 Orleton,
1329 4485 1440 4545 Rector
1453 4487 1488 4564 of
1508 4481 1633 4564 Tyther-

522 4567 637 4644 trepton,
659 4566 723 4625 ond
748 4565 888 4624 Willionr
907 4565 944 4625 de
970 4564 1070 4642 Wylce,
1092 4565 1204 4625 Rector
1223 4567 1258 4644 of
1283 4567 1374 4625 Eion.
1432 4567 1494 4628 The
1515 4569 1634 4710 Beelpcrp

521 4648 556 4727 os
577 4646 728 4726 Herejord
751 4653 869 4724 accepts
895 4646 944 4705 the
967 4645 1157 4722 reeiqnction
1179 4646 1214 4723 of
1236 4646 1319 4707 John
1342 4647 1379 4707 de
1405 4647 1578 4718 Orieton,a
1625 4697 1631 4722 ,

521 4748 561 4788 on
590 4728 661 4787 Jon.
691 4731 739 4797 22,
769 4727 926 4786 institutes
958 4725 1099 4786 Willintn
1126 4726 1162 4786 de
1191 4726 1283 4805 Wylc
1313 4735 1341 4787 to
1371 4727 1419 4788 the
1447 4729 1576 4808 Rectory
1601 4731 1639 4812 of

521 4809 749 4886 Tytherinqton.

479 4967 661 5027 Couurssro
676 4983 794 5028 nounu
808 4965 1058 5025 Wrooanrnrsrs
1080 4981 1181 5023 seori
1195 4963 1356 5025 Earsooro
1372 4965 1634 5030 Hsauronuunsr

399 5091 443 5134 an
464 5089 655 5132 ricrannuu
676 5091 719 5132 ua
739 5090 805 5142 oua
826 5089 860 5132 ra
882 5089 997 5131 annau
1017 5089 1158 5132 rnnrrus
1171 5074 1633 5138 conrrnnnrnn—Venembili
