3850 5917
410 670 468 730 148
783 671 964 750 Rapislram
991 671 1057 732 Adc
1083 673 1120 732 de
1150 672 1274 734 Orlctoa

234 899 292 939 M>-
307 900 363 939 ¹³²⁰·
406 901 611 974 exequantur,
634 901 666 957 et
687 897 727 956 ad
748 917 811 968 eas,
840 918 913 957 cum
934 894 1070 977 expedit,
1093 899 1126 957 in
1152 899 1292 978 hiisque
1317 899 1358 959 ad
1381 899 1519 960 officium
1541 898 1647 979 ipsum

405 1002 566 1081 pertinent
589 1008 777 1063 recurratur.
827 1003 903 1064 Tuis
927 1005 1035 1083 itaque
1059 1003 1346 1083 supplicacionibus
1369 1004 1512 1065 inclinati
1537 1025 1647 1066 conce·

404 1108 498 1168 dendi
539 1109 716 1188 predictum
744 1108 882 1169 officium
920 1108 1043 1170 duabus
1084 1109 1227 1189 personis
1265 1129 1344 1189 ques
1379 1110 1419 1169 ad
1457 1110 1534 1170 illud
1570 1115 1645 1190 post

400 1215 583 1294 diligentem
611 1215 881 1276 examinacionem
909 1216 1049 1295 ydoneas
1087 1236 1157 1277 esse
1195 1215 1356 1296 repereris,
1392 1216 1481 1295 prius
1524 1215 1563 1276 ab
1595 1217 1642 1277 eis

401 1321 580 1399 juramento
614 1321 704 1398 juxta
735 1321 869 1382 formam
900 1321 1100 1400 presentibus
1132 1327 1317 1382 annotatam
1347 1327 1483 1400 recepto,
1516 1322 1644 1401 plenam

293 1451 297 1458 Α
401 1426 458 1486 tibi
479 1427 667 1488 auctoritate
692 1429 891 1507 presencium
919 1429 1121 1489 concedimus
1150 1429 1341 1489 facultatem.
1395 1429 1511 1488 Forma
1530 1433 1638 1489 autem

399 1532 570 1612 juramenti
605 1533 689 1613 quod
717 1534 856 1613 quelibet
893 1553 1099 1613 personarum
1128 1533 1268 1613 ipsarum
1297 1533 1451 1612 prestabit
1480 1534 1552 1594 talis
1581 1539 1639 1604 est,

402 1638 471 1718 Ego
514 1685 521 1698 .
565 1684 572 1699 .
616 1683 624 1701 .
665 1639 736 1716 juro
763 1639 847 1718 quod
874 1639 914 1700 ab
942 1640 1002 1700 hac
1030 1640 1108 1700 hora
1136 1639 1237 1700 fidelis
1268 1660 1321 1700 ero
1353 1639 1445 1700 beato
1477 1640 1581 1710 Petro,
1612 1646 1645 1700 et

400 1749 511 1804 sancte
538 1745 681 1814 Romane
712 1745 852 1816 ecclesie,
884 1765 921 1804 ac
952 1745 1081 1805 domino
1113 1765 1193 1815 meo,
1224 1745 1353 1805 domino
1384 1745 1524 1805 Johanni
1556 1747 1643 1826 Pape

398 1849 551 1910 ‘vicesimo
575 1851 723 1921 secunde,
749 1855 781 1911 et
801 1851 1035 1912 successoribus
1054 1853 1123 1930 ejus
1149 1853 1299 1913 canonice
1320 1853 1521 1914 intrantibus.
1565 1854 1640 1914 Non

401 1975 455 2016 ero
483 1955 517 2015 in
541 1956 673 2016 consilio
701 1956 750 2017 vel
777 1957 902 2029 auxilio,
927 1977 1085 2018 consensu
1114 1958 1163 2018 vel
1194 1959 1287 2029 lacto,
1323 1964 1359 2018 ut
1380 1959 1478 2019 vitam
1507 1960 1643 2038 perdant

401 2069 457 2123 aut
478 2063 664 2133 membrum,
686 2063 737 2123 vel
757 2063 923 2142 capiantur
944 2062 1027 2123 mala
1047 2064 1202 2143 captione.
1245 2064 1420 2124 Consilium
1441 2065 1525 2143 quod
1548 2063 1644 2124 michi

402 2190 458 2250 per
479 2189 512 2229 se
533 2170 582 2230 vel
607 2169 729 2230 litteras
748 2174 803 2229 aut
826 2169 978 2229 nuncium
1003 2168 1252 2229 manifestabunt
1273 2171 1312 2229 ad
1333 2189 1442 2229 eorum
1467 2169 1642 2248 dampnum

401 2275 538 2335 scienter
572 2274 691 2334 nemini
729 2274 877 2353 pandam.
941 2273 975 2334 si
1014 2293 1087 2333 vero
1122 2273 1162 2332 sd
1191 2293 1296 2333 meam
1334 2273 1484 2333 noticiam
1520 2273 1641 2352 aliquid

400 2381 547 2440 devenire
568 2380 731 2458 contingat
749 2380 834 2458 quod
851 2379 884 2438 in
901 2379 1076 2459 periculum
1096 2379 1231 2439 Romani
1251 2379 1415 2440 Pontificis
1435 2385 1490 2439 aut
1511 2379 1642 2440 ecclesie

400 2485 544 2546 Romane
564 2492 706 2564 vergeret
727 2505 784 2546 sen
814 2504 908 2564 grave
939 2485 1122 2564 dampnum,
1148 2485 1225 2544 illud
1252 2504 1309 2564 pro
1338 2505 1430 2563 posse
1458 2485 1640 2564 impediam,

400 2597 441 2662 et,
464 2591 490 2652 si
508 2591 569 2651 hoc
589 2591 741 2670 impedire
762 2611 826 2651 non
847 2610 983 2669 possem,
1005 2590 1179 2670 procurabo
1201 2590 1283 2651 bona
1303 2590 1365 2650 fide
1380 2590 1412 2649 id
1433 2590 1473 2650 ad
1488 2591 1639 2651 noticiam

401 2696 520 2757 domini
544 2697 631 2775 Pape
652 2696 792 2774 proferri.
834 2697 992 2776 Papatum
1014 2697 1156 2756 Romane
1177 2695 1307 2756 ecclesie
1330 2701 1385 2756 aut
1404 2695 1520 2774 regalia
1537 2697 1640 2757 sancti

401 2803 488 2863 Petri
509 2806 541 2863 et
568 2802 639 2881 jura
662 2802 762 2881 ipsius
790 2801 922 2862 ecclesie
943 2801 1128 2880 specialiter,
1163 2801 1190 2861 si
1219 2820 1281 2880 qua
1309 2801 1419 2861 eadem
1448 2801 1581 2861 ecclesia
1608 2801 1642 2860 in

402 2911 530 2971 civitate
553 2908 602 2969 vel
631 2914 714 2969 terra
735 2908 774 2968 de
793 2928 856 2988 qna
877 2928 948 2968 sum
974 2907 1125 2968 oriundus
1150 2907 1273 2978 habeat,
1299 2907 1426 2985 adjutor
1449 2907 1495 2968 eis
1523 2926 1577 2967 ero
1598 2907 1638 2967 al

401 3014 633 3076 defendendum
675 3013 725 3074 vel
762 3013 962 3074 retinendum
1005 3033 1061 3073 seu
1096 3013 1345 3092 recuperandum
1386 3017 1497 3091 contra
1531 3032 1643 3073 omnes

401 3124 555 3184 homiues.
611 3122 845 3183 Tabellionatus
873 3121 1012 3182 officium
1039 3121 1173 3182 fideliter
1200 3121 1366 3192 exercebo;
1403 3126 1585 3182 contractus
1605 3120 1640 3180 in

400 3231 514 3310 quibus
542 3229 676 3308 exigitur
696 3249 869 3290 cousensus
891 3229 1032 3309 parcium
1059 3227 1193 3289 fideliter
1213 3229 1335 3300 faciam,
1358 3228 1401 3287 nil
1423 3228 1567 3288 addendo
1589 3228 1638 3288 vel

400 3335 570 3396 minuendo
607 3335 677 3396 sine
708 3335 871 3395 voluntate
906 3335 1048 3413 parcium
1080 3334 1164 3413 quod
1200 3334 1415 3395 substanciam
1457 3339 1639 3395 contractus

399 3442 556 3501 immutet.
600 3440 633 3500 si
655 3441 777 3501 veroin
798 3440 994 3501 conficiendo
1016 3441 1142 3519 aliquod
1163 3440 1409 3500 instrumentum
1429 3440 1524 3500 unius
1541 3440 1640 3501 solius

399 3547 499 3626 partis
531 3546 573 3606 sit
600 3545 787 3624 requirenda
815 3545 971 3618 voluutas,
1009 3546 1069 3606 hoc
1097 3547 1202 3625 ipsum
1229 3545 1343 3606 faciam
1374 3552 1410 3606 ut
1439 3546 1558 3608 scilicet
1595 3546 1640 3606 nil

399 3653 514 3712 addam
540 3651 589 3712 vel
617 3651 759 3710 minuam
783 3651 868 3730 quod
891 3650 1040 3712 immutet
1064 3650 1279 3711 substanciam
1300 3651 1375 3711 lacti
1396 3657 1506 3712 contra
1531 3651 1640 3712 volun-

400 3763 500 3818 tatem
531 3757 640 3836 ipsius.
693 3757 948 3818 Instrumentum
980 3776 1044 3817 non
1072 3756 1238 3817 conficiam
1269 3757 1307 3818 de
1335 3755 1439 3837 aliquo
1475 3763 1642 3819 contractu

399 3863 431 3922 in
460 3883 523 3942 quo
550 3863 649 3923 sciam
677 3862 866 3922 intervenire
894 3862 943 3923 vel
978 3862 1172 3923 intercedere
1199 3861 1264 3922 vim
1293 3862 1342 3922 'vel
1374 3862 1539 3932 fraudem;
1565 3883 1639 3922 con·

398 3975 519 4030 tractus
548 3969 580 4027 in
618 3967 848 4048 prothocollum
883 3968 1032 4047 redigam,
1069 3973 1110 4038 et,
1139 3971 1308 4046 postquam
1336 3967 1369 4025 in
1404 3967 1637 4047 prothocollum

398 4076 555 4154 redegero,
594 4073 754 4134 maliciose
782 4093 846 4134 non
878 4073 1033 4145 differam,
1070 4078 1180 4133 contra
1208 4071 1404 4133 voluntatem
1432 4073 1557 4133 illorum
1591 4073 1640 4134 vel

399 4179 483 4239 illius
511 4197 644 4257 quorum
673 4183 723 4237 est
749 4183 941 4249 contractus,
969 4198 1064 4257 super
1092 4198 1129 4239 eo
1158 4177 1312 4239 conficere
1333 4178 1493 4258 publicum
1519 4179 1635 4240 instru-

400 4290 552 4355 mentum,
591 4284 679 4344 salvo
713 4304 784 4344 meo
810 4285 896 4363 justo
932 4289 965 4345 et
1003 4289 1155 4345 consueto
1183 4284 1306 4344 salario.
1370 4284 1422 4344 Sic
1454 4304 1505 4345 me
1548 4285 1636 4345 Deus

399 4392 536 4471 adjuvet,
579 4395 611 4450 et
653 4389 712 4450 hec
740 4394 851 4450 sancta
884 4391 944 4450 Dei
979 4389 1160 4469 Evangelia.
1217 4389 1337 4448 Datum
1366 4388 1528 4460 Avinione
1550 4389 1639 4468 xviij⁰

399 4497 532 4558 Kalend.
574 4495 746 4566 Februarii,
788 4495 997 4556 Pontificatus
1038 4495 1139 4555 nostri
1175 4515 1259 4555 anno
1297 4494 1373 4574 iiijr.
1436 4493 1503 4554 Nos
1539 4495 1635 4573 igitur

398 4604 582 4664 facultatem
609 4602 701 4662 nobis
724 4602 759 4661 in
783 4602 843 4662 hac
866 4608 957 4681 parte
980 4601 1120 4680 graciose
1141 4620 1324 4661 concessam
1348 4600 1459 4680 exequi
1484 4600 1636 4674 volentes,

399 4709 458 4770 tibi
491 4727 586 4788 quem
620 4707 660 4766 ad
694 4707 875 4786 hujusmodi
912 4705 1134 4767 tabellionatus
1169 4704 1306 4765 officium
1342 4710 1415 4785 post
1453 4705 1637 4785 diligentem

397 4812 665 4874 examinacionem
699 4812 858 4891 ydoneum
896 4830 966 4872 esse
1004 4811 1177 4889 reperimus
1214 4809 1284 4871 loco
1328 4810 1422 4890 primi
1458 4811 1637 4890 predictum

398 4919 620 4980 tabellionatus
659 4918 796 4979 officium
837 4916 1020 4997 optinentis,
1056 4921 1183 4995 recepto
1225 4936 1244 4976 s
1285 4921 1317 4976 te
1351 4915 1439 4995 prins
1473 4915 1506 4975 in
1533 4916 1635 4978 torma

401 5030 553 5086 annotata
591 5025 735 5105 superius
755 5030 943 5104 juramento,
970 5022 1157 5083 auctoritate
1188 5021 1361 5101 apostolica
1391 5022 1538 5083 duximus
1563 5043 1637 5084 con·
