3850 5917
408 666 466 724 322
781 665 961 743 Ropistmem
987 665 1054 726 Ado
1080 665 1118 726 de
1148 666 1272 726 Ortetoa

234 920 291 961 td>-
308 922 362 959 ¹³²⁴·
405 916 481 995 May
502 917 657 977 ze-rte
678 917 762 995 Kinq
780 918 935 997 prohibite
958 918 1008 978 tte
1029 918 1147 997 Bishop
1155 919 1240 997 from
1259 918 1429 996 admirata
1449 938 1512 995 any
1529 938 1640 997 person

253 1321 301 1359 Fet,
321 1322 353 1361 89.

528 1005 557 1057 to
583 998 631 1059 the
654 998 777 1058 onaret
807 999 843 1077 os
870 999 1032 1069 Mansiow,
1058 998 1142 1059 rentii
1173 1000 1222 1059 the
1250 999 1316 1059 suit
1346 999 1430 1060 skatt
1462 999 1538 1059 have
1571 999 1641 1059 been

526 1078 651 1218 dpieided
673 1080 800 1139 between
821 1080 905 1139 John
924 1080 961 1141 de
983 1079 1136 1157 Hastieqs
1158 1080 1221 1139 aad
1242 1080 1356 1141 Robert
1383 1080 1465 1140 Bake
1485 1100 1521 1140 as
1538 1087 1568 1139 to
1593 1080 1641 1139 the

529 1180 549 1217 o
572 1179 699 1219 voroson.

489 1316 684 1377 Paenieicm
726 1316 833 1375 Rnom
868 1334 929 1377 neo
972 1333 1129 1376 escensu
1164 1334 1208 1375 na
1244 1317 1457 1376 Moiteanowa
1500 1333 1647 1375 aecem

407 1421 636 1492 Hennnonnm,
663 1433 717 1482 ιι]ο
748 1441 805 1481 nin
836 1439 955 1481 manem
985 1422 1317 1492 Jnn11.-Edwardus‚
1353 1421 1412 1481 Dei
1444 1420 1550 1499 gracia
1580 1421 1645 1481 Rex

406 1526 525 1605 Anglie,
548 1529 705 1589 Dominus
727 1528 888 1599 Hibernis,
917 1532 949 1588 et
972 1527 1045 1586 Dux
1065 1527 1244 1606 Aquitanis,
1265 1525 1436 1587 venerabili
1461 1526 1495 1586 in
1517 1526 1645 1587 Christo

406 1633 497 1711 patri,
520 1632 594 1705 Ado,
610 1640 680 1705 eto,
702 1635 846 1694 salutem.
879 1633 1088 1694 Prohibemus
1109 1633 1199 1694 vobis
1220 1654 1260 1694 ne
1279 1633 1457 1693 admittatis
1477 1652 1646 1711 personam

406 1738 446 1797 ed
481 1738 646 1799 ecclesiam
681 1740 719 1799 de
755 1739 958 1809 Moneslowe,
981 1758 1043 1819 que
1077 1743 1177 1809 vacat,
1206 1744 1242 1797 ut
1272 1738 1396 1808 dicitur,
1421 1743 1454 1797 et
1487 1738 1528 1798 de
1558 1738 1649 1816 cujas

406 1831 614 1905 advooaeione
639 1845 804 1906 contencio
836 1850 922 1905 mota
950 1844 1055 1905 estin
1086 1844 1181 1905 Curia
1209 1851 1320 1905 nostra
1349 1844 1433 1904 inter
1463 1844 1645 1904 Johannem

406 1950 444 2009 de
467 1949 639 2029 Hastinges
662 1955 694 2010 et
715 1950 889 2011 Robertum
918 1950 1016 2021 Beke,
1038 1950 1138 2010 donee
1162 1949 1342 2010 discussum
1363 1948 1459 2009 fuerit
1483 1949 1515 2008 in
1538 1949 1649 2009 eadem

406 2055 501 2115 Ouria
522 2056 561 2115 ad
576 2076 670 2135 quem
692 2056 816 2116 illorum
837 2056 995 2135 pertineat
1015 2057 1159 2135 ejusdem
1180 2056 1311 2117 ecclesie
1333 2048 1510 2117 advocacie.
1553 2056 1648 2117 Teste

406 2182 457 2223 me
485 2162 554 2241 ipso
590 2162 673 2241 apud
708 2162 831 2221 Turrim
859 2162 1123 2233 Londoniensem,
1153 2162 1209 2240 xij⁰
1238 2163 1289 2222 die
1324 2161 1413 2232 Maii,
1445 2182 1530 2222 anno
1561 2162 1650 2241 regni

408 2268 509 2327 nostri
537 2267 623 2347 xvij.⁰

406 2496 487 2557 June
515 2496 709 2575 2l.-Royat
740 2496 833 2575 Bre'es
857 2496 1026 2577 informior]
1055 2498 1103 2558 the
1135 2498 1254 2578 Bishop
1286 2498 1363 2570 thet,
1397 2500 1435 2578 by
1466 2499 1587 2580 desecti
1615 2501 1653 2578 of

528 2578 640 2637 Robert
675 2577 763 2649 Bete,
797 2578 881 2638 John
911 2578 948 2639 de
981 2578 1133 2657 Hastireps
1163 2580 1218 2640 hes
1251 2580 1405 2641 recovered
1434 2580 1483 2641 the
1504 2580 1589 2657 ripht
1613 2581 1652 2659 os

523 2658 700 2738 presentiae
726 2665 754 2719 to
777 2658 826 2718 the
842 2659 967 2719 Ohrereh
990 2661 1025 2739 os
1047 2660 1205 2721 Maestow.
1250 2662 1312 2721 The
1336 2660 1464 2740 Bishop,
1488 2662 1645 2740 therefore,

526 2760 597 2817 moy
618 2740 718 2799 admit
739 2760 759 2799 a
775 2740 816 2817 fit
833 2760 945 2819 person
965 2742 1126 2819 presented
1148 2742 1186 2819 by
1208 2740 1292 2802 John
1312 2742 1349 2802 de
1371 2742 1535 2820 Hortinos.

486 2897 602 2956 Bnnvn
625 2915 795 2957 mesenen
817 2898 980 2957 Episcopo
1006 2915 1068 2957 eno
1098 2917 1212 2958 senna
1243 2917 1403 2959 nccnnsm
1437 2918 1481 2959 nn
1514 2900 1648 2960 Mosen-

405 3020 498 3063 nown
520 3020 562 3061 nn
584 3021 826 3063 nnmrrrnnoun
858 3020 900 3061 no
923 3021 1069 3075 amona,
1091 3022 1269 3063 aneensem
1291 3022 1377 3064 eron
1399 3006 1648 3075 Woanesnnm,

403 3118 497 3167 xxvr⁰
517 3108 537 3168 J
541 3108 849 3179 enin-Edwardus,
874 3114 943 3181 ete,
966 3114 1128 3188 utsupra.
1177 3110 1292 3170 Sciatis
1316 3111 1401 3189 quod
1422 3110 1586 3171 Johannes
1607 3111 1648 3171 de

405 3214 587 3293 Hastinges,
610 3214 643 3273 in
676 3213 770 3275 Curia
792 3220 901 3275 nostra
921 3235 1028 3275 eoram
1050 3215 1242 3276 Justiciariis
1271 3217 1389 3277 nostris
1424 3217 1509 3295 apud
1543 3216 1647 3277 West

406 3319 643 3390 monasterium,
665 3319 861 3399 recuperavit
881 3320 1155 3399 presentacionem
1176 3341 1267 3381 suem
1289 3341 1399 3382 versus
1413 3321 1586 3382 Robertum
1610 3321 1650 3381 de

405 3424 492 3485 Beke
514 3425 552 3484 ad
574 3425 738 3485 ecclesiam
761 3427 799 3486 de
825 3425 1019 3487 Moneelowe
1042 3446 1100 3505 per
1121 3426 1271 3487 defaltam
1294 3426 1394 3506 ipsius
1422 3427 1562 3487 Roberti.
1605 3428 1650 3487 Et

405 3530 475 3590 ideo
510 3528 598 3590 vobis
630 3531 818 3590 mandamus
854 3530 937 3609 quod
970 3550 1034 3591 non
1069 3531 1216 3593 obstante
1250 3532 1479 3593 reclamacione
1514 3533 1649 3612 predicti

407 3634 536 3696 Roberti
558 3635 596 3695 ad
611 3636 883 3714 presentacionem
905 3636 1039 3715 predicti
1057 3636 1214 3697 Johannis
1228 3637 1268 3697 ad
1289 3636 1463 3716 predictam
1483 3638 1651 3698 eeclesiam

404 3742 559 3821 ydoneam
595 3760 763 3821 personam
802 3741 989 3802 admittatis.
1045 3742 1140 3803 Teste
1184 3743 1234 3803 W.
1274 3744 1313 3803 de
1355 3742 1536 3814 Bereforde,
1564 3744 1651 3823 apud

406 3846 734 3917 westmonasterium,
751 3846 815 3924 xxj⁰
830 3846 880 3907 die
900 3847 999 3918 Junii,
1020 3867 1105 3908 anno
1126 3848 1214 3927 regni
1235 3848 1336 3908 nostri
1357 3848 1479 3910 decimo
1500 3848 1649 3928 septimo.

405 4102 487 4161 June
517 4101 713 4179 12.-R0yat
743 4102 836 4181 Bries
859 4102 1075 4179 commandere
1107 4102 1156 4163 the
1187 4102 1306 4182 Bishop
1338 4109 1367 4163 to
1398 4102 1499 4163 admit
1530 4102 1645 4164 Robert

528 4181 696 4243 Hereward
718 4189 747 4243 to
778 4183 826 4243 the
843 4183 978 4262 pretend
999 4185 1034 4263 os
1061 4183 1279 4253 Bartonshem,
1310 4183 1346 4243 in
1375 4184 1423 4244 the
1444 4184 1555 4262 Kirrq’s
1576 4185 1647 4264 pest,

527 4262 610 4324 since
632 4263 668 4324 he
690 4263 759 4323 held
787 4264 836 4324 the
859 4264 1079 4344 temporalitas
1100 4266 1135 4343 of
1154 4265 1203 4324 the
1224 4264 1400 4344 Bishoprr'e.

488 4430 604 4489 Bnnva
626 4447 796 4489 menonem
828 4430 992 4491 Episcopo
1022 4448 1084 4490 eno
1115 4446 1289 4489 cenenum
1310 4447 1354 4488 na
1386 4430 1648 4504 Bencennensis,

405 4554 583 4596 nncnnnon
603 4552 690 4595 neon
712 4535 958 4607 Wonirnennrn,
980 4544 1065 4594 xxnr’
1085 4552 1143 4594 om
1165 4534 1497 4606 June-edwardus,
1518 4541 1590 4607 oto,
1610 4542 1648 4597 ut

405 4662 508 4722 supra.
552 4642 633 4703 Oum
661 4661 717 4721 per
737 4641 859 4703 litteras
881 4646 1008 4702 nostras
1027 4646 1175 4721 patentes
1195 4639 1375 4701 dederimus
1395 4646 1429 4701 et
1456 4643 1647 4703 concesseri-

405 4768 476 4809 mus
511 4748 626 4809 dilecto
661 4746 774 4807 elerico
805 4752 924 4818 nostro,
960 4746 1100 4808 Roberto
1136 4746 1338 4817 Herewarde,
1381 4746 1574 4825 prebendam
1609 4748 1649 4809 de

404 4854 636 4918 Bertonesham
658 4852 691 4912 in
716 4852 849 4914 eeclesia
873 4852 975 4914 sancti
1001 4852 1189 4923 Ethelberti,
1209 4850 1406 4923 Hereiordie,
1422 4858 1599 4925 vacantem,
1613 4861 1648 4915 et

405 4964 444 5024 ad
459 4968 602 5023 nostram
617 4959 823 5021 donacionem
838 4964 1046 5040 spectantem,
1061 4958 1187 5019 racione
1201 4957 1423 5036 temporalium
1434 4957 1648 5038 Episcopatus

408 5065 650 5129 Hereiordensie
671 5065 704 5124 in
719 5084 816 5124 manu
835 5068 944 5125 nostra
957 5062 1174 5135 existeneium,
1195 5060 1373 5123 habendam
1394 5082 1466 5123 eum
1491 5063 1559 5125 suis
1569 5064 1647 5144 juri·
