3850 5917
676 721 827 802 Episcopi
853 721 1098 802 Harcscrdcnsa's.
1466 723 1506 783 73

122 952 166 990 *¹1⁰-
179 953 225 990 ¹³¹⁸·
264 946 501 1027 dampnibiliter
520 946 691 1016 involutus,
709 965 746 1006 ex
766 966 803 1006 co
821 946 914 1025 quod,
937 945 1011 1005 licet
1026 945 1168 1024 prelatus
1186 945 1333 1005 dominus
1352 945 1507 1006 Ricardus

136 1051 212 1090 Μ·
265 1057 340 1112 ante
362 1057 489 1132 tempus
520 1050 756 1131 impetracionis
776 1049 853 1110 dicti
886 1049 1029 1129 rescripti
1051 1049 1243 1110 sufficienter
1271 1050 1447 1110 monuisset
1474 1055 1508 1111 et

269 1157 460 1218 inhibuisset
489 1177 528 1218 ne
559 1157 630 1238 quis
659 1157 699 1216 ad
732 1156 809 1217 alios
829 1175 935 1217 sacros
959 1156 1085 1216 ordines
1111 1157 1151 1215 ad
1176 1156 1290 1216 falsum
1318 1177 1374 1216 seu
1397 1156 1507 1217 fictum

267 1263 397 1323 titulum
420 1282 454 1324 se
479 1263 596 1324 faceret
620 1263 796 1342 promoveri
825 1261 884 1324 sub
904 1282 987 1341 pena
1011 1262 1139 1341 majoris
1170 1262 1509 1323 excommunicacionis

265 1368 437 1439 sentencie,
463 1387 556 1449 quam
579 1369 611 1427 in
633 1367 907 1428 contravenientes
929 1387 1041 1446 perse
1062 1387 1117 1426 seu
1139 1367 1224 1427 vices
1249 1388 1322 1428 suas
1346 1373 1508 1445 gerentem

265 1475 390 1555 publice
419 1481 451 1535 et
476 1475 625 1535 canonice
649 1473 869 1553 promulgavit,
895 1474 998 1534 dictus
1020 1478 1126 1534 tamen
1154 1473 1301 1534 dominus
1332 1474 1506 1545 Johannes,

267 1587 341 1642 ante
379 1587 506 1661 tempus
541 1581 776 1661 impetracionis
804 1581 880 1640 dicti
910 1580 1063 1660 rescripti,
1094 1586 1168 1660 post
1199 1586 1231 1641 et
1262 1586 1373 1641 contra
1407 1582 1506 1641 moni·

267 1688 390 1748 cionem
421 1693 454 1748 et
482 1686 706 1748 inhibicionem
734 1686 925 1766 hujusmodi,
947 1687 998 1746 cui
1030 1687 1068 1746 de
1102 1686 1265 1765 premissis
1297 1687 1510 1748 verisimiliter

269 1813 332 1852 non
364 1792 493 1863 latebat,
532 1792 572 1853 ad
609 1792 724 1852 falsum
759 1813 815 1853 seu
850 1791 960 1852 fictum
995 1792 1124 1852 titulum
1157 1791 1197 1852 ab
1231 1793 1341 1852 codem
1380 1793 1509 1853 domino

267 1897 404 1958 Ricardo
436 1918 470 1958 se
504 1897 619 1958 lecerat
644 1899 830 1977 promoveri,
865 1898 983 1958 dictam
1012 1897 1141 1976 majoris
1170 1898 1509 1959 excommunicacionis

268 2004 466 2064 sentenciam
501 2004 571 2082 ipso
602 2002 685 2063 facto
714 2003 887 2080 incurrens,
919 2003 1026 2082 sicque
1068 2004 1359 2064 excommunicatus
1387 2005 1508 2064 dictum

267 2109 457 2188 rescriptum
479 2129 516 2168 er
536 2109 691 2188 premissa
712 2129 806 2169 causa
830 2109 952 2168 nullum
981 2115 1013 2169 et
1041 2109 1213 2169 invalidum
1237 2110 1426 2190 impetravit,
1450 2132 1506 2172 seu

267 2213 343 2274 lacit
372 2221 491 2275 temere
512 2214 683 2293 impetrari,
714 2219 750 2274 ut
777 2234 850 2274 cum
878 2213 991 2274 fuisset
1014 2214 1047 2273 in
1074 2215 1159 2274 dicto
1193 2216 1346 2294 rescripto
1377 2222 1505 2276 conten·

265 2325 334 2381 tum
370 2321 464 2400 quod,
503 2320 530 2380 si
563 2320 666 2380 dictus
700 2320 847 2381 dominus
876 2320 1040 2381 Jobannes
1072 2320 1153 2380 bone
1183 2321 1248 2381 vite
1279 2326 1311 2382 et
1341 2322 1507 2384 laudabilis

268 2425 523 2486 conversacionis
552 2430 584 2486 et
609 2425 741 2486 honeste
764 2426 926 2504 reperitur,
958 2431 1035 2486 tunc
1065 2427 1103 2486 de
1138 2426 1290 2487 beneficio
1325 2427 1506 2507 hujusmodi

264 2531 484 2609 provideretur
504 2530 615 2600 cidem,
638 2551 674 2591 ac
696 2551 770 2610 pars
789 2531 943 2591 dictorum
958 2531 1174 2610 religiosorum
1194 2539 1230 2592 ut
1250 2534 1338 2612 prius
1352 2535 1385 2592 in
1406 2533 1508 2594 lorma

262 2635 342 2714 juris
364 2636 466 2695 eidem
489 2655 594 2696 coram
618 2635 708 2696 vobis
726 2635 842 2712 objecit
863 2638 947 2715 quod
968 2637 1052 2696 idem
1074 2637 1221 2697 dominus
1242 2637 1405 2698 Johannes
1426 2644 1504 2698 tem-

264 2763 340 2822 pore
370 2743 606 2822 impetracionis
629 2743 704 2803 dicti
730 2742 873 2821 rescripti
904 2747 978 2802 ante
1007 2747 1039 2802 et
1064 2748 1137 2821 post
1165 2747 1198 2803 et
1222 2743 1323 2803 eciam
1347 2749 1424 2802 tunc
1444 2743 1505 2803 luit

266 2851 457 2910 criminosus
479 2849 609 2910 crimine
637 2848 791 2918 adulterii,
817 2855 849 2909 ct
876 2848 1016 2910 incestus
1037 2869 1110 2908 cum
1138 2848 1261 2928 Agneta
1288 2849 1327 2909 de
1352 2849 1504 2920 Coccone,

269 2956 505 3036 consanguinea
533 2976 599 3026 sua,
621 2956 726 3034 ipsum
754 2960 902 3034 quartum
931 2955 1062 3034 gradum
1092 2956 1376 3035 consanguinitatis
1411 2957 1505 3016 attin·

265 3069 368 3142 gente,
398 3069 473 3122 ante
502 3067 628 3140 tempus
652 3061 887 3140 impetracionis
916 3061 992 3120 dicti
1020 3061 1164 3140 rescripti
1187 3059 1323 3122 scienter
1346 3061 1508 3122 commissi

266 3167 511 3248 dampnabiliter
538 3167 736 3237 maculatus;
776 3186 839 3246 quo
873 3166 980 3236 tacito,
1009 3167 1092 3246 quod
1124 3166 1152 3226 si
1179 3166 1292 3226 fuisset
1324 3187 1507 3246 expressum

265 3274 413 3334 dominus
448 3274 536 3352 Papa
570 3273 752 3351 hujusmodi
787 3272 975 3351 rescriptum
1016 3272 1147 3332 minime
1185 3272 1402 3342 concessisset,
1444 3272 1506 3333 fuit

265 3382 386 3442 dictum
408 3381 596 3458 rescriptum
614 3378 829 3439 fraudulenter
849 3384 881 3439 et
897 3399 953 3457 per
970 3377 1127 3438 maliciam
1148 3378 1362 3457 impetratum,
1377 3385 1507 3457 propter

264 3487 347 3566 quod
380 3485 550 3546 autoritate
579 3484 655 3544 dicti
684 3485 828 3563 rescripti
860 3483 1038 3563 surrepticii
1062 3503 1119 3544 seu
1147 3485 1379 3544 commissionis
1413 3485 1503 3545 vobis

265 3593 347 3653 lacta
367 3591 568 3652 obstantibus
586 3590 750 3670 premissis
765 3589 1018 3668 jurisdiccionem
1041 3609 1097 3650 seu
1117 3594 1308 3668 potestatem
1323 3590 1507 3667 providendi

266 3700 369 3759 eidem
402 3697 441 3757 de
473 3696 655 3776 hujusmodi
685 3695 838 3756 beneficio
869 3695 999 3756 minime
1034 3695 1225 3775 sumpsistis,
1263 3695 1426 3776 [dicentes]
1466 3697 1506 3756 ad

265 3802 496 3884 providendum
526 3801 586 3862 sibi
610 3803 649 3862 de
680 3800 832 3862 beneficio
867 3801 1048 3880 hujusmodi
1076 3802 1244 3880 procedere
1272 3821 1336 3860 non
1363 3800 1506 3880 potuisse

266 3910 305 3970 de
342 3909 432 3988 jure;
475 3913 507 3969 et
539 3928 609 3968 cum
645 3907 826 3987 hujusmodi
861 3906 1067 3986 excepciones
1102 3927 1120 3966 a
1155 3906 1246 3967 nobis
1281 3907 1431 3967 canonice
1473 3913 1505 3968 et

265 4015 453 4097 simpliciter
484 4015 618 4076 fuissent
649 3999 795 4084 admissa,
823 4034 897 4094 pars
932 4015 1087 4074 dictorum
1115 4013 1331 4093 religiosorum
1360 4015 1508 4093 congruis

266 4124 335 4184 loco
357 4129 389 4184 at
412 4129 554 4201 tempore
574 4142 681 4182 coram
701 4121 790 4181 vobis
811 4121 1003 4182 sufficienter
1024 4139 1209 4199 comparens
1231 4118 1400 4179 terminum
1422 4139 1505 4180 com-

265 4235 429 4309 petentem
451 4228 707 4308 adprobandum
731 4227 936 4306 excepciones
957 4227 1003 4287 sic
1024 4226 1178 4286 admissas
1199 4224 1259 4285 sibi
1279 4225 1407 4284 concedi
1434 4245 1507 4284 cum

268 4336 426 4398 instancia
447 4335 553 4396 debita
570 4333 751 4414 postulavit,
786 4333 841 4394 sed
861 4353 918 4393 vos
939 4337 1062 4411 partem
1087 4331 1133 4392 sic
1156 4335 1318 4410 petentem
1343 4331 1450 4390 audire
1475 4336 1508 4391 et

267 4444 423 4523 premissa
455 4441 515 4502 sibi
546 4440 716 4501 concedere
749 4460 812 4499 non
840 4439 984 4508 curastis,
1013 4438 1090 4518 quin
1116 4436 1223 4516 potius
1261 4436 1439 4515 denegastis
1474 4442 1506 4497 et

270 4551 351 4629 parti
388 4547 560 4608 eorundem
594 4544 810 4625 religiosorum
845 4544 1016 4604 terminum
1052 4541 1298 4621 peremptorium
1336 4547 1368 4601 et
1411 4542 1506 4603 nimis

270 4654 396 4716 brevem
425 4657 497 4713 octo
518 4651 639 4712 dierum
660 4651 801 4729 spacium
831 4650 960 4710 minime
988 4649 1203 4709 continentem
1243 4647 1281 4706 ad
1309 4646 1505 4725 probandum

272 4759 477 4839 excepciones
512 4755 694 4834 hujusmodi
721 4755 910 4834 predixistis,
943 4755 975 4813 in
1003 4753 1158 4813 dictorum
1194 4752 1409 4831 religiosorum
1437 4773 1505 4831 pre·

271 4866 424 4945 judicium
453 4883 519 4923 non
553 4861 712 4922 modicum
747 4865 779 4920 et
813 4880 992 4940 gravamen,
1024 4859 1107 4919 unde
1141 4878 1179 4919 ex
1212 4864 1302 4937 parte
1337 4859 1507 4918 eorundem

271 4971 497 5052 religiosorum,
520 4967 732 5028 senciencium
752 4987 786 5027 se
810 4985 848 5027 ex
867 4965 928 5026 biis
949 4985 1005 5044 per
1025 4984 1081 5025 vos
1102 4963 1240 5024 indebite
1261 4963 1447 5042 pregravari,
1467 4965 1506 5024 ad

272 5078 469 5140 audienciam
504 5079 645 5134 nostram
687 5072 800 5143 extitit,
840 5078 876 5132 ut
917 5070 1077 5140 asseritur,
1121 5069 1261 5148 legitime
1304 5067 1505 5147 appellatum.
