3850 5917
716 706 868 787 Epiecopi
894 706 1139 787 Herejordenaie.
1486 708 1547 768 215

112 964 186 1004 M>-
201 964 263 1003 Μ
309 956 372 1018 The
397 957 515 1036 Bisbop
542 957 751 1018 cornmieeicae
780 958 829 1018 tbc
858 958 978 1036 official
1006 965 1035 1018 to
1062 959 1188 1038 anquira
1215 959 1281 1020 inte
1310 960 1359 1020 tbc
1386 959 1547 1021 character

429 1037 607 1197 {952aess
627 1059 683 1100 eon
706 1039 742 1116 of
763 1039 871 1118 chry
895 1039 933 1099 dc
957 1040 1175 1118 Montpomery,
1201 1061 1222 1100 a
1245 1040 1335 1112 clerte,
1360 1040 1427 1101 who
1451 1041 1480 1102 t's
1505 1041 1545 1102 il·

390 1275 572 1337 Ooumssio
592 1294 693 1336 sacre
722 1277 891 1337 Ormcmnr
912 1294 955 1336 sn
986 1295 1218 1347 momentanea
1240 1296 1345 1338 suras
1366 1295 1548 1340 consessus

307 1399 344 1442 ns
365 1399 518 1442 assuero
535 1383 897 1455 messuere-Adam,
911 1389 971 1444 etc.
1008 1383 1196 1445 Mandatum
1218 1384 1425 1464 apostolieum
1446 1404 1548 1465 nuper

307 1487 483 1568 recepimus
507 1507 602 1567 super
626 1487 750 1548 deiectu
779 1488 932 1548 natalium
960 1509 1054 1570 quem
1085 1489 1260 1570 Philippus,
1289 1496 1383 1552 natus
1412 1490 1545 1552 Henrici

309 1594 349 1654 de
370 1594 481 1654 Monte
501 1593 638 1664 Gomeri,
660 1593 764 1654 cleriei
782 1599 890 1655 nostre
906 1593 1050 1666 diocesis,
1072 1593 1192 1674 patitur
1211 1596 1249 1655 de
1268 1594 1400 1655 diacono
1421 1596 1548 1674 genitus

308 1705 342 1761 et
363 1699 475 1771 soluta,
497 1700 580 1779 quod
605 1699 694 1761 vobis
714 1720 771 1780 per
790 1701 926 1762 eundem
946 1701 1104 1762 mittimus
1125 1701 1365 1782 inspiciendum,
1391 1707 1424 1763 et
1442 1702 1545 1764 eidem

307 1806 392 1866 illico
411 1805 642 1866 retradendum.
689 1805 842 1880 Quocirca
859 1805 948 1866 vobis
970 1812 1078 1867 tenore
1095 1807 1294 1886 presencium
1315 1805 1546 1868 committimus

307 1916 339 1972 et
360 1911 547 1971 mandamus
566 1916 722 1989 quatenus
746 1910 774 1971 si
792 1915 923 1989 paterne
943 1909 1175 1972 incontinencie
1196 1931 1260 1972 non
1278 1911 1373 1972 luerit
1395 1911 1545 1984 imitator,

307 2022 340 2077 et
374 2017 413 2077 de
448 2016 518 2077 aliis
552 2015 800 2077 circumstaneiis
838 2016 1077 2097 quibuscunque
1113 2037 1175 2096 que
1216 2017 1299 2078 circa
1329 2017 1544 2097 ydoneitstem

309 2141 442 2202 persone
463 2121 580 2182 fuerint
602 2123 801 2194 attendenda,
830 2123 1069 2203 inquisicionem
1097 2123 1165 2184 fieri
1194 2123 1316 2185 faciatis
1354 2123 1547 2204 diligentem,

310 2227 439 2307 etquid
466 2227 648 2288 inveneritis
673 2248 729 2307 per
755 2229 896 2299 eandem,
925 2234 985 2289 etc.
1028 2229 1157 2300 Datum,
1188 2235 1248 2290 etc.

309 2469 392 2529 Mar.
415 2468 571 2529 re-The
591 2468 710 2550 Bisbop
733 2477 767 2530 at
792 2470 894 2548 lcnptb
917 2490 1047 2531 removes
1066 2471 1153 2550 from
1181 2471 1228 2532 bis
1253 2471 1333 2549 office
1354 2471 1464 2551 Philip
1498 2472 1546 2550 [de

431 2549 669 2628 Montqomcrp],
698 2549 748 2610 the
768 2550 862 2611 Prior
881 2552 917 2632 os
936 2551 1100 2629 Gbirbrcry,
1121 2552 1203 2613 since
1229 2551 1309 2613 there
1331 2551 1393 2612 had
1414 2553 1485 2613 been
1505 2573 1545 2614 no

432 2630 647 2709 improvement
668 2631 703 2690 in
724 2631 773 2692 te
793 2632 923 2694 ccrtdcm
942 2633 978 2711 os
996 2632 1046 2693 the
1071 2633 1170 2693 borae.

393 2787 575 2848 Osnrsscre
605 2807 723 2849 nomm
752 2807 854 2849 sacre
878 2807 984 2849 suras
1019 2808 1120 2850 srsru
1156 2791 1308 2850 Pmmrrr
1339 2791 1472 2852 Pmorus
1503 2809 1548 2851 nn

311 2894 645 2967 (terestres—Adam,
680 2902 739 2957 etc.
796 2897 925 2956 Dudum
962 2896 1136 2976 prioratum
1172 2896 1211 2956 de
1249 2895 1405 2975 Chirbury
1440 2901 1549 2958 nostre

311 3002 445 3063 diocesis
465 3023 503 3063 ex
525 3002 618 3063 officii
634 3003 735 3065 nostri
756 3002 862 3064 debito
883 3003 1049 3064 visitantes
1071 3003 1206 3064 eundem
1225 3002 1399 3082 prioratum
1419 3007 1549 3083 propter
1609 3067 1610 3070 ,

310 3107 416 3168 fratris
453 3107 592 3187 Philippi
619 3113 696 3168 tunc
730 3107 848 3169 Prioris
876 3107 1018 3186 ejusdem
1053 3107 1186 3187 culpam,
1212 3107 1479 3180 insufficienciam,
1515 3113 1549 3170 et

309 3212 534 3292 impotenciam
554 3213 764 3292 comperimus
786 3213 820 3272 in
838 3212 1054 3292 spiritualibus
1078 3219 1110 3275 et
1126 3212 1351 3292 temporalibus
1373 3213 1545 3293 plurimum

309 3316 408 3378 fuisse
439 3317 622 3397 collapsum,
658 3319 803 3398 idemque
841 3319 938 3380 irater
972 3319 1147 3398 Philippus,
1176 3339 1281 3380 coram
1327 3319 1418 3381 nobis
1453 3341 1549 3401 super

309 3423 471 3502 premissis
495 3423 536 3484 ad
555 3424 809 3503 respondendum
830 3423 962 3504 positus,
991 3443 1054 3504 quo
1075 3424 1114 3484 ad
1135 3423 1242 3484 omnia
1260 3443 1428 3503 personam
1456 3445 1547 3487 suam

309 3533 343 3589 et
371 3533 490 3589 statum
518 3549 612 3589 suum
646 3529 679 3588 in
710 3529 795 3590 dioto
815 3530 957 3609 prioratu
984 3529 1211 3609 contingencia,
1247 3549 1334 3608 pure,
1364 3535 1486 3610 sponte,
1514 3537 1549 3593 et

309 3632 452 3694 absolute
479 3633 674 3694 ordinacioni
700 3638 733 3694 et
760 3633 991 3713 dispensacioni
1020 3640 1128 3694 nostre
1156 3633 1296 3694 totaliter
1320 3654 1354 3696 se
1389 3635 1546 3708 submisit,

308 3737 498 3817 promittens
525 3757 680 3817 expresse,
709 3739 862 3818 corporali
882 3739 1016 3818 prestito
1037 3740 1224 3818 juramento,
1253 3759 1288 3800 se
1315 3739 1395 3802 velle
1423 3741 1546 3802 ordina-

308 3842 392 3903 oioni
412 3849 445 3904 et
466 3843 696 3922 dispensacioni
722 3849 830 3905 nostre
854 3845 886 3903 in
916 3844 976 3904 hac
1003 3848 1092 3923 parte
1120 3843 1263 3904 faciende
1286 3864 1404 3923 parere,
1434 3865 1471 3906 ac
1491 3867 1546 3909 eas

308 3948 443 4010 fideliter
465 3949 640 4021 observare,
664 3955 697 4012 et
724 3956 835 4011 contra
857 3951 944 4012 nullo
976 3951 1070 4011 modo
1089 3950 1205 4023 venire,
1227 3955 1322 4029 prout
1344 3971 1400 4031 per
1419 3951 1547 4031 publica

308 4056 499 4118 documenta
531 4076 627 4136 super
645 4057 707 4118 hiis
725 4057 869 4118 coniecta
895 4057 1013 4137 poterit
1032 4057 1156 4137 plenius
1178 4077 1336 4136 apparere.
1400 4057 1443 4118 Et
1471 4060 1547 4139 quia

308 4164 521 4246 sperabamus,
552 4165 635 4225 sicut
662 4165 858 4244 promiserat,
887 4166 971 4246 quod
998 4165 1141 4245 preteriti
1170 4165 1322 4244 temporis
1359 4165 1483 4245 culpam
1513 4171 1547 4228 et

307 4269 534 4348 negligenciam
553 4289 610 4349 per
630 4269 792 4350 sequentis
812 4270 976 4350 diligencie
996 4275 1028 4331 et
1048 4268 1249 4330 discrecionis
1264 4268 1412 4330 mmutem
1428 4270 1545 4332 saniori

307 4373 439 4436 consilio
459 4380 492 4435 et
520 4375 635 4436 studiis
656 4375 799 4437 sollicitis
823 4376 991 4455 expiasset,
1023 4375 1128 4455 ipsum
1160 4375 1193 4434 in
1221 4375 1322 4436 officio
1348 4375 1430 4436 sicut
1456 4376 1545 4455 prius

307 4500 493 4561 nuncusque
509 4481 736 4542 dissimulando
753 4487 785 4542 et
799 4481 928 4543 meliora
943 4481 1137 4562 expectando
1150 4481 1351 4560 permisimus
1367 4501 1530 4544 remanere
1535 4501 1544 4554 ;

308 4591 358 4646 set
392 4585 468 4666 ipse,
501 4591 607 4665 spreto
634 4587 827 4649 contratrum
861 4607 991 4649 suorum
1018 4586 1150 4647 consilio
1184 4605 1241 4665 per
1268 4585 1420 4665 quosdam
1448 4585 1545 4648 laicos

197 4697 204 4710 '
261 4694 266 4706 '
309 4689 363 4768 qui
383 4693 520 4769 querunt
540 4709 601 4769 que
625 4710 683 4751 sua
699 4696 774 4751 sunt
795 4691 928 4762 ducitur,
953 4696 986 4751 et
1010 4690 1093 4751 bona
1119 4689 1195 4750 dieti
1217 4690 1372 4770 prioratus
1393 4690 1544 4770 multipli-

307 4795 387 4857 citer
406 4795 589 4875 dissipando
609 4796 718 4875 culpas
738 4796 840 4876 culpis
871 4796 1057 4868 accumulat,
1083 4795 1217 4856 abutens
1244 4794 1347 4874 gracia
1368 4795 1427 4856 sibi
1451 4795 1544 4869 facta,

308 4921 345 4963 ac
375 4902 471 4981 igitur
497 4903 580 4982 quod
608 4903 770 4983 provisum
800 4902 895 4964 fuerit
922 4903 962 4964 ad
994 4901 1149 4963 medelam
1176 4900 1309 4962 ulterius
1338 4903 1544 4982 protendatur

308 5007 349 5068 ad
381 5027 506 5081 noxam,
540 5008 673 5087 predicti
707 5007 865 5087 prioratus
906 5006 1129 5087 indempniteti
1161 5005 1327 5068 salubriter
1363 5007 1542 5086 prospicere

308 5113 481 5193 cupientes,
508 5113 617 5174 habita
636 5113 863 5175 deliberacione
896 5113 1074 5184 sufficienti,
1096 5117 1204 5174 tenore
1229 5110 1426 5190 presencium
1454 5112 1541 5173 duxi-
