3850 5917
703 672 855 752 Episcopi
882 672 1125 755 Herefordeosis.
1473 676 1532 737 305

83 903 170 942 M>-
191 906 250 943 ¹³²²·
292 897 348 969 rei,
370 902 429 957 etc.
472 898 591 958 Datum
614 898 697 977 apud
728 897 833 969 Stans,
863 898 928 958 xix⁰
951 898 1002 959 die
1027 898 1146 960 mensis
1173 898 1258 969 Julii,
1288 919 1371 959 anno
1402 900 1533 960 Domini

294 1002 541 1084 uooooxxnijo.

298 1246 376 1327 Joly
401 1248 557 1308 31.—Tbe
580 1247 670 1309 Deoo
690 1248 726 1327 of
740 1219 859 1309 'Aretes
883 1248 1040 1310 dismisses
1067 1248 1115 1309 the
1139 1249 1251 1329 oppeol
1270 1250 1305 1329 of
1329 1250 1470 1311 Williom
1496 1250 1533 1311 de

379 1328 453 1406 Irby
481 1328 605 1406 against
633 1326 682 1389 tis
710 1328 1004 1389 excornmrcnicciioa
1033 1330 1070 1408 by
1099 1331 1149 1391 the
1175 1330 1304 1410 Bisbop.

376 1497 530 1557 Dmrssro
551 1496 656 1558 Onam
678 1498 940 1560 Grurusnmnsrs
961 1517 996 1557 ru
1028 1516 1129 1559 erues
1161 1517 1285 1559 conrnl
1317 1499 1367 1559 W.
1400 1500 1534 1559 Ises.-

293 1602 473 1663 Venersbili
515 1602 548 1661 in
583 1601 711 1663 Christo
744 1603 836 1682 patri,
869 1603 996 1663 domino
1029 1602 1103 1674 Ade,
1136 1610 1205 1674 etc,
1234 1604 1382 1665 Decanus
1402 1603 1532 1665 ecclesie

296 1708 387 1769 beate
406 1707 508 1769 Mario
527 1708 566 1768 de
587 1707 739 1779 Arcubus,
755 1708 937 1778 Londoniis,
952 1709 1072 1768 domini
1090 1709 1239 1769 Officielis
1259 1709 1352 1771 Ourie
1370 1710 1532 1770 Oantunri-

294 1813 381 1875 ensis
411 1812 653 1873 Commisearius
675 1814 847 1884 Generalis,
873 1813 1061 1875 salutemet
1093 1820 1182 1875 tanto
1210 1816 1291 1894 patri
1321 1816 1530 1876 reverenciam

294 1918 433 1979 debitam
462 1938 534 1977 cum
564 1917 691 1979 honore.
743 1917 823 1978 Cum
845 1937 903 1979 nos
930 1919 964 1977 in
992 1918 1121 1997 negocio
1150 1919 1277 1979 tuitorie
1300 1918 1531 1998 appellaoioniS,

296 2026 380 2105 quod
404 2026 436 2083 in
462 2024 557 2085 Curia
579 2024 757 2086 vertebatur
778 2026 938 2085 antedicta
958 2026 1041 2086 inter
1062 2025 1240 2105 religiosum
1270 2027 1381 2097 virum,
1403 2025 1531 2087 tratrem

299 2130 495 2191 Willelmum
517 2131 556 2191 de
580 2128 665 2209 Irby,
686 2131 823 2209 priorem
847 2131 1005 2210 prioratus
1026 2130 1157 2191 ecclesie
1184 2130 1409 2192 Conventualis
1431 2132 1533 2191 sancti

294 2235 446 2297 Guthlaci
480 2235 666 2297 Herefordie
701 2256 736 2297 se
769 2237 1019 2315 pretendentem,
1054 2242 1187 2316 partem,
1229 2242 1265 2297 ut
1300 2237 1532 2317 suggerebatur,

294 2340 506 2421 appellantem
538 2361 576 2402 ex
605 2346 695 2421 parte
723 2361 796 2413 una,
824 2347 857 2402 et
885 2361 942 2403 vos
976 2347 1099 2421 partem
1129 2342 1328 2422 appellatam,
1356 2364 1394 2404 ex
1425 2343 1532 2415 altera,

292 2445 433 2524 legitime
465 2446 679 2525 procedentes,
713 2465 771 2507 vos
801 2466 859 2525 pro
893 2466 931 2508 eo
966 2448 1049 2527 quod
1074 2468 1147 2527 pars
1175 2448 1336 2528 appellans
1375 2449 1533 2510 antedicta

296 2570 389 2612 suem
419 2550 665 2631 appellacionem
701 2551 735 2610 in
764 2551 824 2611 hac
854 2557 944 2632 parte
974 2557 1163 2632 suggestum,
1191 2558 1285 2633 prout
1314 2554 1430 2625 debuit,
1468 2575 1531 2616 non

295 2656 440 2737 probavit
481 2657 520 2718 ab
554 2657 697 2718 examine
732 2657 815 2718 dicte
856 2657 950 2719 Ourie
989 2659 1102 2721 merito
1137 2659 1282 2720 duximus
1317 2660 1531 2733 dimittendos,

295 2763 480 2843 paternitati
508 2769 612 2825 vestre
646 2764 815 2825 reverende
850 2770 959 2826 tenore
993 2766 1191 2846 presencium
1226 2764 1410 2826 intimemus
1439 2766 1530 2846 quod,

294 2888 358 2930 non
379 2869 525 2930 obstante
547 2889 733 2949 quacunque
754 2869 946 2931 inhibicione
974 2870 1063 2931 vobis
1088 2870 1146 2932 sub
1175 2872 1249 2931 data
1277 2870 1458 2941 Londoniis,
1473 2871 1533 2950 iiij⁰

295 2974 343 3035 Id.
377 2974 464 3045 Maii,
494 2994 578 3035 anno
606 2974 736 3035 Domini
766 2975 1006 3056 Muccuxiiip
1036 2976 1128 3048 facta,
1157 2976 1390 3057 quomodolibet
1418 2976 1450 3035 in
1472 2977 1531 3038 hac

293 3086 384 3160 parte
404 3080 501 3140 libere
520 3080 665 3159 poteritis
693 3080 805 3160 exequi
826 3081 910 3161 quod
937 3086 987 3142 est
1008 3086 1157 3143 vestrum.
1201 3083 1320 3142 Datum
1348 3081 1531 3154 Londcniis,

292 3184 393 3265 pridie
421 3184 491 3245 Kal.
514 3184 657 3265 Augusti,
678 3205 762 3245 anno
787 3186 917 3247 Domini
938 3187 1127 3266 supradicto.

291 3440 370 3518 Aac.
398 3439 535 3531 2z‘ww
563 3439 682 3519 Bisbop
709 3440 871 3531 instrueris.
887 3440 936 3501 the
964 3439 1053 3501 Deuot
1080 3441 1115 3580 o<
1143 3440 1294 3519 Hereford
1323 3447 1352 3500 to
1379 3441 1533 3519 proclor'm

417 3540 454 3579 m
482 3520 531 3581 tbc
561 3520 737 3591 Gatbedrol,
765 3520 829 3581 und
856 3541 892 3581 cn
919 3521 965 3581 all
990 3521 1038 3581 ibe
1064 3521 1089 3581 0
1112 3521 1217 3582 urches
1242 3521 1278 3661 os
1303 3520 1351 3581 the
1379 3522 1529 3600 Deonery,

418 3601 468 3661 ilie
495 3608 630 3661 sentence
657 3603 692 3680 os
722 3601 1016 3663 excommunicatioo
1043 3602 1167 3680 against
1199 3602 1249 3661 Wi
1263 3601 1339 3661 liam
1365 3602 1402 3661 de
1433 3602 1528 3680 Irby;

415 3682 805 3824 iobiiwwiiiohiinmm
831 3683 867 3763 os
898 3681 947 3744 hir
972 3682 1097 3762 friends
1125 3682 1249 3761 oquinst
1281 3682 1406 3761 holding
1437 3684 1530 3743 inier—

143 3944 151 3954 ·
243 3968 251 3977 .
374 3922 603 3983 Dnnuuomcro
634 3936 978 3979 nxoonuuurcsoroms
1009 3935 1134 3978 course
1163 3917 1213 3977 W.
1244 3934 1287 3976 nn
1317 3916 1399 3976 Insr
1429 3934 1530 3976 mora

292 4045 370 4088 ross
405 4044 622 4087 murssronnu
643 4024 749 4086 Gunm
771 4022 1196 4092 cruentemus-Adam,
1221 4026 1291 4093 ete,
1316 4021 1430 4083 dilecto
1454 4021 1528 4093 filio,

291 4134 421 4195 Decano
442 4138 549 4195 nostre
568 4132 699 4193 ecclesie
720 4131 973 4202 Herefordensis,
995 4130 1138 4199 salutem,
1154 4134 1213 4189 etc.
1256 4127 1337 4201 Quia
1351 4127 1530 4188 Willelmus

291 4240 330 4301 de
361 4240 446 4319 Irby,
482 4239 666 4309 monachus,
702 4238 755 4317 qui
792 4258 826 4299 se
862 4238 943 4318 gerit
970 4256 1027 4316 pro
1066 4236 1168 4315 priore
1206 4234 1363 4313 prioratus
1398 4232 1528 4293 ecclesie

291 4345 516 4409 Conventualis
541 4344 643 4405 sancti
666 4344 815 4404 Guthlaci
840 4342 1035 4413 Herefordie,
1057 4341 1175 4401 dudum
1198 4361 1217 4401 a
1238 4338 1328 4399 nobis
1347 4357 1404 4418 pro
1431 4336 1528 4418 gravi,

291 4452 451 4531 sacrilega,
472 4456 505 4511 et
525 4449 693 4511 manifesta
713 4450 835 4510 offensa
856 4448 986 4529 majoris
1007 4444 1344 4508 excommunicacionis
1367 4442 1529 4505 sentencia

290 4558 430 4638 legitime
457 4556 637 4626 innodatus,
666 4555 706 4615 ab
736 4555 879 4616 examine
914 4553 1007 4614 Curio
1029 4549 1274 4620 Centuariensis,
1297 4549 1336 4609 ad
1372 4568 1466 4628 quam
1493 4568 1529 4610 se

290 4661 493 4744 protenderet
524 4660 708 4740 appellasse,
732 4661 801 4741 ipso
825 4658 1062 4739 suggescionem
1098 4676 1187 4717 suam
1220 4654 1330 4715 falsam
1359 4673 1423 4714 non
1457 4672 1527 4732 pro·

291 4770 397 4838 bento,
418 4768 562 4847 exigente
582 4766 717 4844 justicia,
742 4765 854 4827 merito
882 4770 931 4826 eet
952 4762 1110 4831 dimissus,
1141 4766 1173 4821 et
1203 4760 1235 4819 in
1260 4758 1381 4839 prelata
1405 4778 1526 4819 excom-

292 4872 519 4934 municacionis
554 4871 716 4932 sentencia
750 4871 853 4931 adhuc
887 4874 1075 4950 perseverat,
1112 4866 1217 4927 animo
1251 4864 1407 4934 indurato,
1438 4862 1528 4925 vobis

291 4979 326 5039 in
342 4978 460 5039 virtute
477 4976 658 5039 obediencie
676 4976 809 5037 firmiter
826 4973 1020 5055 injungendo
1039 4972 1226 5034 mandamus
1243 4970 1392 5050 quatinus
1407 4968 1525 5029 dictum

293 5083 497 5154 Willelmum,
517 5087 584 5144 tam
604 5082 638 5141 in
658 5081 790 5143 ecclesia
810 5086 919 5142 nostra
938 5078 1109 5140 cathedrali
1128 5097 1224 5159 quam
1245 5076 1277 5135 in
1295 5075 1380 5136 dicta
1395 5072 1529 5135 ecclesia
