3850 5917
368 714 428 774 226
741 714 921 795 Recistram
947 715 1014 777 Δᾶι
1040 715 1079 777 de
1107 715 1232 777 Orictoa

196 942 256 984 Α-ὓ·
269 941 319 983 Μ
369 937 428 998 Dei
455 939 560 1019 gracia
584 940 797 1001 Norwicensis
821 940 981 1021 Episcopi,
1010 941 1101 1003 nobis
1126 960 1221 1020 super
1245 940 1305 1001 hoc
1330 940 1474 1013 directas,
1499 941 1608 1021 sicque

368 1044 452 1105 diota
479 1046 611 1107 ecclesia
640 1048 679 1108 de
699 1047 739 1107 N.
761 1066 818 1127 per
845 1048 966 1108 dictum
990 1047 1179 1119 Johannem,
1201 1048 1254 1127 qui
1280 1067 1314 1109 ae
1341 1047 1418 1107 dicit
1439 1048 1606 1109 Rectorem

368 1150 519 1229 ejusdem,
548 1151 642 1231 plena
669 1152 776 1213 existit
804 1152 922 1233 pariter
949 1158 982 1214 ct
1020 1152 1173 1221 consulta,
1201 1152 1368 1233 presertim
1396 1170 1468 1213 cum
1497 1152 1606 1233 hujus·

368 1257 453 1317 modi
472 1258 645 1337 resignacio
665 1278 721 1338 per
738 1279 797 1319 noa
816 1259 865 1320 vel
886 1258 1073 1320 auctoritate
1093 1264 1201 1321 nostra
1220 1278 1284 1320 non
1304 1258 1416 1319 luisset
1435 1258 1609 1339 approbata

369 1364 522 1425 hactenus
544 1384 601 1425 seu
628 1365 775 1426 admissa.
828 1365 982 1439 Quocirca
1005 1365 1094 1426 vobis
1113 1364 1343 1426 committimus
1363 1370 1396 1425 et
1418 1364 1607 1425 mandamus

368 1475 524 1549 quatenus
552 1471 656 1532 citetis
684 1491 741 1531 seu
768 1471 858 1531 citeri
886 1471 988 1532 modis
1016 1470 1130 1551 quibus
1150 1471 1295 1551 poteritis
1319 1470 1442 1532 faciatis
1464 1490 1607 1551 peremp-

369 1576 448 1637 torie
475 1577 646 1637 Ricardum
674 1582 706 1637 et
734 1577 914 1639 Johannem
942 1577 1062 1637 dictum
1087 1576 1210 1647 Russel,
1232 1581 1430 1656 presentetos
1457 1576 1607 1656 prelatos,

368 1682 452 1762 quod
481 1689 683 1761 compareant
711 1703 817 1744 coram
852 1681 943 1743 nobis
971 1682 1021 1743 vel
1048 1687 1157 1745 nostro
1185 1681 1218 1740 in
1256 1681 1316 1741 hac
1344 1686 1433 1761 parte
1461 1682 1607 1743 commis·

369 1787 450 1848 sario
471 1787 608 1867 speciali,
631 1787 664 1846 in
692 1794 801 1849 nostra
828 1786 960 1848 ecclesia
988 1786 1213 1848 Hereiordensi
1241 1787 1383 1866 proximo
1404 1787 1454 1847 die
1474 1787 1609 1864 juridico

368 1898 441 1973 post
475 1892 591 1953 festum
619 1899 728 1953 sancte
762 1892 925 1953 Trinitatis
960 1893 1001 1952 ad
1032 1892 1270 1971 proponendum
1310 1897 1343 1952 et
1377 1893 1607 1953 ostendendum

368 1998 554 2059 canonicum
583 1999 609 2059 si
634 1999 717 2079 qnod
743 1998 880 2060 habeant
908 2018 1013 2079 quare,
1043 1996 1274 2058 nonobstante
1296 1997 1511 2076 resignacione
1538 2018 1607 2077 pre-

369 2104 461 2175 dicta,
481 2104 622 2184 prefatus
636 2104 798 2165 Johannes
820 2104 858 2164 de
874 2102 1074 2183 Lyndewode
1092 2102 1176 2164 dicte
1197 2102 1328 2163 ecclesie
1348 2102 1386 2163 de
1401 2103 1609 2164 Newenham¹

370 2209 503 2289 pristina
523 2209 721 2288 possessione
742 2209 873 2288 pacifica
894 2209 1024 2269 minime
1045 2208 1179 2288 gaudere
1208 2207 1328 2277 debeat,
1350 2212 1386 2267 ut
1407 2214 1456 2269 eat
1475 2209 1607 2287 justum,

370 2316 717 2396 sequestracionemqua
746 2316 933 2377 auctoritate
969 2320 1077 2377 nostra
1106 2315 1139 2374 in
1168 2314 1321 2375 fructibus
1349 2320 1382 2375 et
1402 2314 1608 2394 proventibus

370 2422 453 2481 dicte
480 2421 610 2483 ecclesie
638 2421 857 2501 interpositam
883 2421 1024 2494 relaxari,
1053 2441 1090 2481 ac
1117 2420 1249 2482 ulterius
1277 2420 1311 2479 in
1339 2419 1398 2480 hac
1425 2426 1515 2499 perte
1542 2440 1607 2479 non

370 2527 437 2587 fieri
452 2528 535 2607 quod
557 2526 652 2607 exigit
674 2527 750 2587 ordo
771 2527 859 2606 juris.
902 2527 983 2601 Quid
1006 2532 1113 2587 autem
1136 2526 1168 2585 in
1191 2524 1361 2605 premissis,
1385 2530 1444 2585 eto.
1487 2526 1607 2585 Datum

369 2632 453 2713 apud
475 2632 638 2712 Rughford
659 2633 749 2713 juxta
769 2632 957 2704 Eboracum,
977 2632 1042 2712 xvj⁰
1058 2632 1108 2693 die
1125 2632 1244 2693 mensis
1265 2632 1353 2702 Maii,
1373 2651 1456 2691 anno
1478 2630 1608 2692 Domini

371 2738 593 2817 M00000ui50.

370 2970 446 3048 May
477 2969 633 3029 16.-Tlrc
668 2968 786 3048 Bishop
821 2968 894 3030 cites
927 2976 956 3029 to
989 2987 1104 3049 appear
1138 2968 1235 3048 before
1267 2967 1333 3028 irim
1362 2968 1407 3029 cll
1437 2968 1503 3029 who
1535 2988 1607 3047 bray

490 3049 570 3110 wislr
605 3057 633 3110 to
669 3051 742 3129 offer
776 3048 939 3128 objections
978 3057 1006 3109 to
1043 3048 1091 3110 ihc
1125 3049 1335 3129 appoiatment
1369 3048 1405 3128 os
1439 3048 1536 3128 Hugh
1570 3050 1608 3110 de

492 3131 643 3210 Heresord
671 3151 705 3191 ar
734 3130 828 3191 Prior
854 3132 889 3210 of
915 3129 1093 3208 Obirbmp?

451 3288 584 3349 Crracro
605 3304 755 3347 rauciens
775 3303 987 3346 unsccronsu
1020 3302 1146 3345 morsu
1175 3302 1218 3343 na
1248 3302 1373 3343 raama
1395 3284 1540 3345 Huoosu
1562 3302 1608 3345 nn

371 3395 589 3454 Heraeorum
618 3410 651 3451 in
680 3392 833 3451 Pnroauu
866 3409 910 3450 na
946 3390 1281 3461 Cumanas—Adam,
1317 3394 1385 3460 etc,
1415 3390 1543 3452 Decano
1568 3392 1607 3452 de

370 3498 577 3577 Pontesbury,
599 3496 744 3567 salutem,
772 3501 832 3557 eto.
874 3496 924 3555 Ex
948 3508 1038 3575 parte
1058 3494 1273 3575 religiosorum
1295 3495 1431 3556 virorum
1456 3495 1606 3558 filiorum-

369 3625 430 3686 que
451 3604 483 3664 in
512 3603 639 3665 Christo
670 3602 865 3671 dilectorum,
894 3600 1066 3682 subprioris
1094 3605 1127 3661 et
1163 3600 1385 3661 canonicorum
1424 3604 1608 3664 monasterii

369 3712 407 3772 dc
429 3710 593 3789 Ohirbury,
615 3713 722 3769 nostre
742 3706 884 3777 diocesis,
905 3706 1117 3768 asserencium
1137 3705 1212 3766 dicti
1232 3706 1415 3767 monasterii
1432 3706 1606 3786 prioratum

369 3836 425 3895 per
451 3813 699 3893 resignacionem
724 3810 829 3871 fratris
858 3809 996 3889 Philippi
1025 3810 1064 3870 de
1093 3808 1331 3889 Montcgomeri,
1361 3829 1462 3888 nuper
1488 3811 1607 3873 Prioris

370 3920 520 4001 ejusdem,
555 3937 675 3989 vacare,
707 3916 822 3978 eleccio
856 3914 1052 3976 concorditer
1083 3914 1166 3975 iacta
1193 3915 1232 3975 de
1266 3914 1361 3975 iratre
1396 3914 1533 3995 Hugone
1567 3918 1607 3978 de

370 4025 565 4094 Heraiordia,
580 4022 736 4085 confratre
750 4028 783 4083 et
803 4021 1015 4083 concanonico
1031 4041 1097 4094 suo,
1113 4021 1203 4082 nobis
1218 4042 1273 4101 per
1287 4022 1415 4083 fratrem
1430 4023 1606 4096 Walterum

368 4131 407 4193 de
439 4129 588 4209 Olyfford,
617 4148 710 4189 suum
737 4126 838 4188 eciam
874 4127 1131 4199 concanonicum,
1163 4127 1267 4188 extitit
1295 4133 1484 4207 presentata.
1537 4130 1607 4192 Nos

369 4243 475 4298 nutem
504 4236 647 4296 volentes
683 4235 762 4314 juris
796 4234 947 4305 ordinem,
978 4233 1031 4313 qui
1068 4233 1100 4292 in
1137 4233 1196 4293 hac
1231 4238 1320 4313 perte
1356 4234 1533 4313 requiritur,
1571 4238 1605 4295 in

369 4342 515 4405 omnibus
536 4341 710 4413 observare,
738 4340 827 4401 vobis
856 4340 1084 4401 committimus
1112 4344 1144 4400 et
1174 4340 1360 4401 mandemus
1387 4348 1544 4420 quatenus
1572 4344 1605 4402 in

371 4449 560 4511 monasterio
588 4448 744 4528 prioratus
771 4446 904 4527 predicti
931 4445 1118 4526 proclamari
1140 4444 1263 4525 publice
1285 4445 1415 4516 iacietis,
1441 4454 1474 4507 et
1504 4447 1605 4509 eciam

368 4557 403 4616 in
419 4574 533 4635 genere
552 4554 656 4615 citetis
672 4572 729 4613 seu
747 4550 837 4613 citari
857 4550 980 4612 iacietis
1002 4549 1211 4630 peremptorie
1231 4570 1342 4611 omnes
1362 4556 1394 4612 et
1413 4551 1562 4631 singulos,
1578 4554 1605 4615 si

370 4662 423 4743 qui
444 4661 518 4732 sint,
540 4658 593 4732 qui
614 4658 796 4735 hujusmodi
815 4656 1005 4718 eleccionem
1027 4656 1210 4735 impugnare
1231 4654 1395 4727 voluerint,
1416 4658 1500 4736 quod
1521 4678 1604 4720 com-

369 4771 500 4848 pareant
521 4785 626 4826 coram
649 4764 740 4825 nobis
768 4770 823 4824 aut
843 4768 952 4824 nostro
975 4762 1008 4821 in
1038 4762 1097 4823 hac
1119 4767 1208 4842 parte
1230 4761 1444 4823 commissario
1467 4766 1605 4843 specidi,

370 4873 402 4931 in
425 4870 557 4933 ecclesia
572 4872 681 4929 nostra
712 4867 946 4939 Herefordensi,
981 4866 1122 4947 proximo
1147 4866 1197 4927 die
1224 4866 1357 4946 juridico
1387 4874 1460 4947 post
1488 4869 1604 4933 festum

431 4995 495 5034 l-ln
510 4994 560 5035 MS.
575 4994 683 5033 Newent.

429 5080 504 5122 2-0n
518 5080 575 5126 May
588 5081 611 5119 u
624 5080 666 5120 the
682 5078 749 5125 ilina.
767 5080 793 5120 at
810 5076 880 5120 York.
898 5075 946 5119 had
964 5074 1072 5123 sianifled
1089 5078 1115 5117 tc
1132 5076 1175 5117 the
1193 5074 1282 5123 Biston
1299 5076 1341 5117 the
1360 5076 1434 5123 Royal
1452 5079 1566 5127 sperove!
1582 5080 1609 5123 ol

367 5144 409 5185 the
422 5155 475 5185 new
487 5143 651 5190 nonointment
665 5141 733 5185 (Par.
747 5138 836 5183 Reus).
