3850 5917
423 708 482 768 arr
797 705 984 785 saetam·
1003 704 1069 767 aa
1095 705 1133 766 a
1163 704 1288 766 aaa„

252 937 311 978 M>-
326 937 382 977 ¹³²⁴·
424 930 591 1011 contigerit
609 951 704 1011 super
727 930 866 1011 negociis
886 930 1064 1001 antedictis,
1092 950 1152 991 nos
1173 929 1318 991 nolentes
1340 929 1470 1009 negocia
1491 933 1602 989 nostra
1628 927 1661 986 in

270 1058 319 1100 μοι.
333 1059 366 1099 rs.
424 1036 509 1098 dicto
529 1036 738 1117 parliamento
756 1036 922 1097 tractanda
936 1042 1066 1117 propter
1079 1036 1259 1098 absenciam
1275 1035 1432 1097 dictorum
1451 1036 1661 1105 Decanorum,

423 1143 576 1215 Priorum,
605 1147 638 1203 et
665 1142 965 1204 Archidiaconorum
992 1142 1153 1213 retardari,
1182 1141 1271 1203 vobis
1300 1142 1487 1203 mandamus
1515 1145 1662 1221 rogantes

423 1249 573 1331 quatinus
595 1251 750 1321 Decanos,
773 1249 897 1311 Priores
925 1248 1127 1309 ecclesiarum
1153 1248 1391 1320 cathedralium,
1417 1248 1662 1309 Archidiaconos

423 1354 521 1415 totius
550 1354 709 1435 provincie
736 1359 840 1415 vestre
870 1354 903 1413 in
932 1354 1068 1433 propriis
1097 1354 1241 1433 personis
1272 1354 1348 1425 suis,
1380 1352 1527 1433 Gapitula
1562 1354 1659 1413 eciam

422 1460 546 1540 singula
567 1461 720 1521 dictarum
743 1459 945 1521 ecclesiarum
978 1460 1204 1521 cathedralium
1232 1480 1289 1540 per
1316 1460 1491 1539 singulares
1515 1479 1660 1539 procura-

423 1569 516 1637 tores,
538 1571 570 1626 et
591 1564 710 1625 clerum
741 1565 957 1644 cujuscunque
988 1562 1122 1625 diocesis
1143 1563 1286 1643 ejusdem
1315 1563 1474 1643 provincie
1494 1583 1552 1642 per
1583 1564 1661 1623 duos

423 1670 615 1731 sufficientes
636 1675 863 1750 procuratores,
884 1670 922 1730 ad
944 1670 1046 1729 dictos
1068 1668 1151 1729 diem
1173 1668 1330 1729 stlocum
1352 1668 1458 1729 venire
1478 1668 1602 1729 faciatis
1623 1668 1661 1727 ad

424 1774 624 1859 tractandum
652 1780 685 1835 et
713 1774 974 1834 consenciendem
1003 1772 1064 1833 hiis
1092 1793 1153 1854 que
1184 1774 1217 1832 in
1245 1774 1406 1852 premissis
1441 1779 1518 1834 tunc
1546 1773 1661 1834 ibidem

424 1880 591 1960 contigerit
618 1880 764 1951 ordinari,
792 1886 825 1940 et
853 1880 913 1941 hoc
944 1880 1125 1941 nullatenus
1155 1880 1321 1941 omittatis.
1385 1880 1478 1941 Teste
1506 1900 1557 1941 me
1593 1880 1661 1959 ipsc

424 1987 507 2066 apud
533 1986 764 2057 Kenelworthe,
792 1986 889 2065 xxvij⁰
916 1986 966 2047 die
995 1985 1188 2057 Decembris,
1217 2006 1301 2046 anno
1328 1986 1415 2065 regni
1444 1987 1543 2047 nostri
1577 1986 1660 2065 xvij0.

425 2092 492 2152 Nos
520 2091 615 2171 igitur
643 2096 733 2151 tanto
762 2092 942 2170 prompcius
974 2096 1125 2172 tantoque
1156 2091 1357 2153 favorabilius
1385 2093 1466 2153 votis
1493 2093 1588 2171 regiis
1616 2093 1660 2151 in·

424 2195 579 2257 clinantes
606 2216 669 2275 quo
693 2216 857 2275 speramus
895 2195 1075 2257 firmissime
1106 2201 1276 2257 tractatum
1315 2196 1497 2277 hujusmodi
1531 2198 1661 2259 ecclesie

426 2300 596 2381 Anglicane
627 2306 659 2362 et
687 2302 831 2381 personis
871 2301 1091 2363 ecclesiasticis
1126 2322 1191 2363 non
1226 2303 1347 2363 modice
1367 2303 1577 2383 profuturum,
1610 2304 1660 2365 de-

424 2406 556 2467 liberato
577 2406 707 2468 consilio
724 2407 817 2486 regiis
838 2407 998 2487 rogatibus
1019 2407 1085 2469 fore
1108 2408 1303 2469 decrevimus
1324 2410 1536 2469 annuendum.
1579 2410 1660 2483 Quo·

424 2511 508 2573 circa
536 2510 726 2572 fraternitati
755 2516 858 2572 vestre
887 2510 1115 2572 committimus
1143 2516 1176 2572 ct
1203 2512 1390 2573 mandamus
1411 2512 1560 2592 quatinus
1590 2531 1660 2573 cum

425 2618 531 2679 debita
566 2617 726 2677 celeritate
754 2616 964 2677 confratribus
993 2622 1025 2677 et
1052 2616 1246 2696 coepiscopis
1277 2622 1384 2677 nostre
1426 2617 1662 2679 cantuariensis

425 2723 585 2804 provincie
628 2722 835 2803 suffraganeis
865 2722 933 2784 vice
966 2726 998 2783 et
1034 2723 1222 2783 auctoritate
1255 2728 1364 2783 nostra
1399 2723 1571 2803 injungatis
1606 2744 1662 2785 seu

425 2828 548 2889 faciatis
579 2828 701 2908 injungi
729 2834 765 2889 ut
796 2829 891 2889 iidem
920 2827 1071 2909 Episcopi
1101 2848 1211 2889 omnes
1239 2834 1271 2889 et
1299 2828 1414 2910 singuli
1441 2829 1475 2888 in
1503 2830 1569 2889 suis
1597 2830 1661 2891 dio·

426 2933 549 2995 cesibus
584 2934 683 2993 citent
721 2953 777 2994 seu
817 2932 906 2993 citari
944 2932 1062 2993 faciant
1100 2932 1310 3013 peremptorie
1348 2934 1502 3005 Decanos,
1537 2934 1662 2995 Priores

424 3038 628 3100 ecclesiarum
666 3038 894 3099 cathedralium
926 3042 959 3099 et
998 3038 1144 3119 capitula
1184 3040 1364 3109 eorundem,
1407 3039 1660 3111 Archidiaconos,

425 3145 606 3224 clerumque
627 3144 794 3223 cujuslibet
815 3143 957 3214 diocesis,
980 3144 1063 3223 quod
1085 3143 1179 3203 iidem
1199 3144 1328 3216 Decani,
1347 3144 1481 3215 Priores,
1502 3151 1534 3206 et
1554 3146 1660 3206 Archi·

425 3248 558 3320 diaconi,
580 3249 613 3307 in
634 3248 768 3327 propriis
789 3248 932 3327 personis
953 3249 1028 3319 suis,
1051 3247 1196 3328 Capitula
1217 3269 1291 3309 vero
1319 3249 1441 3329 singula
1459 3251 1661 3311 ecclesiarum

425 3352 652 3414 cathedralium
690 3372 746 3431 per
780 3353 921 3433 singulos
954 3358 1182 3433 procuratores,
1217 3353 1319 3414 clerus
1353 3360 1460 3415 autem
1495 3355 1662 3435 cujuslibet

425 3460 559 3521 diocesis
592 3480 649 3539 per
684 3460 763 3520 duos
798 3464 1017 3538 procuratores
1046 3459 1246 3531 sufficientes,
1279 3467 1482 3540 compareant
1516 3462 1548 3521 in
1578 3463 1662 3523 dicto

426 3564 633 3644 parliamento
653 3564 737 3643 apud
759 3563 1076 3624 Westmonasterium
1094 3564 1176 3624 adie
1197 3562 1433 3639 Purificacionis
1454 3565 1545 3627 beate
1562 3566 1663 3628 Mario

426 3670 458 3729 in
481 3675 545 3730 tres
566 3669 759 3747 septimanas
781 3688 853 3727 cum
875 3668 1115 3729 ccntinuacione
1144 3674 1177 3729 et
1196 3669 1418 3749 prorogacione
1443 3670 1564 3731 dierum
1585 3679 1662 3733 tunc

426 3777 638 3856 sequencium,
660 3775 699 3836 ad
721 3777 921 3836 tractandum
941 3796 1006 3836 una
1026 3775 1190 3837 nobiscum
1212 3781 1244 3837 et
1273 3776 1385 3838 ceteris
1417 3778 1546 3857 prelatis
1568 3799 1662 3859 super

425 3881 610 3962 urgentibus
631 3881 761 3943 ecclesie
782 3881 953 3960 Anglicane
975 3886 1070 3961 atque
1101 3881 1189 3962 regni
1220 3882 1358 3961 negociis
1389 3882 1422 3941 in
1454 3884 1663 3963 parliamento

427 3988 615 4067 supradicto,
647 4006 770 4047 necnon
802 3986 842 4046 ad
873 3986 1137 4047 consenciendum
1166 3986 1228 4047 hiis
1259 4006 1320 4066 que
1352 3987 1391 4047 ad
1418 3988 1571 4050 honorem
1603 3990 1663 4050 Dei

426 4100 459 4155 et
486 4094 617 4155 ecclesie
643 4113 699 4154 sue
727 4098 844 4164 sancte,
870 4113 907 4152 ac
933 4092 1105 4153 utilitatem
1134 4093 1231 4153 totius
1259 4093 1303 4153 rei
1331 4092 1455 4173 publice
1483 4095 1570 4173 regni
1592 4114 1661 4175 pre·

426 4200 522 4270 dicti„
546 4199 652 4259 divina
686 4199 873 4278 disponente
907 4198 1086 4270 clemencia,
1136 4197 1250 4259 ibidem
1296 4198 1462 4277 contigerit
1497 4199 1663 4261 salubriter

426 4305 572 4366 ordinari.
634 4305 700 4365 Vos
720 4304 819 4365 eciam
841 4304 961 4364 dictum
983 4309 1126 4364 nostrum
1151 4304 1344 4375 mandatum,
1370 4304 1518 4383 quatinus
1540 4325 1596 4366 vos
1625 4326 1662 4366 ac

427 4412 591 4472 Decanum
616 4416 649 4470 et
687 4408 868 4489 Capitulum
894 4414 1044 4480 vestrum,
1075 4408 1320 4470 Archidiaoonos
1347 4414 1379 4469 et
1411 4410 1528 4471 clerum
1558 4416 1662 4473 vestre

426 4516 560 4577 diceens
581 4516 744 4595 contingit,
765 4535 821 4594 per
841 4515 948 4575 omnia
979 4514 1113 4576 fideliter
1133 4514 1255 4576 faciatis
1281 4535 1317 4574 ac
1349 4514 1448 4576 eciam
1479 4515 1661 4579 observetis.

427 4624 471 4683 Et
492 4643 532 4684 ne
552 4622 736 4682 mandatum
757 4625 901 4681 nostrum
922 4620 1103 4700 hujusmodi
1135 4626 1211 4692 arte,
1243 4620 1377 4698 ingenio,
1398 4619 1448 4680 vel
1469 4621 1663 4701 negligencia

427 4728 601 4799 deludatur,
622 4726 719 4797 vobis,
741 4732 901 4806 utsupra,
932 4726 1126 4805 injungimus
1154 4725 1238 4805 quod
1258 4725 1452 4805 coepiscopis
1481 4727 1598 4789 nostris
1629 4734 1662 4788 et

426 4834 633 4915 suffraganeis
653 4833 800 4894 omnibus
829 4840 861 4893 et
883 4831 1014 4911 singulis
1046 4831 1251 4892 consimiliter
1282 4830 1454 4910 injungatis
1483 4838 1519 4893 ut
1547 4832 1662 4913 singuli

426 4961 535 5002 eorum
556 4940 595 5000 de
616 4940 682 5000 suis
703 4937 941 5000 execucionibus
972 4958 1044 4997 cum
1076 4938 1244 4997 citatorum
1273 4936 1454 4997 nominibus
1479 4936 1571 5016 plene
1603 4958 1661 5000 nos

426 5046 601 5109 certificent
621 5045 671 5106 die
688 5050 720 5105 et
738 5044 807 5105 loco
827 5043 986 5124 predictis,
1007 5042 1156 5123 quatinus
1177 5042 1216 5103 ad
1237 5060 1291 5102 eos
1310 5040 1457 5122 pertinet,
1486 5043 1661 5105 secundum
