3850 5917
401 696 460 755 144
774 693 953 772 Rapistrum
980 694 1046 754 Ado
1072 694 1109 754 da
1139 695 1263 755 Orteton
1368 714 1372 722 ·

229 973 361 1022 &Diffi
405 947 488 1051 Sept.
514 973 670 1032 aa-The
694 972 813 1051 Bisbop
836 971 1045 1033 cornmissions
1071 973 1120 1033 aa
1147 973 1265 1052 Officiol
1288 976 1346 1051 (or,
1371 974 1407 1034 in
1432 975 1480 1036 bis
1504 977 1637 1048 absence,
1700 985 1710 998 “

526 1052 669 1113 Riohcrd
700 1054 737 1113 dc
766 1053 947 1133 Sidcnbolc)
976 1061 1005 1114 to
1033 1054 1158 1132 anquira
1186 1054 1251 1115 into
1280 1055 1328 1115 the
1393 1057 1501 1135 oposad
1529 1077 1637 1136 appro-

521 1133 713 1294 priajdgprecoj
731 1134 780 1194 tha
803 1134 975 1214 Charchof
992 1135 1154 1213 Avcrtburp
1176 1135 1213 1213 by
1232 1135 1280 1195 the
1301 1135 1348 1196 Ab
1367 1143 1398 1196 ot
1418 1137 1482 1196 ond
1504 1138 1637 1199 Conveni

487 1397 669 1458 Concessio
713 1416 817 1457 suren
857 1415 1032 1458 rnrrcronn
1068 1417 1354 1461 arcnorrusomrrs
1395 1419 1553 1459 nccnnsrn
1593 1418 1637 1460 nn

407 1501 613 1562 Avnnnaunr
647 1520 810 1562 rscrnnnn
835 1502 982 1562 Arsacem
1010 1522 1053 1562 na
1089 1503 1344 1576 Dona—Adam,
1365 1510 1435 1577 eto,
1463 1505 1578 1566 dilecto
1605 1506 1637 1566 in

405 1609 532 1670 Christo
569 1609 643 1678 filio,
683 1608 816 1669 Officiali
854 1613 972 1680 nostro,
1008 1608 1057 1670 vel
1093 1609 1242 1688 magistro
1276 1610 1410 1670 Ricardo
1445 1611 1484 1672 de
1520 1611 1638 1690 Sydon·

408 1714 489 1785 hale,
511 1715 637 1801 Rectori
665 1714 796 1775 ecclesie
828 1714 867 1774 de
888 1715 1103 1793 Wytebourne
1132 1722 1238 1777 nostre
1266 1716 1408 1788 diocesis,
1437 1717 1469 1777 in
1498 1718 1638 1798 ejusdem

409 1818 551 1881 officialis
578 1820 725 1880 absencia
744 1825 854 1881 nostro
879 1821 1094 1882 commissario
1121 1823 1267 1901 generali,
1296 1823 1440 1894 salutem,
1463 1829 1522 1884 eto.
1577 1825 1638 1886 Ex-

405 1929 581 2004 posuenmt
615 1924 706 1985 nobie
739 1924 846 1984 dilecti
880 1926 946 1995 filii,
982 1927 1116 2006 religiosi
1152 1928 1220 2000 viri,
1256 1928 1360 1990 Abbas
1391 1935 1423 1990 et
1458 1929 1640 1991 Conventus

406 2030 445 2091 de
466 2030 561 2099 Dora,
583 2034 690 2090 nostre
719 2029 861 2100 diocesis,
884 2029 1103 2093 Oisterciencis
1131 2033 1258 2105 ordinis,
1287 2035 1370 2114 quod
1386 2056 1443 2115 pro
1465 2035 1514 2096 sui
1538 2037 1640 2097 victus

406 2135 601 2206 necessariis,
634 2128 796 2214 hospitum
827 2141 859 2195 et
890 2157 1064 2215 pauperum
1097 2139 1308 2218 suscepcione,
1335 2146 1367 2200 et
1395 2140 1464 2202 aliis
1495 2141 1640 2220 operibus

403 2232 542 2322 pietatis,
572 2262 627 2303 sue
652 2262 730 2321 quas
751 2241 914 2321 possident
943 2243 976 2300 in
1001 2244 1139 2322 presenti
1169 2265 1232 2304 non
1264 2251 1437 2325 suppetunt
1465 2246 1640 2319 facultates,

405 2350 497 2411 nobie
512 2349 673 2409 humiliter
695 2347 919 2428 supplicantes,
935 2349 1084 2428 quatinus
1099 2350 1238 2429 ipsorum
1253 2351 1493 2412 necessitatibus
1510 2357 1642 2431 paterno

401 2456 633 2535 compacientes
671 2455 787 2515 affectu
821 2454 867 2514 eie
902 2461 934 2514 et
969 2455 1028 2515 sibi
1060 2455 1249 2516 successuris
1283 2456 1315 2515 in
1352 2457 1547 2536 paupertatis
1585 2478 1640 2519 sue

400 2561 627 2622 relevacionem
668 2567 700 2620 et
729 2559 955 2638 hospitalitatis
984 2581 1020 2620 ac
1049 2561 1180 2621 aliorum
1216 2562 1344 2640 pietatis
1372 2583 1502 2642 operum
1529 2583 1637 2623 execu-

400 2648 525 2727 cionem
543 2666 673 2736 fructus,
699 2665 850 2735 redditus,
872 2671 904 2725 et
925 2671 1097 2745 proventus
1118 2667 1248 2728 ecclesie
1269 2668 1308 2728 de
1327 2667 1513 2746 Avenebury
1532 2673 1639 2730 nostre

404 2771 538 2832 diocesis
559 2775 740 2842 memorate,
763 2771 796 2829 in
820 2791 891 2850 qua,
913 2777 950 2831 ut
971 2773 1130 2843 asseritur,
1151 2773 1202 2853 jus
1223 2773 1368 2852 optinent
1388 2779 1583 2854 patronatus,
1606 2775 1637 2833 in

402 2898 481 2938 usus
515 2878 659 2958 proprios
695 2877 922 2939 convertendos
957 2880 1127 2940 concedere
1157 2880 1364 2958 dignaremur,
1400 2897 1440 2940 ne
1475 2880 1639 2960 temporali

407 2983 547 3045 subsidio
580 2983 724 3044 destituti
759 2983 850 3043 inviti
884 2983 1016 3045 deiicere
1052 3005 1070 3044 a
1105 2985 1192 3044 cultu
1222 2990 1373 3064 cogantur
1407 2985 1522 3056 divino,
1557 2991 1589 3046 et
1623 3007 1643 3046 a

407 3089 555 3149 laudabili
587 3089 737 3150 exercicio
777 3111 908 3170 operum
946 3091 1180 3170 premissorum.
1237 3091 1305 3153 Nos
1343 3097 1447 3154 autem
1481 3092 1644 3172 cupientes

407 3185 550 3275 ipsorum
571 3195 822 3268 necessitatibus,
843 3201 937 3275 prout
954 3189 1063 3257 nostro
1084 3197 1238 3258 incumbit
1259 3198 1369 3270 officio,
1388 3197 1553 3259 salubriter
1572 3219 1641 3278 pro·

408 3301 523 3372 videre,
559 3322 595 3362 ac
632 3301 774 3362 volentes
808 3301 886 3380 juris
921 3303 1062 3362 ordinem
1099 3303 1152 3382 qui
1191 3303 1223 3362 in
1259 3304 1318 3364 hac
1352 3311 1441 3382 parte
1475 3305 1644 3384 requiritur

406 3407 580 3479 observare,
616 3407 705 3468 vobis
740 3412 849 3468 tenore
876 3409 1074 3487 presencium
1117 3409 1344 3468 committimus
1380 3414 1411 3470 et
1455 3410 1642 3470 mandamus

408 3513 558 3592 quatinus
588 3513 707 3573 vocatis
743 3513 892 3573 vocandis
930 3533 1025 3592 super
1058 3513 1220 3592 premissis
1257 3513 1421 3594 inquiratis
1459 3515 1643 3594 diligencius

407 3618 581 3680 raritatem,
644 3619 688 3678 Et
729 3619 805 3699 quid
840 3639 935 3698 super
961 3619 1022 3680 hoc
1056 3620 1248 3690 inveneritis,
1283 3625 1342 3681 etc.
1405 3621 1524 3680 Datum
1559 3621 1643 3701 apud

411 3726 550 3806 Sugwas,
572 3725 648 3804 xxij⁰
668 3724 718 3786 die
739 3725 858 3786 mensis
880 3725 1084 3804 Septembris,
1116 3746 1199 3786 anno
1228 3725 1357 3786 Domini
1387 3726 1553 3787 millesimo
1581 3732 1642 3787 tre·

403 3831 577 3892 centesimo
597 3830 756 3892 vicesimo.

409 4111 474 4172 oa.
501 4109 794 4190 6.—Dispensotioa
811 4111 867 4190 jor
889 4109 1091 4188 illepitirnocp
1117 4117 1146 4170 to
1170 4110 1280 4190 Philip
1304 4109 1341 4170 de
1369 4110 1497 4170 Weston.

409 4349 415 4361 ,
488 4289 709 4349 Drsrnnssom
740 4305 802 4348 rao
823 4288 982 4347 Parmeno
1010 4305 1054 4348 nn
1075 4288 1252 4360 Wnsronn,
1274 4287 1641 4356 onumen—Memoran-

405 4396 481 4455 dum
516 4394 599 4475 quod
627 4393 680 4454 vi⁸⁰
709 4393 760 4454 die
788 4392 934 4454 Octobris
959 4413 1043 4454 anno
1074 4394 1203 4454 Domini
1231 4394 1420 4472 supradicto,
1448 4393 1643 4472 dispensavit

412 4500 569 4571 dominus,
591 4499 675 4578 apud
698 4499 837 4579 Sugwas,
859 4519 931 4559 cum
952 4499 1100 4578 Philippo
1127 4499 1268 4578 predicto
1297 4519 1391 4579 super
1411 4499 1534 4560 deiectu
1555 4504 1643 4560 nata·

410 4607 490 4668 lium
512 4626 605 4687 quem
641 4605 762 4686 patitur
794 4606 834 4665 de
868 4606 972 4666 soluto
1006 4606 1131 4685 genitus
1167 4612 1200 4666 et
1235 4607 1347 4678 soluta,
1383 4606 1472 4685 juxte
1502 4612 1644 4667 tenorem

409 4713 586 4790 litterarum
615 4711 858 4792 apostolicarum
880 4711 939 4772 sibi
964 4711 998 4770 in
1023 4711 1082 4772 hac
1110 4717 1199 4791 parte
1222 4712 1418 4773 directarum.
