3850 5917
378 692 438 750 224
752 682 933 767 Req'ictram
958 688 1024 749 acc
1051 688 1088 749 dc
1119 680 1241 749 O'rlcton

205 921 264 961 ΑΒ·
280 921 336 961 ¹³²2
378 915 465 976 ciens
499 919 549 976 est
579 913 717 986 omnino,
747 919 780 975 et
807 914 891 994 quod
919 933 976 994 per
1004 934 1024 973 x
1053 933 1153 975 annos
1181 934 1244 974 non
1278 912 1395 974 resedit
1422 911 1455 972 in
1483 910 1615 973 ecclesia

378 1019 547 1090 antedicta,
579 1039 638 1081 nec
668 1018 774 1080 sciunt
804 1019 844 1080 de
881 1018 986 1100 aliqua
1026 1018 1157 1080 licencia
1191 1018 1285 1099 quam'
1330 1017 1440 1079 eodem
1475 1022 1616 1095 tempore

378 1123 516 1185 obtinuit
537 1144 632 1203 super
653 1144 716 1184 non
737 1123 920 1195 residencia,
941 1129 974 1185 et
995 1124 1079 1204 quod
1099 1123 1252 1203 capellani
1272 1122 1433 1203 pervices
1454 1122 1487 1182 in
1506 1122 1616 1183 eadam

378 1230 573 1292 celebrantes
601 1230 718 1311 absque
739 1230 813 1291 vino
847 1236 880 1291 et
915 1230 1027 1291 clerico
1055 1228 1243 1291 multociens
1273 1228 1385 1306 missas
1410 1227 1614 1298 celebrarunt,

378 1357 436 1398 seu
456 1337 561 1398 verius
582 1337 830 1417 prophanarunt.
874 1336 1016 1411 Quodam
1038 1336 1137 1397 eciam
1157 1335 1269 1395 domus
1290 1334 1372 1395 dicte
1393 1332 1524 1395 rectoria
1541 1336 1616 1393 sunt

378 1442 499 1503 dirrute
527 1448 559 1503 et
587 1448 784 1521 consumpte,
815 1447 848 1502 et
880 1446 983 1503 cetere
1014 1460 1124 1501 omnes
1153 1440 1279 1501 ruinose
1314 1440 1392 1500 adeo
1417 1439 1501 1519 quod
1532 1439 1617 1499 dicta

378 1547 513 1608 rectoria
534 1552 566 1608 et
587 1567 662 1607 cura
683 1546 713 1606 in
733 1548 852 1617 eadem,
881 1552 947 1607 tam
969 1546 1002 1605 in
1025 1546 1240 1627 spiritualibus
1261 1566 1356 1627 quam
1377 1546 1410 1605 in
1437 1544 1615 1625 temporali-

379 1652 439 1712 bus
462 1657 592 1731 apparet
613 1651 740 1713 cuilibet
762 1652 898 1713 intuenti
919 1651 1077 1723 derelicta,
1105 1658 1146 1722 et,
1175 1652 1258 1732 quod
1283 1651 1419 1712 deterius
1447 1657 1505 1722 cst,
1533 1650 1616 1731 quod

378 1756 562 1836 parochiani
597 1757 799 1818 decesserunt
832 1757 949 1837 absque
986 1756 1182 1819 confessione
1220 1764 1252 1818 et
1287 1764 1427 1819 extrema
1465 1756 1617 1817 unccione

380 1867 509 1942 propter
540 1862 697 1923 defectum
736 1863 879 1923 Rectoris
910 1869 943 1923 et
972 1862 1125 1942 capellani
1147 1863 1215 1934 sui;
1247 1862 1406 1943 predictus
1434 1882 1508 1923 vero
1540 1862 1618 1923 Milo

380 1968 503 2048 positus
526 1969 565 2027 sd
586 1968 840 2047 respondendum
868 1969 1058 2048 judicialiter
1088 1968 1245 2029 fatebatur
1276 1988 1310 2029 se
1341 1988 1410 2029 esse
1431 1967 1564 2029 debilem
1586 1973 1619 2029 et

380 2072 589 2152 impotentem
611 2074 650 2133 ad
678 2074 816 2153 regimen
846 2079 879 2134 et
899 2094 980 2135 onus
1001 2074 1084 2134 dicte
1115 2073 1245 2135 ecclesie
1266 2074 1459 2144 sustinenda,
1481 2079 1513 2134 et
1534 2072 1618 2153 quod

380 2177 495 2238 absens
516 2177 576 2237 fuit
597 2199 616 2238 a
637 2178 720 2238 dicta
741 2178 872 2239 ecclesia
893 2199 949 2259 per
979 2199 999 2238 x
1028 2199 1128 2240 annos
1157 2184 1189 2241 et
1214 2170 1367 2258 ampli'us;
1403 2178 1481 2238 dixit
1511 2184 1617 2239 tamen

380 2283 464 2361 quod
493 2282 574 2343 bone
603 2284 752 2344 memorie
780 2283 943 2355 Ricardus,
973 2284 1130 2364 quondam
1160 2284 1337 2363 Episcopus
1366 2283 1616 2355 Herefordensis,

380 2386 452 2449 viva
481 2408 557 2449 voce
587 2388 781 2468 dispensavit
810 2409 918 2450 secum
948 2409 1043 2469 super
1073 2410 1137 2451 non
1172 2390 1353 2461 residencia,
1383 2395 1431 2451 set
1460 2389 1561 2451 nullas
1588 2390 1618 2450 ei

381 2493 504 2554 litteras
529 2494 693 2555 concessit.
750 2495 794 2554 Et
822 2495 868 2555 sic
899 2496 1083 2555 mandatum
1109 2501 1248 2557 vestrum
1278 2514 1348 2555 eum
1376 2500 1555 2556 reverenter
1585 2494 1618 2555 in

381 2598 528 2659 omnibus
549 2605 706 2660 executus.
750 2600 868 2660 Datum
890 2600 975 2679 apud
994 2600 1141 2671 lectona,
1163 2600 1261 2680 xxiiij⁰
1278 2600 1327 2661 die
1350 2601 1467 2661 mensis
1488 2606 1520 2662 et
1543 2602 1617 2661 anni

382 2704 604 2783 predictorum.

383 2960 477 3040 April
504 2962 660 3022 27.-The
694 2961 813 3041 Bishcp
840 2961 985 3042 cppoictc
1019 2962 1161 3023 Richcrd
1188 2963 1224 3023 dc
1259 2962 1359 3033 Stoica,
1384 2963 1492 3043 priest,
1526 2970 1555 3023 to
1583 2963 1617 3023 bc

508 3041 668 3121 coadjutor
693 3050 721 3102 io
745 3042 834 3114 Milo,
860 3042 971 3104 Reclor
994 3044 1029 3123 of
1052 3044 1173 3104 Lactora.

467 3198 660 3258 Oosnsuroa
679 3216 783 3258 nurus
805 3183 1110 3269 M1nou1,'Rncr01u
1138 3199 1302 3259 Eocnnsin
1335 3218 1378 3258 on
1411 3200 1619 3259 Lassora.—

384 3301 493 3373 Adam,
529 3306 598 3373 etc,
636 3301 749 3363 dilecto
770 3302 803 3361 in
839 3301 965 3362 Christo
1000 3302 1073 3373 filio,
1109 3301 1259 3382 magistro
1280 3302 1414 3363 Ricardo
1439 3303 1476 3363 de
1511 3304 1617 3376 Stoke,

383 3406 565 3486 presbitero,
589 3408 668 3485 juris
688 3407 788 3467 civilis
817 3406 995 3486 professori,
1025 3401 1168 3478 salutem,
1190 3413 1248 3469 etc.
1305 3408 1386 3482 Quia
1408 3428 1464 3488 per
1487 3408 1615 3489 inquisi-

383 3514 506 3575 cionem
544 3514 716 3593 legitimam
754 3534 855 3593 nuper
882 3514 1069 3575 auctoritate
1101 3520 1208 3575 nostra
1243 3513 1357 3575 factam
1406 3516 1618 3595 comperimus

386 3619 548 3681 evidenter
572 3621 654 3699 quod
684 3619 761 3680 Milo
790 3620 828 3679 de
861 3619 1061 3698 Hurteslcye,
1089 3620 1205 3681 Rector
1233 3619 1363 3681 ecclesie
1391 3621 1429 3681 de
1469 3620 1615 3693 Lentone,

330 3738 333 3743 ’
384 3729 492 3784 nostre
513 3724 654 3795 diocesis,
677 3724 774 3795 senio,
797 3724 905 3785 morbo
930 3724 1103 3795 incurabili,
1132 3746 1168 3785 ac
1192 3726 1330 3805 corporis
1355 3725 1515 3787 debilitate
1540 3727 1616 3789 adeo

385 3836 588 3910 pregravatur
615 3832 698 3910 quod
733 3831 816 3891 dicte
848 3829 979 3891 ecclesie
1014 3831 1153 3909 regimen
1190 3831 1229 3891 ab
1265 3831 1373 3892 eodem
1411 3851 1429 3891 a
1456 3832 1522 3911 jam
1564 3832 1619 3893 diu

384 3941 433 3996 est
464 3936 647 3997 derelictum
675 3942 707 3996 et
735 3936 921 4015 neglectum,
961 3936 1082 3997 inutilis
1110 3942 1142 3997 et
1174 3936 1364 3998 insufficiens
1386 3938 1525 3999 redditur
1551 3940 1616 4017 jam

384 4041 522 4113 omnin0,
547 4062 606 4102 nos
631 4042 713 4102 dicte
737 4041 868 4103 ecclesie
892 4042 1129 4123 animarumque
1154 4063 1227 4104 cure
1251 4044 1283 4102 in
1304 4044 1413 4104 eadem
1439 4044 1616 4105 imminenti

384 4166 421 4206 ac
449 4146 523 4206 dicti
559 4146 702 4208 Rectoris
735 4147 832 4207 statui
868 4147 1030 4226 providere
1072 4148 1221 4219 volentes,
1254 4148 1292 4209 de
1325 4154 1379 4209 tua
1407 4148 1557 4211 fidelitate
1584 4155 1619 4211 et

384 4252 554 4332 prudencia
585 4253 812 4331 circumspecta
845 4252 971 4331 plenam
1004 4254 1036 4312 in
1065 4253 1191 4314 domino
1226 4254 1372 4314 fiduciam
1410 4260 1615 4334 reportantes,

383 4357 524 4437 predicto
557 4358 669 4418 Miloni
697 4363 728 4417 te
763 4358 977 4438 coadjutorem
1015 4360 1211 4438 deputamus,
1244 4364 1275 4419 et
1310 4358 1617 4421 administracionem

383 4463 467 4524 dicte
495 4464 626 4525 rectoria
655 4464 688 4522 in
723 4463 937 4543 spiritualibus
976 4469 1007 4525 et
1042 4464 1274 4543 temporalibus,
1304 4484 1398 4545 quam
1434 4464 1472 4525 ab
1507 4466 1617 4527 eodem

383 4570 518 4630 Rectore
560 4568 739 4638 auferimus,
778 4570 810 4628 in
846 4569 946 4630 forma
979 4570 1059 4648 juris
1097 4569 1153 4631 tibi
1192 4570 1419 4632 committimus
1457 4590 1512 4651 per
1545 4591 1614 4651 pre·

385 4677 500 4744 sentes,
524 4678 706 4734 revocantes
729 4693 948 4754 quamcunque
973 4674 1095 4734 firmam
1115 4675 1153 4735 de
1171 4675 1311 4753 predicta
1335 4676 1466 4737 ecclesia
1490 4676 1615 4756 quibus-

384 4798 508 4857 cunque
539 4777 656 4857 absque
688 4783 797 4838 nostra
823 4777 954 4839 licencia
978 4778 1140 4859 hucusque
1167 4778 1292 4850 factam,
1314 4798 1350 4839 ao
1371 4779 1472 4859 ipsam
1495 4800 1618 4841 exnunc

381 4882 629 4963 pronunciantes
649 4883 776 4962 penitus
797 4902 866 4944 essa
887 4884 1015 4943 nullam.
1071 4885 1190 4944 Datum
1212 4885 1294 4965 apud
1326 4885 1498 4965 Bosebury,
1521 4888 1620 4967 xxvij⁰

383 4990 434 5050 die
455 4989 579 5069 Aprilis,
601 5008 684 5049 anno
707 4989 836 5050 Domini
858 4990 1092 5071 M0000⁰xxij0.,
1117 4996 1176 5051 etc.
