3850 5917
685 718 835 798 Episcopi
861 716 1106 798 Hcrcfordensis.
1473 717 1514 777 99

129 951 174 990 tn·
187 951 234 990 ¹³¹⁹·
275 944 504 1006 monasterium
525 948 665 1005 vestrum
687 941 864 1023 predictum
885 942 925 1001 ad
953 941 1165 1021 penitenciam
1186 940 1356 1002 salutarem
1377 940 1454 1000 inibi
1476 941 1517 1001 ad

274 1055 401 1129 tompus
422 1050 631 1129 peragendam
657 1047 842 1116 transmisit,
863 1052 899 1108 ut
919 1046 1003 1107 licite
1034 1046 1147 1126 potuit,
1175 1052 1379 1116 moraturum,
1405 1051 1437 1106 et
1458 1066 1515 1107 vos

275 1173 330 1234 per
361 1174 437 1215 suas
461 1154 583 1214 litteras
611 1152 768 1214 instantes
796 1152 926 1231 rogavit,
953 1157 989 1212 ut
1018 1152 1058 1212 ad
1087 1151 1147 1212 hoc
1179 1152 1297 1211 dictum
1328 1151 1514 1212 canonicum

273 1259 484 1321 admitteretis
521 1260 620 1320 donec
651 1279 724 1319 eum
756 1259 884 1318 duceret
908 1257 1129 1327 revocandum,
1160 1256 1249 1316 vobis
1290 1256 1515 1317 nichilominus

273 1365 469 1425 denuncians
485 1369 522 1424 ut
540 1363 675 1443 aliquem
694 1363 733 1424 de
752 1362 901 1423 fratribus
922 1349 1036 1423 vestris
1055 1381 1149 1442 quem
1168 1361 1319 1422 duxeritis
1338 1361 1515 1440 eligendum

274 1472 342 1532 loco
365 1471 441 1532 dicti
464 1471 570 1532 fratris
590 1469 747 1531 Johannis
771 1469 810 1530 ad
831 1468 989 1548 prefatum
1012 1467 1238 1528 monasterium
1260 1468 1299 1528 de
1317 1467 1517 1546 Wiggemore

275 1577 402 1640 interim
431 1581 636 1646 moraturum,
662 1575 689 1636 si
714 1574 803 1636 vobis
830 1574 978 1654 placeret,
1000 1574 1127 1634 mittere
1149 1574 1309 1645 curaretis,
1331 1594 1371 1634 ne
1404 1575 1517 1634 domus

276 1688 381 1744 vestra
412 1682 577 1744 occasione
601 1681 678 1742 dicti
711 1680 817 1741 fratris
846 1680 1003 1741 Johannis
1032 1679 1103 1760 plus
1133 1679 1239 1741 debito
1262 1685 1462 1760 gravaretur;
1484 1685 1518 1741 et

274 1789 348 1869 quia
379 1808 437 1849 vos
473 1787 572 1868 ipsius
604 1787 704 1867 patris
734 1786 828 1866 justis
860 1786 893 1844 in
924 1786 983 1846 bac
1020 1791 1109 1866 parte
1137 1785 1282 1866 precibus
1320 1787 1518 1866 acquiescere

276 1895 431 1955 hactenus
463 1913 526 1952 non
559 1893 701 1962 curastis,
725 1911 783 1952 nos
816 1895 926 1952 mutue
957 1890 1184 1952 vicissitudinis
1214 1897 1348 1971 optentu
1378 1893 1411 1951 in
1439 1893 1517 1972 juris

276 1999 452 2062 subsidium
481 1998 654 2078 requisiriit,
686 2003 722 2058 ut
756 2018 812 2058 vos
843 1998 882 2057 ad
913 1998 1129 2077 recepcionem
1154 1997 1230 2058 dicti
1257 1999 1400 2059 canonici
1426 1999 1518 2079 juxta

275 2105 355 2185 juris
381 2103 587 2183 exigenciam,
609 2108 641 2164 et
663 2103 763 2182 ipsius
793 2103 826 2162 in
854 2123 892 2163 ea
911 2107 1002 2182 parte
1029 2103 1148 2182 justam
1172 2103 1411 2183 requisicionem
1433 2124 1516 2165 com-

275 2211 390 2290 pellere
427 2229 617 2270 curaremus.
686 2208 767 2270 Oum
802 2208 898 2288 igitur
929 2209 1101 2269 secundum
1135 2209 1303 2269 canonicas
1334 2210 1519 2270 sancciones

274 2337 311 2378 ex
343 2316 438 2377 officii
475 2315 575 2376 nostri
606 2314 712 2376 debito
748 2315 847 2375 simus
881 2315 1023 2393 predicto
1058 2314 1146 2374 tratri
1187 2321 1296 2376 nostro
1327 2315 1359 2374 in
1390 2316 1517 2395 justicia

274 2421 442 2492 debitores,
465 2419 554 2482 vobis
575 2420 606 2480 in
629 2420 746 2481 virtute
767 2419 947 2480 obediencie
969 2426 1001 2480 et
1020 2419 1079 2481 sub
1099 2440 1181 2499 pena
1202 2421 1353 2482 canonica
1375 2422 1518 2482 districte

277 2527 480 2606 precipiendo
502 2525 698 2596 mandamus,
733 2525 883 2605 quatinus
914 2523 1071 2604 prefatum
1100 2525 1286 2586 canonicum
1308 2527 1347 2586 ad
1375 2527 1517 2606 peniten-

279 2632 360 2694 ciam
390 2631 561 2692 salutarem
590 2631 623 2690 in
651 2631 842 2692 monasterio
869 2636 984 2702 vestro,
1013 2637 1050 2691 ut
1071 2631 1280 2710 premittitur,
1307 2633 1518 2712 peragendam

277 2739 464 2808 admittatis,
480 2737 673 2798 difficultatis
688 2736 855 2816 cujuslibet
875 2736 964 2798 obice
978 2735 1152 2815 profligato,
1174 2737 1358 2796 mandatum
1374 2743 1518 2798 nostrum

280 2845 312 2904 in
334 2844 395 2904 hac
426 2847 517 2922 parte
548 2842 653 2902 taliter
684 2841 852 2920 impleturi,
884 2863 924 2902 ne
954 2841 994 2902 ob
1023 2847 1162 2902 vestram
1192 2842 1440 2904 inobedienciam
1469 2843 1518 2904 vel

283 2946 519 3028 negligenciam,
541 2945 624 3027 quod
649 2945 740 3016 absit,
766 2945 806 3005 ad
822 2945 980 3025 graviores
1000 2966 1099 3025 penas
1121 2947 1289 3008 canonicas
1324 2953 1434 3008 contra
1461 2968 1519 3009 vos

280 3053 414 3114 ulterius
442 3053 610 3132 procedere
638 3057 810 3113 teneamur.
853 3053 896 3114 Et
924 3052 999 3133 quid
1028 3052 1060 3111 in
1092 3053 1263 3132 premissis,
1295 3058 1354 3113 etc.
1397 3054 1517 3114 Datum

279 3159 463 3228 londoniis,
484 3159 519 3238 ij0
539 3158 590 3219 die
610 3158 782 3230 Februarii,
807 3178 900 3228 anno,
922 3163 992 3228 etc..
1013 3158 1109 3237 xviiia
1151 3178 1155 3186 ·

362 3312 482 3374 Similis
503 3312 604 3373 torma
618 3313 793 3374 litterarum
808 3313 892 3374 lacta
912 3312 972 3372 fuit
986 3312 1147 3392 dirigenda
1162 3313 1275 3373 Abbati
1289 3319 1321 3373 et
1341 3314 1518 3375 Conventui

279 3421 318 3480 de
340 3419 545 3498 Keynesham
570 3439 627 3498 pro
651 3419 772 3479 Thoma
803 3419 941 3479 Riclrard
962 3439 1019 3498 per
1039 3419 1232 3499 Episcopum
1258 3419 1517 3491 Batboniensem,

277 3531 327 3586 set
348 3525 416 3605 ipse
437 3544 492 3585 eas
513 3523 615 3584 noluit
635 3523 828 3603 consignare,
861 3545 919 3584 nec
951 3524 1170 3585 execucionem
1191 3525 1265 3586 inde
1296 3525 1519 3605 laceransque

279 3631 319 3690 ad
357 3629 570 3690 monicionem
601 3628 837 3709 Archiepiscopi
868 3649 929 3708 que
960 3629 994 3688 in
1026 3629 1119 3690 tertio
1153 3629 1228 3690 lolio
1266 3631 1410 3710 sequenti
1445 3651 1517 3691 con-

278 3735 407 3796 tinetur.
1155 3744 1159 3751 ’

280 4013 352 4074 Dec.
383 4012 540 4084 30,—Tlre
569 4012 688 4092 Bichop
715 4013 812 4074 isaaco
839 4013 991 4092 striaqent
1017 4015 1205 4092 reputatione
1230 4016 1286 4096 sor
1313 4017 1362 4077 tho
1389 4017 1520 4078 conduct

403 4095 440 4173 of
465 4093 515 4154 tho
544 4093 665 4154 Conone
690 4095 725 4172 os
754 4094 910 4172 Wipnrore.

362 4273 548 4333 Conanccro
574 4291 679 4334 suma
699 4292 901 4335 vrerracroun
934 4275 1080 4336 Aeercnc
1113 4295 1155 4336 nn
1178 4277 1519 4359 Wroosuoua—Epi-

281 4399 405 4458 scopus,
441 4385 511 4448 etc,
548 4378 670 4440 dilectis
705 4381 737 4440 in
774 4381 900 4441 Christo
934 4380 1018 4452 filiis,
1053 4381 1167 4442 Abbati
1199 4389 1231 4444 et
1261 4383 1437 4444 conventui
1480 4385 1519 4446 de

283 4485 491 4564 Wiggemore,
513 4485 656 4556 salutem,
679 4491 738 4546 etc.
781 4487 827 4548 Ut
846 4491 955 4547 nostra
974 4487 1116 4548 visitacio
1138 4508 1238 4566 nuper
1259 4489 1342 4568 apud
1361 4509 1417 4549 vos
1436 4489 1521 4550 facta

282 4589 346 4661 fiat,
369 4595 530 4650 annuente
551 4591 698 4662 Domino,
720 4591 881 4652 fructuosa
900 4592 939 4652 ad
960 4593 1188 4653 correccionem
1208 4599 1241 4653 et
1261 4593 1519 4656 reformaoionem

285 4695 468 4756 monasterii
489 4695 586 4756 vestri
608 4701 672 4756 tam
695 4697 727 4756 in
759 4696 975 4777 spiritualibus
1003 4717 1097 4777 quam
1126 4698 1159 4756 in
1180 4699 1405 4778 temporalibus
1426 4701 1519 4761 infra·

285 4803 419 4882 scriptae
456 4801 673 4864 ordinaciones
704 4808 829 4864 nostras
861 4803 919 4864 sub
948 4804 1040 4883 penis
1071 4804 1103 4862 in
1145 4804 1263 4864 eisdem
1298 4806 1455 4866 contentis
1486 4806 1520 4865 in

283 4907 399 4968 virtute
425 4906 606 4968 obediencie
629 4907 820 4987 precipimus
842 4907 1063 4969 inviolabiliter
1083 4909 1250 4970 observari.
1306 4910 1346 4970 In
1370 4911 1480 4990 primis
1501 4933 1521 4972 a

283 5011 378 5074 fratre
392 5013 542 5092 Philippo
556 5013 640 5073 dicto
654 5013 683 5074 le
698 5011 823 5092 Galeys,
839 5033 940 5092 nuper
954 5013 1075 5074 Abbate
1089 5020 1203 5086 vestro,
1219 5015 1404 5077 inchoantes
1418 5017 1520 5078 eidem

285 5117 324 5178 de
357 5118 449 5179 bonis
484 5117 598 5178 vestris
634 5119 853 5180 communibus
890 5119 948 5180 sub
976 5119 1176 5200 infrascripto
1201 5120 1413 5182 moderamine
1434 5124 1519 5184 volu-
