3850 5917
390 663 448 722 154
765 663 944 742 Regietrom
971 663 1037 723 Ado
1064 661 1102 722 'de
1132 661 1256 722 Orlctoo

217 931 274 972 an.
290 932 345 972 iaco.
390 914 473 993 Sept.
502 915 659 975 20.-The
686 915 805 995 Biebop
833 915 982 976 instructa
1012 915 1061 975 the
1089 915 1179 974 Deera
1206 915 1241 994 os
1268 914 1486 993 Aberpavcaoy
1515 921 1544 975 tc
1572 915 1633 976 cite

513 995 562 1056 tho
590 996 685 1057 Prior
711 997 774 1056 aad
801 996 908 1056 ownia
936 997 972 1076 os
1002 997 1220 1074 Abergoocmry
1250 1002 1279 1056 to
1313 1015 1429 1075 cppecr
1456 996 1553 1076 before
1582 995 1634 1058 the

483 1158 485 1163 ,
512 1076 632 1156 Biebop
659 1097 699 1137 ort
727 1079 810 1158 Sept.
839 1081 888 1138 27.

472 1256 605 1318 Oirecro
626 1257 761 1317 Parcius
782 1274 824 1316 nr
846 1274 1073 1317 irenaceorum
1094 1275 1138 1316 nn
1163 1255 1534 1327 Benearnum-Adam,
1560 1262 1631 1328 etc,

389 1367 536 1423 executor
550 1363 663 1423 unicus
683 1385 702 1423 a
717 1364 797 1424 Sede
812 1362 995 1443 Apostolioa
1010 1363 1189 1443 deputatae,
1206 1363 1341 1424 discreto
1356 1363 1432 1432 viro,
1448 1364 1578 1423 Decano
1592 1363 1633 1424 de

389 1467 574 1546 Bergeveny
596 1473 628 1527 et
652 1466 793 1546 ejusdem
815 1468 876 1528 loci
896 1467 1013 1528 vicario
1041 1468 1230 1529 salutemet
1262 1467 1421 1528 mandatis
1450 1468 1633 1547 apostolicis

389 1571 522 1632 firmiter
541 1571 675 1632 obedire.
722 1572 919 1632 Auctoritate
940 1573 1183 1652 apostolicique
1207 1571 1368 1651 fungimur
1393 1572 1426 1631 iu
1447 1572 1507 1634 hoc
1531 1577 1632 1652 parte,

389 1697 484 1757 quarn
507 1677 595 1738 vobis
617 1677 774 1738 mittimus
802 1677 1032 1756 inspiciendam
1054 1676 1208 1756 nobisque
1236 1676 1320 1736 illico
1348 1697 1405 1756 per
1433 1679 1632 1757 presencium

389 1779 592 1863 portitorem
611 1783 746 1844 fideliter
776 1784 1009 1854 remittendam,
1046 1782 1079 1842 in
1107 1783 1224 1843 virtute
1259 1782 1440 1844 obediencie
1463 1803 1526 1864 que
1559 1783 1634 1846 Sedi

387 1888 571 1969 ¹Apostolice
613 1890 691 1950 estis
732 1890 863 1961 astricti,
906 1909 1031 1950 necnon
1069 1889 1127 1948 eub
1172 1909 1255 1968 pena
1294 1891 1634 1952 excommunicacionis

391 1995 520 2073 majoris
541 2014 636 2074 quam
659 1995 692 2054 in
716 2015 868 2074 personas
890 2001 1012 2056 vestrae
1034 2000 1065 2055 et
1085 1994 1253 2072 cujuslibet
1276 2002 1417 2057 vestrum
1445 1995 1576 2057 ferimus
1597 1997 1632 2057 in

387 2099 451 2158 biis
471 2099 606 2178 scriptis,
630 2099 657 2160 si
680 2099 713 2159 in
734 2101 923 2170 erecucione
944 2100 1100 2179 presentis
1131 2099 1271 2160 mandati
1293 2101 1487 2179 negligentes
1508 2099 1634 2161 fueritis

253 2250 285 2280 ο,
326 2267 332 2279 ,
390 2206 440 2266 vel
457 2205 590 2277 remissi,
608 2206 741 2266 firmiter
762 2205 955 2285 injungendo
970 2205 1199 2266 committimus
1219 2210 1251 2265 et
1267 2205 1455 2266 mandemus
1475 2211 1633 2283 quatenus

390 2311 495 2372 citetis
527 2331 583 2371 eeu
616 2311 706 2371 citari
734 2310 867 2382 iacietis,
899 2310 1018 2372 alterve
1042 2315 1184 2371 vestrum
1216 2311 1292 2371 citat
1320 2329 1376 2370 seu
1401 2311 1492 2370 citari
1526 2310 1632 2382 faciat,

389 2416 600 2495 peremptorie
621 2420 653 2476 et
675 2416 769 2476 modo
788 2436 850 2495 quo
871 2417 1016 2496 poteritis
1036 2416 1174 2488 meliore,
1194 2421 1227 2476 et
1240 2415 1449 2495 premuniatie
1471 2415 1634 2496 religiosos

390 2521 474 2582 viros
499 2521 641 2581 Priorem
666 2522 704 2594 de
729 2521 914 2601 Bargeveny
935 2526 968 2582 et
992 2522 1135 2600 ejusdem
1158 2521 1218 2582 loci
1240 2521 1412 2582 monachos
1440 2522 1525 2601 quod
1547 2541 1632 2582 com-

389 2633 521 2707 pareant
555 2647 661 2688 coram
696 2627 787 2687 nobie
806 2627 849 2686 -in
889 2627 1036 2707 (lapitulo
1071 2628 1242 2688 eorundem
1278 2627 1317 2688 de
1351 2627 1545 2706 Bergeveny,
1582 2627 1633 2689 die

389 2735 479 2795 lovis
501 2735 644 2814 proximo
668 2739 743 2794 ante
771 2734 889 2794 festum
917 2735 1020 2794 sancti
1049 2733 1214 2795 Michaelis
1236 2733 1423 2813 Archangeli
1451 2735 1631 2813 proximum

389 2839 541 2911 futurum,
564 2840 750 2900 mandatum
766 2839 974 2919 apostolicum
1002 2840 1094 2900 nobis
1109 2840 1142 2898 in
1164 2839 1224 2900 hac
1238 2845 1328 2919 parte
1348 2839 1501 2900 directum
1522 2840 1631 2912 visuri,

389 2947 537 3016 audituri,
559 2952 592 3007 et
612 2947 714 3007 eidem
743 2947 894 3006 mandato
915 2945 949 3004 in
971 2945 1118 3006 omnibus
1139 2945 1282 3024 perituri,
1297 2944 1420 3016 facturi,
1442 2949 1474 3006 et
1496 2943 1631 3006 ulterius

388 3053 545 3130 recepturi
572 3051 663 3131 juxta
684 3051 783 3130 ipsius
804 3050 926 3130 negocii
954 3055 987 3110 et
1011 3049 1087 3110 iacti
1108 3050 1294 3130 qualitatem
1319 3054 1351 3110 et
1376 3055 1522 3110 naturam
1546 3051 1631 3130 quod

388 3157 596 3238 postulaverit
631 3157 707 3218 ordo
731 3157 819 3236 juris,
855 3156 1084 3217 denunciantes
1115 3156 1234 3216 eisdem
1263 3156 1356 3236 quod,
1385 3156 1452 3217 eive
1486 3155 1633 3217 venerint

388 3263 455 3331 eive
476 3282 549 3333 non,
579 3283 638 3323 nos
659 3263 692 3321 in
723 3262 809 3322 dicto
829 3261 960 3341 negocio
991 3261 1124 3322 ulterius
1144 3261 1360 3341 procedemus,
1382 3266 1476 3341 prout
1499 3262 1538 3322 de
1559 3261 1631 3340 jure

387 3369 483 3429 luerit
501 3369 744 3447 procedendum.
787 3367 870 3442 Quid
888 3374 995 3428 autem
1019 3366 1165 3437 feceritis,
1188 3371 1247 3428 etc.
1291 3367 1411 3428 Datum
1433 3367 1630 3440 Heralordie,

387 3473 430 3552 xij
454 3473 524 3533 Kal.
547 3472 703 3543 Octobris,
725 3492 809 3532 enno
837 3470 968 3532 Domini
990 3471 1189 3532 Modoura

389 3781 472 3857 Sept.
490 3774 647 3836 ea-Tte
667 3773 786 3852 Biebop
806 3772 878 3833 oete
903 3771 1055 3842 Walstoo,
1077 3771 1171 3832 Prior
1185 3772 1220 3850 of
1241 3771 1413 3844 Worcestcr‚
1437 3780 1466 3833 to
1487 3773 1632 3836 sanction

512 3857 561 3916 tbe
585 3855 796 3934 cppoiotmeot
817 3854 853 3932 of
872 3852 1015 3913 Ricbord
1037 3853 1074 3912 de
1096 3851 1280 3925 Bromwt'ch,
1304 3873 1358 3914 one
1380 3854 1415 3932 of
1437 3853 1486 3914 ltt'e
1511 3854 1629 3928 owoke,

510 3959 544 3998 aa
573 3937 667 3996 Prior
694 3936 730 4014 os
753 3935 980 4013 Abergooeoap.

470 4118 618 4177 Limnen
646 4133 790 4176 nmeorn
819 4115 1199 4174 Pe101r1Wreouureuer
1235 4130 1297 4174 rao
1324 4129 1478 4172 nrcnsorr
1509 4131 1629 4174 coucu-

387 4241 499 4284 nnrni
521 4240 628 4282 einen
648 4239 766 4281 reerer
788 4221 825 4279 R.
848 4239 890 4278 an
912 4236 1190 4280 consororeunuie
1213 4219 1628 4280 promemus-Venerabili

388 4329 547 4410 religionis
562 4329 638 4400 viro,
653 4327 782 4388 domino
796 4326 974 4396 Wuletano,
990 4325 1091 4385 Priori
1105 4323 1237 4386 ecclesie
1250 4323 1500 4403 Wygorniensie,
1516 4325 1627 4398 Adam,

387 4442 458 4508 etc,
487 4435 635 4515 quicquid
657 4436 763 4512 potest
789 4432 927 4493 amicitie
958 4437 991 4492 et
1020 4430 1141 4492 salutis.
1199 4430 1375 4492 Commissa
1408 4431 1500 4492 nobie
1527 4451 1630 4512 nuper

388 4542 576 4604 auctoritate
600 4538 775 4619 apostolice
802 4538 1000 4599 correccione
1022 4543 1054 4598 et
1076 4537 1303 4598 reformacione
1332 4536 1490 4616 prioratus
1519 4545 1630 4601 sancte

388 4648 489 4709 Mario
510 4647 548 4707 dc
578 4646 764 4725 Bergeveny
791 4664 864 4704 cum
891 4649 1051 4724 potestate
1080 4642 1267 4704 instituendi
1296 4647 1328 4703 et
1353 4643 1519 4704 ordinandi
1550 4645 1628 4706 inibi

387 4753 596 4815 sufficientem
618 4771 786 4811 numerum
810 4749 1038 4811 monachorum
1061 4754 1094 4809 et
1115 4747 1256 4808 Priorem
1279 4747 1333 4827 qui
1357 4746 1390 4806 in
1410 4748 1627 4828 spiritualibus

387 4864 419 4920 et
447 4857 673 4937 temporalibus
704 4857 750 4918 eie
781 4857 889 4936 presit,
918 4875 987 4926 noe,
1019 4858 1092 4934 post
1120 4853 1361 4933 inquisicionem
1392 4873 1488 4932 quam
1511 4854 1544 4914 in
1567 4855 1628 4918 hac

387 4969 476 5043 parte
490 4961 622 5022 fecimus
637 4961 828 5040 diligentem,
844 4961 1013 5021 assistente
1035 4957 1126 5018 nobis
1141 4957 1311 5018 venerabili
1327 4957 1362 5016 in
1382 4957 1510 5021 Christo
1524 4966 1624 5040 patre,

387 5066 514 5128 domino
548 5065 569 5126 J
572 5111 588 5138 .,
626 5066 688 5126 Dei
722 5067 827 5146 gracia
855 5063 1054 5126 Landavenei
1083 5063 1251 5144 Episcopo,
1286 5063 1346 5123 rite
1382 5063 1416 5122 in
1455 5067 1626 5130 commisso
