3850 5917
396 696 456 755 210
771 697 951 776 Rapistracm
978 697 1044 759 suo
1071 697 1109 758 de
1139 697 1262 758 Orleton

223 923 281 962 Μ)-
297 923 355 963 ¹³²2
396 921 436 981 de
471 921 746 1001 Holgotescastsll,
782 929 890 986 nostre
919 925 1062 995 diocesis,
1097 945 1155 1004 par
1185 924 1348 985 domiuum
1377 925 1557 986 Jchannem
1596 925 1634 986 do

396 1026 561 1098 Hanicwe,
587 1027 729 1098 militem,
749 1048 787 1090 ex
808 1034 898 1107 parte
913 1049 987 1102 una,
1009 1035 1042 1090 et
1061 1029 1311 1109 presentacicnis
1328 1029 1410 1090 facte
1432 1031 1471 1090 de
1496 1030 1634 1091 Roberto

397 1133 436 1193 dc
470 1133 640 1203 Ercalewe,
672 1133 855 1213 presbitero
891 1135 931 1196 ad
973 1136 1104 1196 eandem
1154 1135 1336 1214 porcionem
1373 1155 1431 1216 per
1471 1135 1631 1196 dominam

397 1236 532 1315 Alynam
561 1238 689 1310 Buruel,
718 1259 756 1299 ex
784 1239 891 1310 altera,
920 1239 1010 1301 vobis
1038 1246 1147 1302 tenore
1174 1240 1373 1319 presencium
1405 1240 1634 1300 committimus

396 1335 481 1396 vices
516 1341 649 1405 nostras,
688 1342 758 1408 etc,
795 1337 885 1398 vobis
919 1339 1108 1398 mandantes
1136 1343 1302 1418 quatenus,
1338 1337 1457 1398 eisdem
1491 1337 1633 1416 partibus

395 1441 585 1512 convocatis,
607 1441 690 1502 idem
711 1443 876 1521 negocium
897 1443 1042 1513 audiatis,
1065 1448 1097 1503 et
1118 1443 1181 1504 fine
1200 1443 1306 1503 debito
1327 1443 1488 1504 decidatis.
1516 1443 1633 1502 Datum

394 1547 479 1625 apud
500 1546 630 1624 Bibury,
653 1547 715 1605 xix⁰
735 1547 786 1606 die
807 1546 979 1618 Februarii,
1009 1567 1092 1608 auno
1118 1546 1247 1608 Domini
1268 1546 1481 1626 M⁰ooouxjn

395 1789 467 1850 Feb.
492 1788 739 1850 27..—Amer1ded
762 1787 957 1849 commissae
983 1796 1012 1850 to
1037 1789 1086 1850 the
1110 1789 1308 1850 Arcbdcacoa
1330 1791 1366 1870 os
1386 1791 1539 1870 HereJord
1567 1811 1635 1852 con·

459 1961 462 1964 ⁴
517 1870 641 1948 emine
667 1869 715 1929 tha
739 1889 822 1930 rann
848 1869 980 1948 disputa.

477 2027 658 2086 Innovacio
689 2043 917 2086 couurssrorus
951 2025 1267 2097 arcanuia-Adam,
1302 2031 1372 2099 etc,
1405 2027 1520 2088 dilecto
1560 2027 1634 2098 filio,

395 2133 545 2212 magistro
570 2132 690 2191 Thome
711 2131 750 2191 ds
771 2130 951 2202 chaundos,
981 2129 1209 2190 Archidiaccno
1234 2130 1470 2202 Hersfordensi,
1486 2132 1630 2203 salutem,

396 2244 455 2300 eto.
497 2238 538 2297 In
562 2237 691 2316 negocio
715 2235 963 2316 presentaoionis
987 2236 1069 2297 iacto
1092 2236 1132 2296 ad
1159 2236 1341 2315 porcionem
1364 2256 1459 2316 quam
1482 2237 1632 2316 magister

395 2347 552 2408 Robertus
582 2345 681 2406 Chete
709 2343 812 2404 tenuit
840 2343 873 2402 in
901 2343 1034 2404 ecclesia
1062 2342 1100 2403 de
1129 2342 1241 2404 Castro
1269 2343 1308 2402 de
1340 2341 1494 2420 Holegcd‚
1528 2347 1636 2403 nostre

395 2452 538 2522 diocesis,
563 2471 619 2530 per
647 2449 808 2510 dominam
841 2449 966 2508 Alinam
1001 2448 1122 2509 Bumel
1154 2449 1192 2508 de
1227 2447 1365 2508 Robertc
1394 2448 1433 2508 de
1469 2447 1632 2518 Hercawa,

395 2558 578 2639 presbitero,
600 2577 638 2617 ex
651 2561 741 2635 parte
754 2576 827 2626 una,
842 2561 875 2616 et
896 2554 1143 2634 presentacionis
1158 2554 1240 2614 iaote
1261 2553 1301 2613 ad
1315 2573 1385 2614 eam
1400 2574 1457 2633 per
1471 2554 1634 2615 dominum

395 2665 575 2726 Johannem
606 2663 645 2723 de
680 2662 818 2732 Handlc,
852 2661 995 2732 militem,
1024 2661 1063 2721 de
1096 2660 1232 2740 Hugcne
1267 2660 1306 2722 de
1334 2660 1480 2740 Beissyn,
1510 2661 1631 2730 clerice,

395 2793 434 2833 ex
454 2772 561 2840 altera,
586 2776 618 2830 et
646 2769 686 2829 ad
714 2767 947 2828 admittendum
975 2767 1015 2826 ad
1039 2787 1119 2838 eam,
1148 2767 1242 2827 etad
1271 2766 1501 2827 instituendum
1526 2767 1558 2826 in
1587 2787 1633 2836 ea,

395 2883 428 2938 et
445 2877 485 2936 ad
501 2875 714 2935 inducendum
731 2893 786 2934 seu
807 2872 913 2932 induci
930 2871 1110 2933 faciendum
1128 2872 1161 2930 in
1175 2871 1369 2951 corporalem
1397 2872 1629 2950 possessionem

394 2983 546 3062 ejusdem,
569 3001 640 3042 eum
662 3000 757 3060 quem
781 2979 814 3037 in
835 2979 904 3056 jure
924 2977 1109 3039 inveneritis
1134 2978 1302 3056 pociorem,
1323 2983 1356 3038 et
1380 2977 1502 3038 adalia
1525 2977 1634 3038 omnia

395 3094 428 3148 et
448 3087 572 3166 singula
592 3085 735 3146 iacienda
763 3104 824 3164 que
849 3083 881 3142 in
906 3083 966 3144 hac
987 3089 1077 3162 parte
1098 3083 1215 3144 fuerint
1239 3083 1390 3156 iacienda,
1412 3084 1501 3144 vobis
1525 3090 1633 3145 tenore

395 3192 593 3273 presencium
614 3191 843 3252 committimus
861 3188 947 3250 vices
966 3194 1101 3260 nostras,
1122 3193 1181 3249 etc.
1224 3190 1343 3249 Datum
1365 3190 1449 3269 apud
1475 3189 1632 3268 Schenyg-

395 3299 485 3370 felde,
508 3298 604 3376 xxvij⁰
624 3298 675 3358 die
699 3295 871 3367 Februarii,
893 3316 977 3357 anno
1001 3295 1153 3375 predicto.

395 3557 507 3618 March
535 3555 669 3618 a-The
693 3553 812 3633 Biaiwp
836 3555 872 3633 os
896 3552 1048 3632 Heresord
1071 3551 1191 3630 notrflce
1221 3551 1270 3612 the
1288 3545 1417 3632 Bicbop
1441 3554 1476 3633 os
1500 3554 1633 3614 Lincoln

519 3638 596 3707 thot,
618 3637 653 3696 in
673 3635 856 3695 accordunce
876 3634 953 3693 with
969 3633 1017 3693 hic
1032 3632 1234 3702 cornmissa'cn,
1258 3631 1293 3692 ha
1315 3632 1370 3693 baa
1391 3633 1478 3694 acted
1493 3635 1547 3713 for
1569 3633 1633 3694 him

517 3719 553 3778 ia
578 3717 627 3777 tbe
653 3716 804 3793 ecciwnpe
827 3716 862 3795 os
887 3715 1026 3792 beneficos
1055 3713 1183 3774 between
1211 3712 1351 3772 Willicm
1373 3713 1411 3774 dc
1437 3713 1631 3784 Mcobwotne,

518 3799 630 3859 Rector
649 3798 685 3876 of
708 3797 840 3866 Moccas,
865 3795 928 3856 aad
948 3794 1047 3873 Hugh
1066 3794 1104 3854 dc
1124 3793 1338 3872 Moaaiaptoa,
1364 3795 1456 3855 Vicar
1475 3795 1510 3874 os
1534 3796 1632 3855 Born-

519 3880 801 3958 ton-by-Bampton.

478 4035 782 4096 Gununucaronruu
827 4047 951 4090 mssuu
985 4047 1112 4090 nouruo
1148 4029 1385 4092 Lruconruuusr
1422 4029 1633 4091 Euenore.—

396 4140 575 4202 Venerabili
602 4140 635 4198 in
664 4137 791 4199 Christo
820 4135 913 4216 patri,
938 4135 1066 4196 dominc
1095 4134 1243 4205 Henricc,
1270 4133 1330 4194 Dei
1357 4133 1461 4212 gracia
1486 4134 1630 4196 Liucoln-

397 4248 476 4310 iensi
493 4247 650 4326 episcopo,
668 4245 778 4314 Adam,
796 4248 855 4303 etc.
899 4242 1036 4302 Litteras
1055 4240 1255 4320 paternitatis
1272 4245 1375 4300 vestre
1392 4241 1562 4302 reverende
1584 4261 1631 4302 re-

396 4354 538 4433 cepimus
552 4353 585 4411 in
602 4352 661 4412 hec
674 4349 769 4410 verba
776 4347 964 4409 :-Domin0
983 4346 1049 4407 Ade
1069 4345 1237 4416 Henricus,
1255 4350 1314 4407 etc.
1356 4344 1436 4406 Oum
1454 4345 1633 4408 Willclmns

397 4460 436 4522 de
471 4457 679 4527 Mochwcine,
714 4455 831 4515 Rector
864 4452 995 4513 ecclesis
1030 4453 1068 4512 de
1103 4451 1243 4523 Mockas,
1281 4456 1384 4512 vestre
1420 4449 1562 4523 diocesis,
1599 4459 1632 4514 et

398 4566 493 4644 Hugc
517 4564 556 4624 de
585 4563 768 4641 Monytone.
802 4559 936 4620 vicarius
967 4558 1006 4620 de
1034 4557 1501 4636 Bourtone-juxta-Bamptone,
1524 4563 1632 4620 nostra

397 4671 538 4740 diocesis,
560 4672 738 4749 proponant
768 4666 852 4726 dicta
874 4685 932 4726 sua
954 4663 1106 4740 beneficia
1133 4663 1216 4723 inter
1236 4683 1270 4724 se
1295 4683 1333 4724 ex
1353 4663 1456 4723 causis
1483 4663 1633 4744 legitimis

396 4782 516 4846 mutuo,
538 4780 574 4834 ut
603 4772 762 4844 asseritur,
784 4776 973 4850 permutare,
1002 4770 1078 4829 dum
1106 4773 1212 4828 tamen
1233 4785 1381 4828 assensus
1404 4773 1436 4827 st
1461 4770 1632 4832 auctoritas

396 4903 505 4945 comm
529 4899 661 4960 quorum
690 4878 822 4939 interest
849 4876 1054 4937 intervenerit
1082 4875 1114 4933 in
1139 4874 1199 4934 hac
1226 4879 1326 4952 parte,
1348 4892 1407 4933 nos
1434 4875 1632 4953 quorundam

396 4987 552 5050 instancia
585 4984 728 5065 requisiti
756 4983 939 5062 paternitati
968 4987 1072 5044 vestre
1103 4981 1281 5052 reverende,
1318 4979 1357 5040 de
1391 5000 1454 5059 qua
1482 4979 1629 5044 fiduciam

395 5095 521 5174 plenam
553 5092 699 5172 gerimus,
731 5090 771 5150 ad
801 5088 1023 5168 inquirendum
1047 5087 1085 5148 de
1119 5086 1223 5147 causis
1245 5086 1493 5166 permutacicnis
1522 5088 1629 5169 hujus·
