3850 5917
688 707 839 788 Episcopi
865 707 1108 787 sessorem.
1455 710 1516 772 129
1640 677 1645 685 ’

127 934 175 974 Μ)-
190 935 241 974 rsa.
280 929 400 991 vocatis
428 931 578 992 vocandis
612 951 707 1011 super
735 931 898 1011 premissis
927 931 1094 1012 inquiratis
1122 932 1306 1012 diligencius
1341 933 1515 995 veritatem.

279 1035 324 1096 Et
344 1035 421 1115 quid
448 1056 544 1116 super
569 1037 631 1098 hoo
661 1037 854 1110 inveneritis,
882 1043 942 1099 eto.
1007 1039 1125 1099 Datum
1155 1038 1333 1111 Gantuarie,
1361 1038 1439 1119 xiiij⁰
1466 1039 1518 1101 die

279 1141 400 1203 mensis
420 1141 542 1214 Marcii,
563 1162 648 1203 enno
670 1142 800 1204 Domini
827 1142 1039 1216 Mrcocexixs,
1060 1149 1119 1206 etc.

281 1423 517 1485 Mernorardcm
541 1424 609 1485 thet
632 1445 672 1485 ort
695 1425 808 1486 March
831 1429 873 1486 17
897 1425 946 1486 the
970 1424 1090 1504 Bishop
1112 1425 1247 1487 received
1264 1427 1350 1506 from
1373 1426 1422 1488 the
1445 1428 1516 1488 sub·

403 1505 516 1565 sceret
539 1507 575 1585 of
597 1505 704 1566 otest
730 1506 862 1577 Oltcrch,
889 1507 1089 1585 Ocrwrbrtry,
1115 1527 1136 1568 e
1165 1507 1264 1578 Orous,
1293 1507 1356 1568 arrd
1382 1509 1517 1570 restored

402 1584 451 1646 the
474 1606 557 1648 sarie
580 1586 674 1648 about
703 1586 828 1648 October
853 1591 903 1647 13.

361 1741 414 1800 Da
449 1758 556 1802 cauca
591 1758 737 1801 sacam
773 1759 817 1800 on
852 1758 1010 1802 necessu
1048 1740 1184 1802 (innisus
1220 1741 1516 1804 (inertissimum.-

277 1847 522 1908 Memorandum
562 1847 647 1927 quod
694 1846 770 1906 xvii⁰
817 1846 868 1908 die
916 1846 1035 1908 mensis
1086 1847 1206 1919 Marcii,
1256 1868 1339 1909 enno
1386 1849 1515 1910 Domini

278 1951 490 2023 neceam,
505 1951 624 2031 recepit
637 1951 784 2013 dominus
799 1952 883 2031 apud
897 1951 1098 2012 Oentueriam
1115 1952 1243 2013 efraim
1264 1999 1270 2012 .
1294 1999 1300 2012 .
1324 1999 1331 2013 .
1352 1953 1382 2014 le
1398 1953 1516 2033 Spicer,

277 2057 471 2118 subsacrista
498 2056 629 2118 enclesis
653 2056 771 2117 Christi
800 2055 1045 2128 Gentuariensie,
1075 2077 1171 2117 unsm
1202 2077 1327 2118 omrem
1348 2058 1514 2119 restituen-

277 2163 351 2222 dam
373 2162 475 2223 eidem
497 2182 568 2222 cum
598 2182 693 2242 super
720 2162 780 2223 hoo
808 2161 903 2222 fuerit
931 2162 1110 2242 requisitus.
1154 2163 1197 2222 Et
1224 2168 1301 2224 tunc
1329 2163 1404 2225 iecit
1432 2164 1516 2225 idem

277 2268 426 2330 dominus
454 2287 549 2347 super
576 2268 636 2329 hoc
657 2288 732 2330 sues
759 2273 906 2348 patentes
926 2268 1049 2330 litteras
1070 2267 1137 2329 lieri
1158 2269 1269 2330 eidem.

359 2398 428 2473 Qus
462 2417 538 2458 crux
572 2397 720 2458 restituta
753 2397 814 2458 fuit
848 2398 932 2477 apud
971 2397 1152 2459 Londonies
1190 2399 1318 2460 domino
1356 2399 1515 2461 Willelmo

276 2506 316 2567 de
341 2504 499 2584 Ledbury,
530 2504 686 2565 monacho
715 2504 857 2584 ejusdem
889 2503 1031 2576 ecclesie,
1063 2509 1209 2584 presente
1237 2505 1398 2567 Willelmo
1425 2506 1513 2585 Joye,

275 2608 470 2690 presbytero,
515 2609 598 2670 circa
645 2609 837 2690 quindenam
886 2609 989 2671 sancti
1030 2608 1205 2682 Michaelis,
1253 2631 1337 2671 anuo
1385 2611 1515 2672 Domini

278 2715 479 2778 M⁰GCO⁰xx⁰.

275 2971 390 3034 Marcis
413 2970 569 3032 19.—The
595 2969 715 3050 Bishop
738 2977 845 3048 granta
868 2972 910 3030 40
932 2969 1010 3048 dege
1035 2969 1214 3049 indelqerrce
1239 2977 1268 3031 to
1294 2969 1343 3031 the
1368 2971 1462 3049 Kioq,
1486 2972 1519 3052 is

401 3053 437 3113 he
459 3051 552 3113 roeite
574 3055 637 3112 150
662 3051 748 3112 times
774 3050 824 3112 the
847 3050 974 3130 Angelis
999 3051 1181 3112 Salutatiort
1205 3058 1233 3113 to
1259 3050 1308 3112 the
1336 3051 1454 3131 Virgirr.

180 3265 185 3274 ,
232 3267 238 3278 ,
362 3208 509 3268 Lmrnas
543 3223 770 3267 muononnoru
802 3223 966 3267 concesse
998 3206 1132 3266 Douiuo
1166 3206 1514 3269 Ruer.-Serenissimo

274 3314 412 3394 principi
445 3319 478 3374 et
513 3313 651 3374 Domino
685 3333 744 3374 suo
778 3312 1050 3382 excellentissimo,
1086 3311 1224 3372 Domino
1252 3312 1417 3384 Edwardo,
1454 3313 1514 3374 Dei

276 3419 383 3500 gracia
403 3418 617 3480 illustrissimo
637 3418 716 3498 Regi
744 3417 864 3497 Anglie,
886 3417 1025 3477 Domino
1050 3415 1223 3496 Hybernie,
1253 3421 1285 3478 et
1308 3417 1390 3478 Duci
1418 3418 1513 3499 Aqui·

278 3525 375 3596 tenio,
409 3524 519 3596 Adsm,
555 3529 625 3595 etc..
661 3523 809 3604 quioquid
846 3527 953 3603 potest
990 3521 1168 3584 reverencie
1210 3527 1242 3584 et
1276 3524 1406 3586 honoris
1441 3544 1514 3587 cum

274 3629 498 3693 benediccione
516 3634 549 3691 et
566 3628 671 3709 gracie
689 3628 863 3690 salvatoris,
905 3626 1027 3707 Regina
1047 3627 1267 3700 misericordie,
1289 3629 1384 3708 Regis
1405 3650 1514 3710 regum

274 3735 410 3816 genitrix
429 3733 573 3814 gloriosa,
592 3733 641 3794 sui
661 3753 825 3804 memores,
840 3753 974 3812 quorum
991 3731 1157 3794 immemor
1176 3753 1375 3813 nequequam
1395 3735 1513 3808 existit,

275 3841 443 3903 benedicto
464 3839 530 3901 filio
554 3859 612 3902 suo
635 3839 769 3901 assiduis
791 3839 993 3901 commendat
1012 3839 1167 3918 precibus,
1189 3844 1222 3900 et
1244 3840 1334 3919 juvat
1353 3841 1514 3904 beneficiis

274 3946 421 4027 copiosis.
470 3945 518 4008 Ut
535 3949 641 4006 autern
660 3945 730 4025 ipsa
748 3945 815 4006 sola
834 3950 981 4006 meteret
1001 3945 1089 4024 virgo
1108 3951 1218 4006 sancta
1239 3946 1349 4018 Maria,
1369 3947 1512 4026 frequen·

275 4055 343 4116 cius
379 4053 525 4122 salutate,
560 4051 764 4113 devociouem
798 4051 887 4112 vobis
908 4056 1021 4130 augeat
1055 4055 1088 4112 et
1117 4052 1261 4123 salutem,
1293 4052 1513 4114 excellenciam

275 4161 395 4240 regiam
423 4159 462 4220 ad
483 4179 553 4219 eam
575 4157 686 4218 devote
707 4158 907 4218 salutandam
935 4157 1089 4236 spirituali
1114 4176 1243 4217 munere
1264 4157 1354 4237 qussi
1377 4159 1512 4238 quodam

275 4264 398 4344 premio
421 4263 588 4325 salubriter
608 4261 789 4323 invitamus.
859 4263 908 4322 De
933 4262 993 4322 Dei
1022 4262 1119 4342 igitur
1141 4261 1368 4340 omnipotentis
1393 4263 1512 4324 miseri·

276 4369 393 4439 cordia,
421 4368 555 4448 gloriose
582 4367 712 4448 virginis
732 4367 892 4447 genitricis
914 4367 1022 4447 ipsius,
1044 4366 1128 4427 beati
1156 4365 1342 4438 Ethelberti,
1365 4367 1460 4448 Regis
1480 4374 1514 4429 et

277 4472 439 4553 Martyris,
470 4473 596 4552 petroni
618 4473 727 4544 nostri,
750 4473 955 4553 omniumque
987 4477 1170 4534 sanctorum
1198 4471 1320 4532 meritis
1349 4477 1382 4533 et
1416 4472 1512 4535 inter·

277 4578 473 4641 cessionibus
501 4576 704 4649 confidentes,
736 4579 825 4640 vobis
855 4599 929 4640 vere
955 4577 1172 4658 penitentibus
1199 4582 1232 4638 et
1259 4577 1421 4650 confessis,
1449 4580 1512 4659 qui,

276 4685 452 4748 secundum
487 4703 654 4744 numerum
689 4684 883 4763 psalmomm
923 4683 1140 4744 Davitioorum
1176 4682 1229 4743 DL
1269 4682 1514 4746 salutacionibus

277 4789 427 4872 angelicis
453 4789 606 4869 repetitis,
635 4789 737 4869 ipsam
766 4790 826 4851 Dei
850 4795 984 4850 matrem
1009 4789 1099 4868 quasi
1127 4788 1310 4868 psalterium
1338 4789 1512 4868 virgineum

277 4895 475 4958 decantando
509 4895 686 4974 proponitis
708 4895 824 4974 sepius
855 4895 1006 4966 venerari,
1038 4894 1185 4975 quotiens
1212 4893 1369 4974 prelatum
1397 4894 1512 4956 salute-

277 5002 402 5062 oionem
428 5020 596 5061 numerum
626 5000 767 5062 dixeritis
795 5005 901 5061 mente
931 5000 993 5080 pia,
1026 5000 1057 5059 xl
1085 5000 1153 5060 dies
1184 4999 1223 5060 de
1254 4998 1397 5078 injuncta
1423 4999 1512 5062 vobis

278 5106 458 5187 penitencie
494 5106 622 5169 meriter
653 5107 840 5180 relaxamus,
864 5105 1135 5187 magnificenciam
1169 5111 1308 5168 vestram
1330 5106 1513 5187 suppliciter
