3850 5917
708 669 860 749 Episcopi
886 669 1130 750 Herefordsocis.
1477 672 1537 735 257

94 901 175 940 M>-
193 900 254 939 Μ
299 891 477 954 certificans
508 914 567 955 nos
598 894 637 955 de
669 894 787 956 eisdem
833 915 905 955 cum
939 894 1036 956 fueris
1065 895 1242 976 requisitus.
1306 895 1425 956 Datum
1454 896 1537 976 apud

301 998 550 1078 Whytebourne,
575 1000 643 1078 xiij⁰
664 1000 734 1059 Kal.
758 999 900 1079 Augusti,
916 1020 999 1062 anno
1022 1001 1150 1061 Domini
1172 1001 1394 1081 M⁰0000xxija

307 1315 385 1395 Jely
398 1316 555 1378 es-The
575 1316 768 1397 Arcbbisbop
788 1318 823 1397 of
843 1317 965 1378 Drebtin
986 1318 1041 1379 hes
1062 1317 1185 1377 written
1207 1326 1235 1379 to
1258 1318 1306 1379 the
1327 1319 1446 1399 Bishop
1468 1322 1535 1383 thet

425 1396 511 1458 Jota
537 1397 574 1459 de
602 1398 736 1467 Neweet,
765 1398 858 1459 Vicar
881 1399 916 1478 os
940 1398 1114 1477 Brornfleld,
1145 1399 1199 1459 hes
1229 1398 1299 1460 beera
1327 1400 1458 1462 hitherto
1486 1403 1535 1463 de-

426 1478 531 1539 tained
567 1479 604 1556 by
632 1500 653 1539 a
681 1479 789 1558 lowsat
821 1478 1026 1619 impedierant,
1063 1480 1116 1540 but
1151 1479 1178 1541 is
1209 1500 1275 1541 now
1311 1481 1471 1561 lmsteoc'np
1507 1492 1537 1545 to

424 1566 507 1620 enter
535 1559 601 1621 ricto
632 1560 793 1620 residerace.
885 1560 920 1621 he
953 1560 1082 1640 Bishop,
1119 1560 1272 1641 therefore,
1308 1562 1455 1623 instructa
1488 1564 1537 1625 the

422 1640 513 1700 Decri
540 1641 575 1720 os
601 1640 732 1701 Ludtow
761 1648 790 1700 to
817 1660 947 1719 awcrpe
969 1642 1024 1721 jor
1052 1641 1100 1701 the
1128 1641 1242 1702 iocerne
1269 1642 1305 1721 of
1333 1642 1381 1703 the
1413 1643 1536 1723 bereefiee

425 1727 455 1781 to
477 1722 510 1782 be
527 1720 608 1801 patd
630 1728 659 1781 to
681 1721 730 1781 the
755 1721 871 1781 Vicar's
892 1721 1028 1792 Proctor,
1050 1722 1113 1781 end
1135 1729 1163 1783 to
1184 1721 1243 1783 cc'te
1264 1722 1382 1802 Pbe'lc'p,
1406 1724 1455 1785 the
1476 1726 1537 1786 lete

431 1802 547 1862 Viccr's
576 1808 722 1873 executor,
750 1801 817 1862 who
842 1801 870 1862 c's
898 1802 1014 1880 altered
1042 1810 1071 1863 to
1097 1803 1129 1863 be
1153 1804 1389 1883 appropriatirsq
1414 1805 1463 1865 the
1487 1806 1536 1866 irr-

422 1902 512 1955 come,
541 1890 569 1943 to
594 1903 708 1962 appear
733 1883 829 1962 before
854 1882 904 1943 the
927 1883 1056 1963 Bishop.

382 2061 492 2135 Adam,
507 2068 577 2133 eto,
600 2063 728 2123 Decano
752 2062 986 2134 d001odelowe,
1014 2063 1158 2135 salutem,
1180 2066 1239 2124 etc.
1287 2064 1368 2139 Quia
1383 2064 1535 2127 intellexi-

299 2188 370 2229 mus
383 2188 440 2248 per
456 2168 577 2229 litteras
596 2168 782 2229 venerabilis
797 2168 906 2248 patris,
926 2168 1046 2229 domini
1065 2167 1299 2249 Archiepiscopi
1320 2170 1535 2243 Dublinensis,

299 2273 384 2353 quod
404 2273 567 2333 Johannes
584 2273 623 2334 de
642 2273 787 2343 Newent,
808 2271 971 2351 presbiter,
986 2272 1120 2334 vicarius
1141 2272 1271 2334 ecclesie
1292 2274 1331 2335 ds
1346 2274 1535 2348 Bromielde,

298 2379 452 2439 hactenus
483 2378 623 2459 legitimo
653 2379 879 2457 impedimento
904 2379 1060 2450 detentus,
1091 2380 1237 2440 accedere
1261 2400 1325 2440 non
1363 2380 1467 2459 potuit
1496 2382 1536 2441 ad

300 2485 416 2545 dictam
438 2485 611 2557 ecclesiam,
633 2505 692 2546 nec
713 2485 746 2545 in
767 2504 813 2555 ea,
835 2490 871 2545 ut
895 2484 1012 2555 debuit,
1034 2484 1177 2556 residere,
1200 2490 1249 2546 set
1268 2486 1334 2564 jam
1354 2487 1535 2566 hujusmodi

299 2592 525 2671 impedimento
545 2597 690 2652 cessante
711 2596 862 2651 venturus
882 2595 932 2651 est
953 2610 1024 2651 cum
1050 2590 1136 2652 omni
1157 2610 1220 2670 qua
1239 2591 1355 2671 poterit
1376 2592 1536 2653 celeritate

299 2699 339 2758 ad
360 2697 566 2759 residenciam
588 2696 620 2756 in
641 2695 757 2758 vicaria
776 2715 835 2757 sua
854 2695 1062 2775 personaliter
1088 2693 1272 2765 faciendam,
1301 2701 1430 2775 propter
1451 2697 1536 2776 quod

299 2801 403 2881 ipsum
426 2802 577 2862 noenum
598 2802 762 2863 occasione
783 2801 945 2881 premissa,
967 2800 1094 2881 justicia
1114 2801 1265 2880 exigente,
1288 2801 1419 2863 ulterius
1447 2803 1533 2862 duxi-

297 2928 369 2969 mus
403 2908 641 2987 expectandum,
677 2907 734 2968 tibi
769 2907 956 2969 mandamus
986 2906 1134 2986 quatinus
1167 2908 1360 2986 procuratori
1388 2928 1446 2969 suo
1485 2909 1534 2970 vel

299 3014 472 3075 substituto
506 3013 546 3074 ab
580 3033 618 3075 eo
652 3014 691 3074 de
725 3012 872 3074 omnibus
905 3012 1060 3073 fructibus
1086 3016 1118 3073 et
1148 3011 1393 3073 obvencionibus
1420 3014 1534 3077 vicarie

300 3120 442 3197 ejusdem
477 3120 573 3182 facias
607 3118 801 3199 integraliter
823 3118 1016 3199 responderi,
1051 3118 1091 3179 ad
1121 3118 1180 3179 hoc
1214 3118 1421 3198 parochianos
1459 3139 1534 3181 suos

298 3224 475 3286 inducendo
495 3230 536 3297 et,
562 3224 590 3285 si
610 3244 738 3286 necesse
759 3224 862 3295 luerit,
884 3244 940 3303 per
958 3243 1085 3284 omnem
1102 3242 1267 3285 censuram
1289 3224 1532 3285 ecclesiasticam

295 3330 520 3410 compellendo.
576 3330 620 3391 Et
641 3330 715 3410 quia
735 3330 772 3390 ad
802 3334 946 3391 nostrum
974 3328 1117 3409 pervenit
1138 3329 1280 3389 auditum
1301 3330 1533 3410 quodquidam

297 3435 474 3516 Philippus,
509 3436 671 3516 presbiter,
701 3440 848 3497 executor
871 3434 975 3495 ultimi
1000 3434 1107 3495 vicarii
1143 3433 1292 3505 defuncti,
1328 3435 1440 3495 nititur
1474 3434 1534 3495 sibi

297 3542 497 3623 appropriare
531 3542 740 3603 obvenciones
767 3540 948 3621 hujusmodi
980 3540 1175 3620 parochiales
1209 3559 1250 3600 ne
1274 3540 1327 3599 alii
1352 3560 1446 3619 quam
1474 3540 1533 3601 sibi

297 3648 336 3710 de
364 3649 442 3729 ipsis
470 3647 715 3710 obvencionibus
749 3646 960 3727 respondeant
988 3645 1167 3717 inhibendo,
1197 3645 1253 3706 tibi
1284 3646 1471 3707 mandamus
1499 3646 1532 3705 in

295 3755 413 3816 virtute
433 3754 614 3816 obediencie
641 3753 773 3815 firmiter
800 3754 992 3833 injungendo
1013 3752 1162 3833 quatinus
1196 3752 1316 3812 dictum
1341 3751 1531 3831 Philippum,

295 3859 513 3938 presbiterum,
535 3860 614 3921 cites
643 3880 700 3921 ssu
730 3858 820 3919 citari
847 3857 944 3919 iacias
966 3859 1050 3938 quod
1081 3858 1191 3937 quinto
1222 3856 1272 3918 die
1300 3857 1432 3937 juridico
1459 3862 1533 3936 post

296 3963 412 4025 festum
442 3965 544 4026 sancti
565 3964 675 4025 Jacobi
704 3962 846 4043 Apostoli
876 3968 1057 4043 compareat
1085 3982 1189 4024 coram
1222 3962 1322 4034 nobis,
1344 3962 1531 4041 ubicunque,

294 4074 365 4143 etc,
402 4090 496 4150 super
522 4070 685 4150 premissis
714 4075 747 4130 et
779 4069 849 4131 aliis
881 4068 941 4131 sibi
979 4070 1012 4128 in
1040 4068 1140 4129 torma
1167 4069 1246 4147 juris
1273 4068 1444 4129 obiciendis
1484 4087 1531 4130 re·

296 4195 478 4255 sponsurus,
504 4182 563 4236 etc.
619 4175 663 4235 Et
684 4175 760 4255 quid
781 4175 892 4237 feceris
921 4175 954 4235 in
985 4173 1156 4255 premissis,
1186 4179 1246 4235 etc.
1301 4175 1421 4235 Datum
1448 4173 1533 4253 apud

296 4280 544 4360 Whytsbourne,
568 4281 657 4359 xxiij⁶
676 4280 727 4342 die
747 4280 833 4352 Julii,
855 4301 938 4342 anno
960 4279 1089 4341 Domini
1111 4279 1277 4341 millesimo
1298 4279 1497 4357 oocuxiiija

378 4434 449 4496 Hec
469 4434 575 4496 littera
605 4435 786 4515 supradicta
812 4434 931 4497 directa
966 4434 1026 4495 luit
1060 4434 1188 4496 Decano
1221 4434 1259 4495 de
1294 4433 1441 4495 Lodelow
1473 4453 1531 4513 pro

293 4531 411 4594 viearm
431 4533 471 4593 de
491 4532 680 4593 Bromielde.
