3850 5917
399 674 456 734 rra
764 650 954 754 'cattam
981 675 1047 736 aa
1074 675 1111 736 a
1141 674 1264 735 crata

223 954 282 996 M>-
299 955 355 995 ¹³²⁰·
396 948 469 1009 Dcc.
498 949 655 1009 22-th
685 949 804 1028 Bishcp
828 949 963 1027 finding,
993 970 1033 1010 oa
1061 949 1109 1009 his
1137 947 1309 1018 visitatioo,
1340 947 1407 1007 thot
1440 947 1581 1007 william
1609 947 1635 1008 Ic

521 1029 651 1100 Cotiara,
678 1030 769 1090 Vicor
786 1031 820 1110 os
837 1030 953 1100 Kinlct,
976 1029 1004 1090 is
1026 1029 1186 1109 incapoblc
1202 1030 1238 1108 of
1251 1028 1441 1109 performinq
1463 1027 1512 1088 tho
1532 1027 1634 1088 duim

520 1112 555 1188 of
587 1110 635 1170 hia
667 1110 785 1188 cborpc,
816 1110 965 1190 suspende
998 1111 1063 1170 him
1085 1112 1169 1190 from
1197 1109 1245 1170 his
1277 1109 1366 1187 office,
1398 1109 1461 1168 aad
1492 1108 1637 1187 appoints

520 1191 604 1251 Joba
629 1191 666 1251 dc
700 1191 814 1252 Undelc
843 1199 872 1252 to
901 1191 934 1252 bc
964 1191 1012 1252 bis
1041 1191 1209 1270 coadjutor.

478 1372 672 1433 &ausuros
692 1390 797 1432 uaros
819 1389 948 1431 vrcarro
970 1390 1014 1431 nn
1037 1371 1406 1450 Krousa—Episcopus
1434 1369 1549 1431 dilecto
1573 1369 1638 1429 filio

393 1477 533 1539 Johanni
559 1479 597 1539 de
631 1479 765 1549 Undele,
790 1477 974 1557 presbitero,
1004 1476 1148 1546 salutem,
1173 1481 1232 1537 etc.
1277 1475 1358 1549 Quia
1382 1495 1450 1545 nos,
1472 1473 1637 1535 ecclesiam

394 1585 433 1644 de
456 1584 574 1662 Kynlet
595 1590 703 1644 nostre
731 1583 865 1644 diocesis
890 1603 927 1643 ex
948 1582 1043 1643 officii
1071 1581 1171 1642 nostri
1193 1580 1299 1641 debito
1324 1579 1499 1648 visitantes
1516 1578 1634 1638 Willel-

394 1710 483 1749 mum
521 1690 641 1749 dictum
669 1691 699 1750 le
727 1689 858 1761 (loliare,
888 1688 1108 1768 presbiterum,
1144 1687 1296 1747 vicarium
1324 1685 1466 1764 ejusdem
1494 1684 1635 1755 ecclesie,

395 1795 614 1856 insufficientis
642 1795 828 1866 litterature,
860 1794 1067 1873 morbumque
1094 1793 1128 1852 in
1160 1793 1225 1852 suis
1254 1790 1403 1851 membris
1431 1789 1636 1850 incurabilem

395 1905 428 1960 et
449 1901 535 1961 visus
559 1899 717 1960 delectum
740 1900 862 1961 notorie
885 1905 917 1959 et
939 1899 1102 1959 evidenter
1123 1898 1302 1958 invenimus
1326 1896 1513 1976 pacientem,
1532 1896 1636 1974 ipsum

396 2006 546 2066 vicarium
590 2005 813 2084 suspendimus
852 2026 871 2065 a
901 2005 1114 2066 celebracione
1142 2004 1328 2074 divinorum,
1370 2009 1402 2062 et
1438 2003 1637 2063 administra-

395 2111 518 2172 cionem
558 2112 590 2170 in
620 2111 836 2190 spiritualibus
865 2116 898 2171 et
932 2109 1159 2189 temporalibus
1188 2109 1289 2170 sidem
1326 2108 1546 2169 interdiximus
1582 2127 1639 2188 per

396 2216 566 2287 decretum,
588 2217 715 2294 justicia
738 2216 904 2286 suadente;
926 2216 1011 2276 unde
1032 2236 1099 2285 nos,
1123 2215 1298 2276 animarum
1321 2235 1403 2286 cure,
1426 2219 1462 2273 ut
1484 2220 1638 2286 tenemur,

395 2323 558 2401 providere
586 2321 738 2392 volentes,
768 2327 799 2382 te
827 2321 887 2401 ipsi
913 2322 1073 2382 Willelmo
1101 2321 1216 2382 vicario
1238 2321 1398 2382 antedicto
1422 2321 1637 2399 coadjutorem

395 2428 586 2507 preficimus,
621 2433 654 2488 et
689 2428 988 2489 adminstracionem
1019 2429 1102 2490 dicte
1138 2428 1252 2489 vicarie
1287 2428 1321 2487 in
1356 2427 1570 2507 spiritualibus
1605 2433 1638 2488 et

395 2533 620 2612 temporalibus
650 2533 707 2593 tibi
739 2534 969 2596 committimus
996 2554 1052 2614 per
1080 2539 1253 2614 presentes,
1286 2533 1473 2594 mandantes
1509 2533 1638 2612 insuper

395 2644 428 2699 et
459 2639 659 2718 precipiendo
687 2639 820 2700 firmiter
855 2639 1057 2719 injungentes
1095 2639 1241 2700 omnibus
1268 2638 1468 2717 parochianis
1505 2637 1636 2698 ecclesie

396 2745 544 2822 predicte,
584 2765 621 2804 ac
649 2745 719 2805 aliis
747 2765 881 2824 quorum
916 2746 1058 2817 interest,
1095 2746 1180 2825 quod
1208 2745 1274 2817 tibi,
1304 2744 1389 2805 dicto
1417 2744 1557 2804 Johanni
1587 2764 1636 2804 co·

396 2851 542 2928 adjutori,
564 2856 596 2911 et
617 2851 701 2911 dicte
722 2850 836 2912 vicarie
864 2851 1121 2922 administratori,
1143 2850 1281 2930 legitime
1303 2851 1336 2909 in
1356 2850 1418 2910 hiis
1440 2871 1500 2930 que
1522 2851 1562 2910 ad
1583 2869 1638 2911 eos

396 2959 533 3018 attinent
562 2958 595 3017 in
624 2959 684 3018 hac
714 2963 804 3037 parte
832 2959 996 3018 humiliter
1019 2959 1168 3019 obediant
1197 2963 1229 3018 et
1257 2956 1414 3016 incedant.
1476 2956 1515 3015 In
1545 2957 1637 3034 cujus

395 3065 449 3136 rei,
472 3070 531 3125 etc.
574 3065 694 3125 Datum
712 3066 795 3143 apud
817 3064 966 3126 Castrum
984 3069 1138 3134 nostrum,
1155 3064 1252 3144 xxvij⁰
1270 3064 1320 3124 die
1342 3063 1535 3133 Decembris,
1552 3083 1637 3124 anno

396 3171 524 3232 Domini
548 3170 747 3232 M0000⁰xxe

478 3329 563 3403 Quas
585 3327 712 3408 quidem
740 3327 862 3388 litteras
888 3327 955 3406 ipse
976 3327 1179 3407 postmodum
1201 3325 1348 3388 restituit.

398 3620 471 3680 Jao.
500 3619 721 3679 3.-Mondotc
749 3625 779 3679 to
808 3619 856 3679 the
884 3619 979 3679 Prior
1006 3619 1041 3699 os
1067 3618 1222 3696 Obirbury
1251 3625 1280 3678 to
1308 3617 1421 3696 compet
1450 3616 1498 3676 tis
1527 3635 1635 3688 conon,

521 3700 651 3760 lerncs
682 3699 719 3760 dc
751 3700 859 3769 Sucdc,
892 3707 922 3760 to
952 3720 1041 3770 corna
1074 3720 1109 3760 cc
1140 3698 1315 3778 appointed,
1350 3705 1378 3758 to
1411 3698 1460 3758 the
1488 3697 1633 3777 Bratop’a

514 3779 735 3870 penitentiam,
772 3787 801 3841 to
834 3780 952 3841 cocae
985 3781 1110 3860 bionolf
1132 3781 1219 3860 from
1253 3779 1302 3840 bis
1333 3778 1487 3859 consessori
1517 3798 1633 3857 κυνοπρ-

518 3862 637 3939 dorrrps.

476 4015 670 4075 Mannaruu
706 4033 875 4076 orsaoruu
910 4017 1028 4077 Paroru
1063 4035 1107 4076 oa
1139 4015 1539 4086 (lemannum-Salutem,
1574 4020 1635 4076 etc.

396 4122 477 4196 Quia
497 4122 617 4181 Thome
638 4121 677 4181 de
700 4121 811 4193 Suede,
833 4123 985 4183 canonico
1009 4128 1123 4194 vestro,
1146 4128 1269 4183 reatum
1292 4141 1385 4182 suum
1414 4121 1526 4182 latenti
1553 4121 1634 4201 judi·

395 4226 516 4288 cialiter
551 4245 658 4286 coram
696 4225 796 4297 nobis,
831 4226 1026 4306 injunximus
1061 4227 1120 4288 sub
1154 4227 1335 4289 obediencie
1370 4225 1474 4288 debito
1505 4231 1542 4286 ut
1576 4246 1634 4306 pro

395 4333 497 4394 salute
525 4331 707 4392 animosus
729 4331 1050 4411 adpenitenciarinm
1079 4338 1223 4394 nostrum
1252 4333 1360 4394 statim
1389 4332 1551 4392 accederet
1578 4351 1636 4411 per

394 4437 457 4496 oris
479 4435 710 4496 confessionem
738 4436 880 4497 enormia
906 4457 968 4516 quc
996 4437 1155 4498 commisit
1184 4438 1277 4498 modo
1305 4436 1411 4498 debito
1433 4441 1634 4516 purgaturus,

394 4542 560 4620 dictusque
591 4541 729 4601 Thomas
759 4541 850 4620 quasi
878 4541 1094 4604 inobediencie
1123 4543 1215 4614 filius,
1247 4547 1388 4604 nostram
1418 4542 1634 4621 injunxionem

394 4645 576 4727 hujusmodi
597 4645 768 4708 salutarem
788 4647 960 4726 adimplere
974 4648 1006 4706 in
1032 4648 1136 4709 anime
1157 4668 1214 4709 sue
1233 4647 1408 4727 periculum
1430 4647 1633 4727 pretermisit,

394 4752 540 4833 quocirca
561 4752 650 4813 vobis
671 4751 704 4811 in
727 4753 845 4814 virtute
865 4753 1046 4815 obediencie
1075 4753 1207 4816 firmiter
1237 4753 1430 4834 injungendo
1463 4753 1634 4814 committi-

395 4877 466 4918 mus
485 4862 517 4916 et
538 4856 727 4918 mandamns
754 4857 903 4936 quatinus
923 4858 1043 4918 dictum
1065 4859 1218 4919 Thomam
1244 4858 1320 4919 visis
1345 4856 1545 4938 presentibus
1574 4858 1635 4920 hac

394 4963 445 5023 die
475 4963 525 5024 vel
556 4963 607 5023 die
638 4962 806 5024 Dominica
835 4965 875 5024 ad
900 4965 1162 5044 penitenciarinm
1185 4969 1329 5026 nostrum
1358 4964 1442 5044 apud
1473 4963 1634 5044 Worthyn

392 5069 444 5130 vel
465 5067 637 5148 Westbury
664 5068 783 5148 absque
809 5068 967 5130 ulterioris
996 5088 1083 5132 mors
1110 5069 1241 5149 diffugio
1272 5068 1446 5140 destinetis,
1479 5067 1539 5130 sibi
1575 5089 1634 5150 per
