3850 5917
408 702 468 761 338
781 698 960 777 Registrum
987 698 1054 759 Ade
1079 698 1117 759 dc
1146 698 1269 759 Orleton

236 961 293 1000 Α-ῠ·
310 960 364 999 ¹³²⁵·
410 950 470 1010 The
505 950 622 1029 Bisbop
652 950 775 1009 lloecees
807 970 828 1008 a
862 948 1036 1026 Prcccbinp
1069 948 1166 1007 Friar
1194 955 1223 1007 to
1253 947 1326 1008 hear
1352 948 1546 1026 confectione,
1574 954 1640 1016 eto..

528 1030 641 1089 scithia
672 1031 720 1090 the
755 1030 901 1099 Dicerem
939 1030 992 1089 but
1024 1029 1060 1089 he
1091 1028 1119 1089 is
1150 1036 1202 1089 act
1235 1037 1264 1089 to
1296 1029 1371 1089 have
1401 1028 1497 1089 wider
1523 1046 1641 1107 powers

530 1112 605 1171 than
630 1131 681 1171 ore
710 1111 820 1189 legally
848 1110 975 1171 allowed
1004 1116 1033 1170 to
1063 1110 1112 1170 the
1135 1109 1300 1189 paroctiul
1327 1109 1435 1187 clcrpp.

450 1293 608 1352 chuuom
638 1310 798 1352 runraunr
844 1289 1299 1353 consummans-Universa
1337 1310 1468 1370 quorum
1507 1292 1641 1351 interest

408 1406 515 1479 pateat
543 1420 599 1477 per
618 1404 781 1478 presentes
802 1397 885 1477 quod
905 1417 974 1468 nos,
1007 1398 1043 1456 A.
1071 1401 1141 1468 etc,
1166 1396 1295 1456 fratrem
1323 1396 1363 1455 N.
1385 1396 1424 1457 de
1445 1396 1493 1467 G..
1522 1398 1641 1457 ordinis

408 1505 647 1585 predicatorum,
678 1524 734 1583 per
768 1504 897 1563 fratrem
932 1502 951 1562 J
962 1502 1143 1580 [ohannem]
1187 1502 1226 1562 de
1260 1501 1470 1579 B[ristollio],
1500 1503 1641 1581 ejusdem

409 1612 527 1671 ordinis
548 1611 688 1669 Priorem
710 1608 931 1687 provincialem
956 1608 1074 1687 Anglie‚
1107 1607 1251 1677 electum,
1280 1612 1312 1668 et
1344 1607 1435 1668 nobis
1469 1608 1642 1667 secundum

409 1718 540 1778 formam
563 1718 802 1779 constitucionis
824 1717 923 1796 Super
943 1716 1121 1777 cathedram
1139 1721 1366 1795 presentatum,
1391 1717 1431 1776 ad
1452 1716 1642 1777 audiendum

409 1824 622 1884 confessiones
644 1824 840 1883 subditorum
873 1828 1052 1883 nostrorum
1075 1821 1133 1882 sibi
1158 1822 1301 1882 confiteri
1322 1822 1507 1892 volcncium,
1536 1830 1569 1882 et
1595 1822 1642 1883 ais

409 1930 634 2008 imponendum
662 1928 857 2009 penitenciae
879 1928 1041 1999 salutares,
1071 1948 1108 1988 ac
1138 1927 1347 1988 absolucionis
1377 1927 1563 1988 beneficium
1595 1929 1641 1987 in·

408 2037 618 2116 pendendum,
641 2036 813 2096 secundum
839 2035 979 2115 ejusdem
1005 2034 1245 2095 constitucionis
1273 2034 1415 2105 formam,
1436 2035 1505 2094 foco
1526 2034 1641 2103 fratris,

409 2141 438 2201 J.
460 2141 499 2200 ds
520 2140 569 2211 D,
600 2139 659 2200 sub
680 2140 788 2200 eadem
817 2140 917 2199 forma
938 2160 995 2218 per
1023 2159 1081 2200 nos
1102 2139 1179 2199 alias
1204 2139 1332 2199 admissi
1353 2140 1501 2200 duximus
1535 2140 1642 2201 subro

409 2246 565 2325 gandum;
591 2246 692 2306 eidem
710 2266 782 2306 cum
800 2246 894 2306 fratre
912 2244 945 2304 T.
964 2245 1146 2325 ampliorem
1166 2245 1347 2324 impendere
1368 2265 1432 2305 non
1447 2245 1642 2307 intendimus

409 2356 599 2431 potestatem
627 2371 722 2430 quam
757 2351 971 2412 sacerdotibus
1001 2350 1231 2430 parochialibus
1259 2355 1308 2411 est
1342 2372 1361 2411 a
1388 2350 1456 2428 jure
1483 2371 1643 2423 concessa,

409 2458 590 2518 testimonio
618 2457 815 2537 presencium
836 2477 914 2537 quas
939 2457 1032 2537 sigilli
1052 2457 1153 2518 nostri
1173 2456 1381 2537 impressione
1403 2456 1536 2518 fecimus
1557 2477 1641 2517 com·

410 2582 533 2622 muniri.

408 2842 542 2902 Another
564 2843 648 2921 sorra
670 2843 724 2921 scr
753 2842 800 2901 the
829 2861 919 2901 scm.

489 3001 571 3060 Amr
599 3018 642 3059 ma
671 3000 945 3071 ninam-Adam,
981 3006 1051 3072 etc,
1083 3000 1197 3061 dilecto
1231 3000 1296 3060 filio
1330 3000 1480 3079 magistro
1512 3046 1519 3059 .
1549 3046 1556 3059 .
1587 3046 1594 3059 .
1624 3003 1644 3060 .¹
1676 2987 1681 2995 ⁵

408 3106 540 3166 Officiali
562 3112 678 3177 nostro,
701 3106 844 3176 salutem,
866 3112 925 3167 etc.
969 3108 1049 3168 Cum
1068 3106 1231 3183 religiosus
1258 3106 1313 3176 vir,
1335 3106 1425 3166 Prior
1441 3106 1643 3186 provincialis

408 3212 525 3273 ordinis
540 3212 671 3271 fratrum
685 3212 914 3290 predicatorum
937 3212 1056 3291 Anglie,
1077 3212 1188 3273 fratres
1205 3212 1347 3291 ejusdcm
1363 3212 1491 3283 ordinis,
1506 3232 1640 3291 quorum

408 3319 537 3379 nomina
558 3318 687 3379 inferius
708 3324 908 3390 annotantur,
937 3320 978 3379 ad
1009 3320 1199 3380 audiendum
1228 3318 1440 3379 confessiones
1468 3318 1500 3377 in
1522 3320 1641 3381 nostris

408 3425 535 3486 civitate
556 3430 587 3486 et
609 3426 724 3487 diocesi
746 3426 942 3487 subditorum
963 3432 1143 3488 nostrorum
1164 3425 1224 3486 sibi
1245 3424 1386 3486 confiteri
1407 3425 1593 3496 volcacium,
1607 3432 1643 3487 et

407 3531 588 3611 hujusmodi
609 3531 831 3593 confitentibus
851 3533 1024 3593 secundnm
1045 3531 1186 3592 debitum
1205 3530 1429 3609 imponendum
1449 3530 1642 3610 penitentias

407 3636 569 3707 salutares,
592 3657 628 3697 ac
649 3637 767 3697 eisdem
788 3636 998 3697 absolucionis
1017 3635 1202 3697 beneficium
1226 3636 1481 3715 impendendum,
1493 3636 1640 3715 elegerit,

407 3741 497 3801 nobis
522 3741 694 3801 secundum
722 3742 853 3802 formam
876 3742 1116 3803 constitucionis
1137 3742 1237 3821 Super
1257 3740 1433 3802 cathedram
1456 3748 1640 3820 presentan-

407 3846 472 3917 dos,
494 3848 594 3926 petita
608 3866 626 3907 a
640 3846 731 3907 nobis
746 3848 917 3907 secundum
932 3847 1074 3926 ejusdem
1097 3848 1335 3909 constitucionis
1355 3848 1485 3909 formam
1508 3848 1641 3910 licencia

406 3958 438 4012 et
460 3956 598 4030 optenta,
628 3971 686 4011 nos
715 3956 802 4012 extra
830 3958 973 4012 nostram
1001 3952 1149 4013 diocesim
1180 3952 1274 4014 certis
1301 3952 1404 4013 causis
1432 3959 1465 4014 et
1488 3953 1638 4033 legitimis

405 4058 469 4136 jam
502 4062 638 4136 agentes,
669 4058 871 4137 ipsorumque
905 4058 1038 4118 fratrum
1069 4057 1227 4119 laboribus
1261 4064 1293 4119 et
1327 4058 1472 4137 expensis
1512 4080 1641 4138 parcere

406 4163 578 4242 cupientes,
609 4164 647 4223 ad
677 4164 910 4224 concedendum
951 4164 1099 4224 fratribus
1130 4164 1337 4243 infrascriptis
1363 4164 1453 4226 vobis
1488 4167 1639 4227 canonice

406 4268 594 4347 presentatis
614 4268 777 4330 licenciam
796 4270 1009 4348 suprascripta
1030 4270 1064 4329 in
1085 4270 1176 4331 dictis
1197 4270 1324 4331 civitate
1337 4276 1370 4331 et
1390 4270 1506 4332 diocesi
1526 4292 1635 4333 secun-

407 4374 482 4432 dum
516 4372 655 4451 predicte
690 4373 928 4434 constitucionis
962 4374 1154 4453 exigenciam
1189 4375 1361 4446 exercendi,
1396 4375 1485 4437 vobis
1526 4384 1637 4440 tenore

405 4478 603 4558 presencium
638 4479 865 4539 committimus
896 4479 1074 4559 specialiter
1107 4480 1192 4541 vices
1225 4486 1367 4551 nostram
1402 4482 1639 4545 considerantes

405 4584 513 4664 utiquc
542 4585 625 4664 quod
660 4584 808 4645 fratribus
837 4585 874 4646 de
909 4585 1018 4646 ordine
1052 4586 1209 4647 minorum
1249 4587 1385 4648 similem
1422 4590 1637 4652 concessimus

405 4690 577 4760 licenciam,
613 4690 757 4775 quodque
786 4691 897 4751 fratres
932 4692 971 4751 de
1005 4691 1114 4751 ordine
1147 4692 1247 4752 eciam
1286 4692 1453 4772 Augustini
1483 4696 1638 4775 premissa

405 4797 437 4855 in
460 4796 585 4855 civitate
614 4801 646 4856 et
674 4795 790 4857 diocesi
822 4796 1009 4875 supradictis
1040 4802 1194 4868 exercent,
1219 4818 1385 4859 numerum
1407 4798 1541 4859 fratrum
1567 4820 1637 4880 pre·

405 4903 566 4981 scriptum,
609 4902 813 4963 universitate
854 4902 1051 4963 subditorum
1096 4910 1276 4965 nostrorum
1318 4909 1448 4975 attenta,
1495 4906 1639 4968 sufficere

403 5007 599 5067 arbitramur.
646 5008 707 5068 Per
737 5007 796 5067 hec
827 5012 933 5068 autem
968 5028 1027 5069 nec
1060 5008 1254 5070 intendimus
1288 5010 1406 5070 eisdem
1441 5016 1635 5088 potestatem

909 5144 1022 5185 l-Name
1034 5143 1127 5186 erased.
