3850 5917
396 665 416 725 6
771 666 950 745 Reqietrsm
977 666 1043 729 Ado
1069 668 1106 728 de
1135 668 1258 729 Orletoc

225 896 284 937 ΑΒ·
299 899 355 940 1⁸¹⁷·
396 890 475 953 loeis
495 891 529 951 in
549 892 663 972 quibus
685 892 761 953 dieti
782 892 886 953 elerici
907 892 1033 954 fuerant
1053 893 1229 955 conversati
1250 899 1283 955 et
1309 894 1363 955 ubi
1384 893 1469 954 dicta
1499 894 1632 955 erimine

396 998 567 1058 extiterant
602 1003 783 1078 perpetrate
823 996 947 1059 faciatis
981 998 1106 1078 publice
1134 999 1331 1079 proclamari,
1371 1004 1405 1061 et
1444 1000 1632 1080 generaliter

394 1102 606 1184 peremptorie
626 1104 757 1176 evocari,
776 1110 812 1166 ut
831 1105 857 1166 ei
878 1104 933 1185 qui
952 1104 1017 1166 sint
1037 1105 1092 1186 qui
1113 1126 1148 1167 se
1165 1105 1322 1167 voluerint
1343 1126 1501 1187 opponere
1521 1112 1631 1167 eontra

394 1211 618 1289 purgacionem
650 1211 837 1272 auctoritate
861 1216 971 1273 nostre
1001 1212 1120 1273 eisdem
1150 1211 1272 1273 olorinis
1295 1211 1504 1283 mdioenm,
1535 1232 1630 1293 quem

395 1320 542 1377 esserunt
573 1335 607 1377 ee
635 1336 729 1395 posse
757 1323 899 1396 prestare
930 1318 969 1377 de
997 1316 1181 1377 criminibus
1212 1318 1403 1388 memoretis,
1428 1322 1632 1397 compareant

396 1438 504 1481 eoram
524 1420 613 1481 vobis
633 1420 667 1481 in
689 1419 760 1482 sula
782 1421 895 1501 palacii
915 1421 1017 1483 nostri
1038 1421 1281 1483 Herelordensis
1299 1426 1411 1502 querto
1428 1422 1478 1483 die
1497 1422 1631 1502 juridico

396 1531 470 1606 post
490 1524 607 1587 festum
624 1526 726 1588 sancti
747 1527 767 1589 J
768 1527 857 1588 scobi
875 1525 1020 1606 Apostoli
1033 1528 1174 1607 proxime
1190 1527 1332 1588 futurum
1348 1548 1476 1589 oensem
1491 1528 1630 1590 rceions·

397 1630 493 1692 bilem
514 1631 542 1693 si
562 1651 657 1713 quam
676 1631 813 1693 habeant
832 1632 995 1712 allegaturi
1016 1638 1050 1693 et
1066 1633 1259 1713 proposituri
1275 1652 1371 1713 quare
1392 1634 1431 1693 cd
1450 1632 1631 1713 hujusmodi

398 1738 583 1799 canonicam
607 1738 829 1818 purgacionem
856 1740 1025 1817 procedere
1052 1738 1183 1799 minime
1210 1738 1388 1800 debeamus.
1430 1739 1476 1799 Et
1498 1739 1575 1819 quid
1598 1739 1632 1799 in

397 1842 560 1923 premissis
595 1842 731 1905 feceritis
771 1863 830 1905 nos
864 1843 1044 1905 certificetis
1074 1863 1131 1924 per
1168 1843 1290 1905 litteras
1325 1848 1446 1906 vestras
1484 1849 1632 1924 patentes

400 1949 513 2009 herum
545 1949 658 2011 seriem
689 1950 897 2021 continentes,
929 1956 966 2010 ut
988 1969 1046 2011 nos
1077 1950 1181 2011 debite
1209 1950 1376 2029 procedere
1406 1950 1568 2011 valeamus
1598 1955 1631 2011 et

398 2054 518 2117 eisdem
539 2055 660 2117 clericis
686 2061 719 2117 et
750 2055 983 2136 oppositoribus
1007 2056 1089 2136 siqui
1109 2056 1226 2117 fuerint
1247 2056 1280 2116 in
1305 2056 1364 2118 hec
1386 2062 1476 2136 parte
1499 2056 1632 2119 ulterius

399 2160 545 2223 exhibere
579 2161 703 2241 justicie
741 2162 1017 2241 complementum.
1086 2162 1206 2221 Datum
1242 2163 1326 2242 opud
1361 2162 1510 2242 Yueneye
1543 2164 1633 2243 juxte

400 2534 477 2613 thly
498 2535 655 2596 Iti-The
674 2533 794 2615 Birbop
814 2533 958 2614 appointe
981 2534 1029 2594 bie
1051 2534 1180 2603 brother,
1205 2532 1335 2593 Tiromoe
1355 2532 1392 2593 de
1416 2532 1547 2604 Orleton,
1569 2530 1633 2593 ond

532 2614 668 2677 Williom
686 2614 724 2677 de
744 2615 924 2696 Fowrthope‚
957 2621 987 2676 to
1018 2616 1052 2676 te
1083 2614 1132 2676 irie
1163 2614 1305 2675 Proctore
1330 2614 1385 2694 for
1415 2614 1536 2691 perrorat
1555 2633 1631 2693 pur·

519 2716 617 2777 poree.

481 2856 760 2916 Pnoounsronruu
781 2872 900 2915 nomm
928 2854 1085 2915 Emsoorr
1112 2851 1505 2915 cescum-universis
1525 2856 1634 2931 pateat

397 2981 455 3041 per
474 2966 638 3041 presentes
659 2962 742 3041 quod
764 2981 821 3022 noe
843 2960 953 3032 Adam,
975 2966 1045 3031 eto,
1071 2961 1104 3020 in
1131 2960 1277 3022 omnibns
1305 2959 1409 3020 causis
1438 2963 1472 3020 et
1496 2957 1633 3038 negociis

396 3087 456 3129 nos
477 3073 510 3130 et
530 3068 696 3129 eeclesiam
716 3074 857 3129 nostram
879 3068 1138 3148 qualitercunque
1158 3066 1423 3147 contingentibus,
1440 3085 1546 3126 coram
1565 3065 1632 3145 qui·

397 3174 582 3255 buscunque
612 3173 768 3255 judicibus
799 3174 965 3235 ordinariis
995 3173 1144 3253 delegatis
1179 3172 1229 3233 vel
1260 3191 1368 3233 eorum
1409 3170 1633 3231 commisseriis

396 3280 637 3361 quibusennque
662 3279 772 3341 diebus
801 3284 834 3341 et
852 3280 939 3352 locis,
967 3280 1098 3341 dilectos
1119 3278 1211 3340 nobis
1235 3278 1267 3337 in
1296 3276 1424 3339 Ghristo
1446 3277 1633 3357 magistrum

398 3386 552 3447 Thomam
573 3386 612 3448 de
634 3386 791 3457 Orletone,
806 3386 934 3447 fratrem
951 3392 1105 3457 nostrum,
1127 3391 1159 3475 et
1178 3384 1364 3464 magistrum
1378 3382 1573 3443 Willelmum
1594 3381 1633 3442 de

398 3494 591 3573 Fownhope,
623 3493 761 3564 elericos,
783 3498 945 3553 eteorum
973 3489 1144 3571 quemlibet
1171 3491 1204 3549 in
1226 3490 1360 3550 solidum
1392 3487 1437 3548 ite
1456 3487 1541 3568 quod
1568 3506 1632 3547 non

397 3600 440 3661 sit
461 3600 572 3661 melior
586 3598 727 3660 condicio
748 3598 933 3677 occupantis
954 3598 1010 3658 sd
1023 3597 1107 3677 quod
1121 3615 1204 3656 unus
1220 3594 1373 3673 inceperit
1393 3592 1473 3653 elter
1486 3590 1633 3672 prosequi

397 3704 514 3784 poterit
538 3708 570 3765 et
590 3702 690 3773 finire,
711 3708 837 3763 nostroe
858 3708 1077 3781 procuratores
1096 3700 1253 3779 legitimos
1273 3698 1416 3769 iacimus,
1441 3696 1632 3766 ordinamus,

397 3815 430 3872 et
461 3809 684 3871 constituimus
729 3827 786 3888 per
824 3820 997 3887 presentes,
1032 3807 1145 3867 dentes
1179 3805 1297 3866 eisdem
1331 3809 1365 3865 et
1398 3822 1507 3863 eorum
1541 3800 1633 3862 elteri

397 3920 589 3996 potestatem
623 3914 791 3995 specialem
823 3918 855 3975 et
893 3913 1037 3993 generale
1071 3913 1256 3973 mandatum
1286 3911 1415 3971 nomine
1449 3914 1558 3969 nostro
1599 3912 1633 3969 et

396 4023 528 4086 ecclesie
549 4028 656 4083 noetre
677 4021 798 4101 egendi,
820 4020 1018 4091 defendendi,
1040 4018 1225 4098 excipiendi,
1244 4017 1425 4098 replicandi,
1448 4016 1535 4076 litem
1557 4033 1631 4075 oon·

396 4128 545 4199 testandi,
574 4129 788 4208 jurameutum
820 4128 858 4189 de
894 4127 1075 4207 calumpnia
1108 4131 1141 4187 et
1180 4125 1219 4186 de
1252 4124 1385 4186 veritate
1419 4122 1560 4192 dicenda,
1595 4138 1633 4181 so

396 4235 559 4317 quodlibet
589 4254 688 4315 genus
719 4234 797 4295 liciti
838 4233 1028 4295 sacramenti
1052 4234 1087 4292 in
1117 4231 1256 4293 animam
1287 4234 1429 4291 nostram
1459 4226 1631 4307 prestandi,

397 4341 545 4422 ponendi,
566 4346 598 4401 et
620 4339 815 4411 articulaudl‚
837 4339 1051 4419 posicionibus
1071 4343 1104 4399 et
1124 4337 1265 4398 articulis
1280 4335 1499 4415 respondendi,
1521 4352 1631 4414 provo·

396 4448 499 4519 cendi,
541 4446 729 4526 appellandi,
763 4446 1026 4525 provocacionum
1058 4444 1348 4525 sppellsoionumve
1381 4460 1493 4501 musas
1527 4458 1632 4519 prose·

396 4554 523 4636 quendi‚
554 4553 649 4613 elium
679 4552 730 4614 vel
749 4553 827 4614 alios
847 4557 1083 4633 procuratorem
1104 4570 1160 4612 seu
1185 4554 1403 4631 procuratores
1423 4548 1493 4607 looo
1520 4545 1570 4607 sui
1600 4550 1634 4606 et

397 4682 506 4724 eornm
529 4660 657 4721 alteriue
687 4658 908 4729 substituendi,
934 4664 967 4720 et
991 4658 1126 4719 eundem
1158 4656 1208 4719 vel
1236 4656 1364 4717 eosdem
1392 4652 1570 4723 revocandi,
1600 4655 1634 4712 et

396 4765 609 4849 procuratoris
630 4764 768 4826 officium
781 4764 1006 4834 reassumendi‚
1028 4763 1174 4844 quotiens
1188 4761 1280 4822 nobis
1295 4759 1431 4820 viderint
1451 4776 1508 4818 seu
1521 4755 1635 4818 viderit

398 4874 554 4955 expedire,
589 4878 622 4933 et
643 4870 749 4933 omnis
770 4872 831 4931 alis
851 4876 884 4933 et
905 4870 1030 4950 singule
1057 4869 1201 4939 faciendi,
1230 4872 1264 4929 et
1284 4864 1457 4935 exercendi,
1486 4862 1633 4943 quereri

400 4984 620 5061 procuratores
644 4977 694 5038 vel
732 4996 825 5037 vome
856 4981 1041 5055 procurator
1070 4974 1173 5035 lacere
1200 4991 1257 5035 eeu
1287 4990 1430 5033 exercere
1450 4966 1567 5048 poterit
1599 4966 1634 5027 in

402 5086 565 5167 premissis
594 5089 627 5145 et
651 5103 712 5163 que
741 5083 915 5143 laceremus
945 5100 1002 5142 seu
1031 5080 1133 5141 lacere
1167 5078 1351 5140 deberemus
1380 5076 1406 5137 si
1428 5072 1635 5155 personaliter
