3850 5917
695 699 849 780 Episcopi
874 700 1120 780 Heresordcnes's.
1469 705 1527 766 14v

132 955 180 995 Ml·
194 957 246 999 Μ·
288 949 352 1011 Oct.
380 950 579 1028 17.-R0yaz
605 951 698 1029 Briej
728 949 916 1029 imtmtctiop
945 950 995 1010 the
1024 951 1144 1030 Sheriff
1167 952 1202 1030 os
1233 951 1469 1031 Hercscrdshtrc
1499 959 1529 1014 to

400 1033 508 1111 forceo
544 1031 593 1092 his
624 1031 720 1092 claim
749 1051 834 1110 upon
862 1031 911 1092 the
938 1032 1059 1112 Bt'slvop
1081 1033 1136 1112 sor
1162 1039 1286 1110 ccctcpc
1313 1034 1377 1094 aad
1405 1033 1527 1111 teipit-

405 1113 519 1173 aervicc
548 1113 665 1191 allcped
697 1118 727 1173 to
759 1111 835 1173 hove
866 1112 939 1173 baec
967 1112 1027 1173 duc
1059 1119 1088 1173 to
1115 1112 1201 1192 Kinq
1229 1114 1368 1174 Edwcrd
1396 1115 1419 1173 I
1443 1116 1530 1194 from

407 1193 527 1273 serap
555 1193 725 1272 Swinficld.

363 1349 482 1408 Bsnvn
503 1366 676 1408 nmncruu
703 1393 711 1407 .
742 1394 748 1407 .
773 1348 976 1409 V1cncou1r1
997 1348 1262 1409 Haanroannrvsr
1283 1367 1346 1410 rso
1367 1350 1529 1412 Episcopo

282 1471 410 1516 coma
431 1471 616 1512 naniam
636 1470 765 1512 rscrsu
795 1470 954 1515 scurscro
983 1471 1026 1512 nr
1047 1471 1165 1513 ruoms
1186 1471 1252 1514 rou
1281 1472 1529 1515 succurrens.—

282 1561 351 1622 Rex
375 1559 564 1622 vicecomiti
591 1558 819 1619 Hereiordensi
849 1558 995 1619 salutem.
1038 1559 1126 1620 Pone
1158 1558 1190 1618 in
1221 1565 1398 1640 respectum
1428 1580 1528 1640 usque

281 1685 377 1746 snper
412 1670 596 1745 compotum
638 1669 728 1724 tuum
765 1664 944 1744 proximum
987 1665 1027 1724 ad
1069 1665 1262 1726 scaccarium
1297 1671 1441 1726 nostrum
1476 1667 1528 1728 de·

281 1773 432 1833 mandam
463 1791 559 1852 quam
587 1771 667 1831 lacis
698 1791 755 1850 per
786 1770 1033 1832 summonitores
1068 1771 1210 1850 ejusdem
1246 1772 1393 1832 scaccarii
1428 1773 1530 1834 nostri

280 1878 453 1940 venerabili
475 1876 559 1957 patri
580 1876 627 1948 A,
649 1877 810 1957 Episcopo
825 1876 1062 1949 Herefordensi,
1077 1878 1116 1938 de
1137 1897 1197 1938 xxx
1218 1878 1306 1940 libris
1327 1880 1366 1939 de
1388 1879 1531 1960 scutagio

282 1984 399 2045 Wallie
431 1985 470 2045 de
502 2003 587 2044 anno
617 1983 706 2064 regni
737 1984 858 2044 domini
888 1985 938 2057 E,
971 1987 1130 2065 quondam
1162 1986 1245 2066 regis
1277 1987 1397 2068 Anglie,
1429 1989 1530 2068 patris

283 2091 387 2151 nostri
408 2090 530 2170 quinto,
555 2093 589 2150 et
609 2090 648 2150 de
670 2109 731 2149 xxx
750 2089 839 2151 libris
859 2091 899 2152 de
930 2090 1088 2151 consimili
1109 2091 1251 2172 scutagio
1273 2093 1311 2153 de
1335 2113 1419 2154 anno
1439 2093 1529 2174 regni

281 2196 425 2276 ejusdem
461 2195 562 2276 patris
595 2195 697 2256 nostri
725 2194 858 2267 decimo,
894 2201 928 2256 et
965 2197 1003 2257 de
1038 2197 1104 2276 xiiij
1133 2197 1221 2258 libris
1256 2198 1295 2258 de
1330 2198 1430 2260 leodis
1464 2220 1528 2260 non

280 2301 463 2382 recognitis,
498 2306 532 2362 et
565 2300 809 2372 districcionem,
846 2301 971 2381 siquam
1009 2321 1047 2362 ea
1085 2301 1213 2362 accione
1251 2301 1363 2363 leceris
1402 2303 1530 2363 interim

282 2408 397 2469 sidem.
453 2407 549 2468 Teste
576 2405 627 2466 W.
649 2406 689 2466 de
718 2405 876 2485 Norvvyco
905 2407 989 2486 apud
1022 2407 1352 2478 westmonasterium,
1381 2407 1458 2487 xvij⁰
1478 2407 1530 2470 die

280 2513 439 2583 Octobris,
478 2531 563 2572 anno
601 2510 690 2590 regni
728 2511 830 2572 nostri
869 2510 1116 2591 quartodecimo,
1155 2532 1212 2592 per
1247 2512 1310 2573 duo
1348 2512 1455 2574 brevia
1489 2513 1529 2575 de

279 2638 397 2700 magno
421 2618 525 2698 sigillo
548 2618 631 2678 inter
652 2617 834 2678 communia
852 2617 891 2678 de
912 2638 998 2678 anno
1022 2619 1093 2698 xxvj
1116 2619 1213 2700 Regis
1234 2619 1282 2691 E,
1307 2620 1408 2699 patris
1433 2621 1529 2701 Regis

281 2745 378 2796 nunc,
400 2724 434 2783 in
465 2723 580 2804 quibus
601 2723 783 2784 continetur
803 2724 887 2803 qnod
910 2723 1058 2796 Thomas,
1081 2730 1158 2785 tunc
1185 2725 1427 2787 Hereiordensis
1452 2726 1527 2807 Epi·

281 2851 408 2911 scopus,
429 2829 504 2890 iecit
524 2830 690 2891 servicium
711 2849 804 2890 suum
825 2830 927 2890 eidem
947 2830 1026 2910 Regi
1042 2831 1079 2890 E.
1095 2831 1178 2910 patri
1196 2851 1254 2911 pro
1273 2830 1412 2912 quinque
1429 2831 1529 2894 leodis

282 2937 434 3008 militum,
456 2956 517 3016 que
542 2937 643 2997 eidem
667 2936 747 3015 Regi
771 2937 809 2996 E.
831 2936 865 2996 in
886 2941 1021 3016 utroque
1042 2936 1181 2997 exercitu
1202 2936 1316 2997 Wallie
1336 2937 1529 3017 recognovit,

279 3148 383 3210 feodis
403 3167 470 3208 non
488 3146 668 3227 recognitis.

281 3417 366 3498 Sept.
395 3415 533 3477 2-le
560 3415 680 3495 Bishop
707 3415 851 3494 appoints
880 3413 1023 3476 Richord
1050 3414 1158 3486 Barda,
1183 3415 1217 3496 of
1241 3415 1397 3494 Lcdbcrp,
1423 3421 1453 3476 to
1478 3415 1528 3477 tha

405 3497 487 3576 office
515 3497 551 3575 os
577 3503 688 3574 cotary
713 3495 831 3576 public.
890 3495 952 3556 The
974 3497 1061 3576 form
1087 3496 1123 3575 of
1146 3495 1220 3557 octlv
1248 3502 1277 3556 to
1307 3496 1340 3557 be
1370 3495 1461 3557 talasa
1488 3517 1528 3558 oc

404 3578 618 3658 appcictmeat
644 3577 673 3638 is
702 3579 792 3655 cioca
819 3579 856 3636 ic
877 3577 953 3657 soll.

364 3737 532 3798 omnus
553 3751 822 3795 rinanmorvsrus
843 3750 1019 3794 coenarum
1040 3734 1189 3793 chaano
1211 3732 1330 3792 Banna
1352 3752 1396 3793 nn
1419 3734 1526 3794 Lans-

279 3841 535 3912 suur.—Adam,
557 3845 627 3911 etc,
649 3840 765 3900 dilecto
785 3839 819 3899 in
848 3839 976 3900 (lhristo
996 3838 1072 3910 filio,
1097 3838 1233 3898 Ricardo
1254 3838 1339 3899 dicto
1360 3839 1463 3900 Berde
1487 3841 1527 3901 de

281 3950 461 4028 Iaedebury,
478 3952 587 4008 nostre
604 3945 747 4017 diocesis,
765 3945 887 4016 clericO,
907 3944 1053 4016 salutem,
1071 3949 1131 4005 etc.
1174 3943 1313 4005 Litteras
1334 3945 1527 4006 sanctissimi

277 4057 382 4138 patris
401 4056 435 4115 in
450 4054 587 4125 Christo,
609 4053 729 4114 domini
746 4050 913 4122 Johannis,
928 4051 1035 4112 divina
1055 4050 1258 4131 providencia
1278 4051 1364 4130 Pape
1385 4051 1526 4113 vicesimi

280 4161 424 4232 secundi,
448 4180 524 4221 vera
544 4159 629 4220 bulla
655 4158 804 4239 plumbea
826 4177 900 4217 cum
920 4156 975 4218 filo
1003 4156 1132 4237 canapis
1153 4175 1241 4217 more
1262 4156 1405 4217 Romane
1433 4158 1527 4220 (lurie

279 4270 428 4339 bullatas,
456 4286 522 4327 non
542 4265 741 4336 cancellatas,
771 4284 836 4325 non
861 4263 999 4334 abrasas,
1027 4283 1092 4324 non
1120 4261 1263 4333 abolitas,
1284 4282 1343 4323 nec
1364 4263 1396 4322 in
1422 4264 1527 4344 aliqua

280 4374 331 4436 sni
359 4377 452 4453 parte
476 4371 609 4432 viciatas
633 4371 689 4431 sed
714 4369 801 4430 omni
828 4368 1009 4449 suspicione
1037 4373 1181 4429 carentes
1208 4366 1385 4447 recepimus
1409 4369 1442 4428 in
1467 4370 1526 4432 hec

282 4479 379 4541 verba
391 4477 605 4538 :—Johannes
626 4475 814 4555 Episcopus,
836 4493 946 4535 servus
968 4492 1130 4534 servorum
1152 4473 1222 4545 Dei,
1243 4473 1414 4534 venerabili
1436 4473 1525 4535 fratri

281 4585 358 4656 Ade,
380 4584 542 4663 Episcopo
564 4580 800 4652 Hereiordensi,
822 4580 956 4640 salutem
978 4583 1011 4640 et
1032 4579 1238 4658 apostolicam
1260 4579 1524 4640 benediccionem.

281 4692 332 4753 Ne
370 4693 592 4751 contractuum
630 4687 782 4748 memoria
823 4686 980 4766 deperiret
1014 4685 1180 4746 inventum
1219 4690 1268 4746 est
1303 4685 1527 4748 tabellionatus

281 4797 432 4866 officium,
480 4813 543 4874 quo
580 4797 762 4854 contractus
803 4791 936 4872 legitimi
981 4791 1021 4850 ad
1061 4790 1218 4850 cautelam
1259 4790 1458 4869 presencium
1494 4797 1527 4853 et

282 4902 469 4965 memoriam
497 4899 676 4960 futurorum
710 4919 808 4959 manu
836 4899 963 4978 publica
993 4902 1202 4968 notarentur;
1248 4896 1332 4956 unde
1365 4895 1525 4956 interdum

284 5009 382 5070 Sedes
414 5005 597 5086 Apostolica
631 5005 808 5085 predictum
833 5005 971 5065 officium
1006 5004 1151 5084 personis
1178 5023 1239 5084 que
1272 5003 1311 5063 ad
1338 5001 1443 5082 ipsum
1477 5022 1523 5064 re·

283 5113 448 5193 periunter
464 5111 587 5190 ydonee
607 5110 778 5171 concedere
798 5109 972 5180 consuevit,
991 5113 1028 5169 ut
1049 5108 1126 5168 illud
1146 5109 1319 5188 prudenter
1338 5111 1370 5168 et
1390 5106 1526 5169 fideliter
