3850 5917
700 712 852 793 Episcopi
879 712 1123 795 Hereforderuie.
1471 718 1530 779 291

85 940 152 981 w·
173 942 248 983 ¹2⁹⁸·
290 935 517 1015 sollempniter,
558 938 720 999 subtracta
759 939 860 999 eciam
899 938 946 1000 eis
983 959 1040 1018 per
1074 939 1297 1001 inhibicionem
1332 960 1427 1021 super
1471 942 1532 1002 hoc

287 1041 464 1103 taciendam
489 1044 712 1105 communione
736 1044 886 1116 fidelium,
911 1063 1076 1125 quousque
1099 1046 1144 1106 sic
1167 1045 1272 1106 ablata
1293 1047 1472 1119 restituant,
1498 1053 1532 1109 et

287 1148 402 1209 exinde
422 1149 547 1228 ydonee
573 1149 793 1211 satisfaccione
818 1150 973 1229 premissa
1003 1149 1043 1210 ab
1072 1151 1183 1211 eadem
1204 1152 1366 1212 sentencia
1394 1170 1532 1233 congme

287 1252 406 1314 inerint
426 1254 572 1315 absoluti.
615 1256 659 1316 nt
687 1276 759 1316 cum
788 1255 827 1316 de
848 1255 1031 1335 hujusmodi
1059 1256 1214 1317 maleficio
1238 1262 1420 1337 perpetrato
1442 1258 1531 1319 vobis

286 1377 345 1437 per
375 1358 513 1439 aliquem
541 1359 740 1421 subditorum
768 1366 945 1421 vestrorum
975 1361 1201 1421 denunciatum
1230 1362 1381 1433 extiterit,
1412 1363 1461 1423 vel
1490 1364 1530 1423 ad

286 1485 344 1527 vos
373 1467 486 1529 exinde
513 1468 641 1548 publica
667 1468 753 1529 fama
773 1468 961 1547 pervenerit,
993 1468 1120 1548 plenam
1146 1488 1218 1529 cum
1250 1468 1411 1531 celeritate
1438 1470 1528 1551 justi-

285 1572 368 1633 ciam
402 1574 471 1635 fieri
509 1574 643 1645 faciatis,
683 1575 903 1636 malefactores
936 1574 1129 1654 hujusmodi,
1169 1596 1205 1635 ac
1244 1575 1344 1636 eciam
1373 1575 1531 1637 fauctores

285 1682 320 1738 et
350 1678 520 1758 complices
548 1680 729 1750 eorundem,
770 1699 893 1742 necnon
922 1680 1061 1741 scienter
1098 1680 1369 1741 communicantes
1401 1682 1529 1753 eisdem,

286 1787 456 1862 postquam
475 1784 508 1843 id
529 1788 748 1864 competenter
765 1784 936 1845 inhibitum
957 1784 1060 1855 fuerit,
1080 1805 1137 1865 per
1157 1786 1338 1847 coerciones
1362 1788 1531 1849 canonicas

286 1887 455 1968 diligenter
474 1895 508 1950 et
536 1888 651 1950 acriter
669 1889 840 1969 puniendo.
893 1889 1036 1951 Similem
1064 1892 1164 1951 eciam
1192 1893 1531 1955 excommunicacionis

285 1994 483 2055 sentenciam
511 1994 545 2054 in
566 2015 677 2056 omnes
699 1994 779 2065 illos,
802 1994 857 2075 qni
877 2014 992 2056 manus
1020 1995 1053 2055 in
1077 1995 1207 2056 clericos
1232 2000 1350 2056 temere
1376 1996 1531 2058 violentas

286 2098 462 2171 infecerint,
494 2099 619 2161 faciatis
650 2101 682 2159 in
714 2100 950 2180 sollempnitate
979 2100 1088 2161 eadem
1123 2100 1285 2180 publicari.
1334 2101 1367 2162 Si
1392 2122 1465 2163 vero
1497 2102 1529 2161 in

286 2209 413 2265 tantum
435 2205 610 2285 aliquorum
632 2226 667 2268 se
695 2205 837 2267 extendit
864 2206 1025 2286 iniquitas,
1047 2211 1142 2285 prout
1163 2206 1269 2267 forsan
1290 2207 1415 2268 evenire
1436 2228 1531 2287 posse

286 2310 426 2384 timetur,
462 2313 546 2393 qnod
587 2312 699 2393 prelati
735 2333 792 2374 sen
816 2312 1021 2375 ecclesiarum
1056 2318 1194 2374 rectores
1228 2318 1283 2373 aut
1317 2313 1434 2385 vicarii,
1464 2314 1532 2375 sive

285 2418 452 2496 presbiteri
472 2418 522 2479 vel
542 2418 595 2479 alii
615 2418 820 2479 ecclesiastici
843 2418 901 2479 viri
920 2418 1101 2498 quicunque
1122 2417 1287 2479 occasione
1303 2419 1529 2498 premissorum

285 2523 335 2583 vel
363 2523 498 2604 alicujus
525 2544 635 2585 eorum
662 2545 720 2604 per
746 2524 889 2585 laicalem
916 2524 1097 2603 potenciam
1126 2524 1300 2603 capiantur,
1326 2545 1382 2586 seu
1410 2526 1529 2587 detine·

285 2633 381 2688 antur
408 2628 441 2688 in
469 2650 604 2700 carcere,
629 2636 685 2691 aut
712 2630 746 2689 iu
771 2629 915 2690 custodia
939 2649 1066 2709 quoquo
1091 2630 1194 2700 modo,
1221 2628 1310 2690 vobis
1335 2630 1530 2709 injungimus

285 2734 318 2793 in
340 2734 459 2795 virtute
488 2735 679 2807 obediencie,
707 2741 802 2815 prout
833 2735 933 2796 eciam
958 2735 991 2794 in
1020 2735 1105 2795 dicta
1139 2734 1253 2795 ultima
1285 2736 1530 2815 congregacione

285 2860 342 2919 per
362 2840 501 2920 prelatos
525 2847 558 2903 et
589 2841 709 2903 clerum
740 2842 920 2903 ordinatum
943 2840 1101 2913 extiterat,
1124 2846 1160 2901 ut
1189 2840 1259 2902 loca
1290 2840 1459 2921 inquibus
1484 2842 1530 2902 sic

285 2948 371 3027 capti
402 2948 638 3019 detinebuntur,
663 2954 696 3009 et
727 2954 864 3028 quatuor
884 2946 1034 3009 ecclesias
1061 2947 1205 3027 proximo
1227 2947 1356 3019 vicinas,
1378 2947 1530 3027 quatinus

285 3051 345 3113 sub
365 3052 512 3115 districtu
533 3060 639 3115 vestro
660 3054 832 3123 extiterint,
858 3053 1027 3114 interdicto
1048 3050 1261 3113 ecclesiastico
1282 3052 1427 3131 protinus
1455 3071 1527 3131 sup-

281 3160 418 3239 ponatis,
454 3166 486 3221 et
529 3161 576 3221 sic
613 3160 781 3221 interdicta
817 3164 1003 3221 remaneant
1037 3158 1187 3239 quamdiu
1216 3166 1234 3191 “
1256 3157 1341 3237 capti
1374 3157 1528 3218 taliter”¹

284 3264 469 3326 detinentur
496 3266 622 3337 ibidem,
651 3272 684 3327 et
712 3265 938 3326 nichilominus
962 3272 1108 3344 captores
1137 3284 1173 3324 ac
1206 3264 1387 3324 detentores
1418 3262 1527 3341 hujus·

286 3371 380 3441 modi,
403 3377 435 3433 et
463 3372 686 3432 auctoritatem
711 3392 806 3451 super
831 3371 892 3431 hoc
913 3371 1090 3452 prebentes,
1119 3369 1238 3430 eisdem
1262 3368 1393 3448 siugulis
1418 3368 1529 3430 diebus

285 3477 452 3542 dominicis
473 3484 505 3539 et
526 3476 648 3539 festivis
667 3482 740 3558 post
755 3476 858 3539 scelus
879 3476 1061 3557 hujusmodi
1080 3480 1306 3556 perpetratum,
1328 3475 1360 3534 in
1381 3476 1528 3537 omnibus

284 3583 427 3645 ecclesiis
448 3590 552 3645 vestre
573 3584 708 3645 diocesis
732 3584 817 3645 intra
844 3583 1014 3645 missarum
1044 3582 1230 3661 sollempnia
1254 3601 1360 3642 coram
1392 3581 1474 3642 clero
1496 3586 1528 3642 et

283 3690 411 3770 populo,
440 3690 576 3769 pulsatis
597 3690 770 3769 campanis,
792 3695 824 3751 et
845 3689 986 3750 candelis
1006 3686 1156 3758 accensis,
1185 3691 1222 3747 ut
1253 3686 1353 3765 magis
1378 3687 1528 3748 timeatur

284 3797 501 3876 solempnitas,
537 3797 768 3859 denunciantur
800 3796 1005 3875 solempniter
1040 3793 1168 3873 majoris
1189 3793 1528 3855 excommunicacionis

284 3904 449 3965 sentencia
480 3904 632 3965 innodati.
685 3903 730 3963 Et
750 3907 787 3962 ut
808 3902 868 3962 hoo
889 3902 929 3962 ad
950 3900 1103 3961 noticiam
1131 3898 1326 3979 singulorum
1354 3900 1525 3978 perveniat,

284 4012 318 4071 in
339 4008 471 4089 Anglico
485 4015 669 4090 exponatur,
687 4009 787 4070 donec
803 4008 849 4070 sic
870 4005 1134 4069 excommunicati
1154 4024 1292 4085 congrua
1307 4004 1527 4066 satisfaccione

284 4115 439 4195 premissa
461 4115 493 4174 in
518 4114 620 4175 forma
650 4114 781 4175 ecclesie
813 4113 852 4174 ab
881 4114 992 4174 eadem
1024 4109 1187 4172 sentencia
1207 4130 1264 4190 per
1293 4114 1525 4189 competentem

283 4222 421 4300 judicem
446 4220 564 4281 fuerint
592 4221 736 4282 absoluti.
790 4220 871 4295 Quia
895 4220 1025 4298 insuper
1049 4216 1267 4297 processiones
1291 4215 1470 4295 solempnes
1495 4222 1528 4277 et

284 4328 468 4389 oracionnm
491 4326 649 4407 suffragia,
678 4348 739 4407 que
760 4346 817 4407 pro
841 4330 928 4388 statu
949 4326 1044 4385 'Perre
1066 4324 1191 4393 Sancte,
1213 4327 1246 4383 et
1266 4341 1344 4401 pace
1366 4341 1402 4381 ac
1427 4321 1526 4382 eciam

285 4432 514 4513 tranquillitate
535 4438 568 4493 et
586 4432 796 4512 prosperitate
826 4431 967 4501 ecclesie,
993 4428 1098 4509 Regis,
1123 4432 1156 4489 et
1170 4427 1258 4508 regni
1277 4426 1388 4506 Anglie
1408 4426 1526 4487 dudum

286 4539 454 4601 salubriter
473 4538 689 4601 ordinavimus
703 4558 740 4599 ac
754 4536 976 4599 mandavimus
989 4556 1046 4616 per
1060 4535 1200 4595 dioceses
1220 4532 1360 4612 singulas
1373 4532 1526 4603 facienda,

286 4637 480 4717 negligenter
500 4636 534 4695 in
551 4636 660 4696 multis
681 4641 713 4697 et
734 4656 798 4697 non
820 4635 939 4716 absque
959 4633 1131 4694 multorum
1153 4630 1293 4711 periculo
1314 4629 1475 4698 hactenus,
1491 4634 1528 4689 ut

286 4733 442 4805 andimus,
464 4739 540 4795 sunt
560 4734 687 4805 omissa,
708 4733 887 4813 dequibus,
908 4732 934 4793 si
954 4730 1077 4801 fierent,
1096 4727 1219 4788 fructus
1238 4726 1394 4786 maximus
1415 4725 1527 4787 merito

285 4835 474 4911 speraretur,
496 4851 534 4891 ac
554 4830 654 4890 eciam
675 4830 822 4891 dominus
843 4830 911 4891 Rex
932 4828 966 4888 in
987 4826 1100 4888 ultima
1121 4824 1365 4905 congregacione
1387 4822 1529 4902 predicta

286 4948 343 5008 per
370 4929 504 4989 nuncios
531 4946 607 4989 snos
634 4928 765 5008 rogavit,
794 4932 831 4988 nt
858 4946 917 5007 pro
943 4946 982 4988 eo
1010 4930 1044 4986 et
1070 4922 1137 4986 suis
1164 4922 1198 4983 in
1226 4920 1430 5001 expedicione
1457 4938 1526 4999 prs·

286 5027 380 5096 senti,
394 5044 489 5106 qnam
507 5030 619 5086 contra
638 5025 754 5087 hostes
766 5025 868 5105 ipsius
887 5029 921 5086 et
939 5022 1029 5103 regni
1046 5040 1147 5101 nuper
1160 5016 1343 5097 assumpsit,
1364 5016 1529 5079 oraciones

753 5152 890 5196 r-nmu
902 5153 962 5195 tau
975 5152 1000 5193 n
1013 5152 1066 5194 ns.
1101 5172 1103 5179 ·
