3850 5917
684 697 834 779 Episcopi
861 698 1104 779 Hcrcjcrdornis.
1473 703 1512 763 13

106 928 160 969 A-D·
174 929 229 969 1³1⁷·
271 921 466 1001 procuratori
489 921 691 984 medietatem
718 922 811 983 aliam
842 924 1103 1002 procuracionum
1124 924 1305 1005 hujusmodi
1337 926 1456 989 solvere
1477 934 1512 990 et

274 1028 433 1107 assignare
462 1028 597 1089 curetis:
630 1028 778 1109 alioquin,
807 1029 834 1090 si
862 1050 918 1091 vos
946 1030 1056 1091 etalii
1083 1031 1216 1110 predicti
1240 1032 1273 1091 in
1298 1032 1512 1112 superioribus

273 1134 428 1214 designati
460 1139 516 1195 aut
547 1154 655 1195 eorum
687 1135 783 1215 aliqui
815 1135 848 1195 in
870 1135 1033 1215 premissis
1065 1157 1121 1197 seu
1153 1136 1257 1217 aliquo
1284 1139 1512 1217 premissorum

274 1239 530 1311 contradictores,
569 1246 780 1313 contumaces,
818 1241 1013 1321 negligentes
1050 1242 1172 1304 fueritis
1210 1263 1267 1304 seu
1300 1244 1418 1304 fuerint
1455 1249 1512 1305 aut

273 1345 413 1416 rebelles,
449 1345 539 1406 vobis
563 1346 690 1406 domino
723 1345 881 1425 Episcopo
913 1347 963 1407 cui
992 1348 1024 1407 in
1053 1348 1113 1408 hac
1145 1354 1235 1427 parte
1262 1349 1431 1411 deferimus
1469 1350 1511 1411 ob

273 1450 469 1511 Pontificalis
513 1451 725 1512 reverenciam
760 1451 923 1530 dignitatis
965 1452 999 1511 in
1033 1473 1109 1513 casu
1150 1453 1331 1533 hujusmodi
1368 1456 1513 1534 predicta

177 1610 183 1621 .
209 1612 215 1621 .
273 1556 451 1618 municione
464 1556 619 1636 premissa
639 1557 815 1635 ingressum
836 1558 967 1619 ecclesie
987 1558 1204 1620 interdicimus
1232 1560 1266 1619 in
1290 1560 1352 1621 hiis
1372 1562 1510 1641 scriptis,

273 1669 305 1725 et
326 1664 354 1725 si
382 1683 438 1743 per
466 1664 496 1743 vj
529 1664 597 1723 dies
628 1672 805 1743 sequentes,
837 1684 916 1744 quos
947 1665 1037 1726 vobis
1067 1686 1124 1745 pro
1155 1666 1305 1727 distincta
1333 1667 1513 1729 monicioue

272 1770 425 1831 canonica
452 1774 484 1830 et
511 1770 723 1848 peremptorio
751 1770 887 1831 termino
918 1772 1125 1850 assignamus,
1155 1772 1275 1833 dictum
1306 1772 1513 1834 interdictum

273 1875 497 1946 sustinueritis,
518 1895 575 1937 vos
596 1876 630 1934 in
649 1875 710 1936 hiis
730 1876 856 1955 scriptis
876 1877 1098 1956 suspendimus
1119 1898 1139 1937 a
1159 1878 1282 1939 divinis.
1339 1880 1383 1939 Et
1407 1879 1435 1940 si
1453 1899 1513 1959 per

274 1982 352 2043 alios
373 1982 403 2060 vj
427 1981 494 2042 dies
515 1980 616 2042 dictos
637 1981 667 2061 vj
690 1981 871 2042 immediate
891 1987 1069 2061 sequentes,
1084 2003 1163 2063 ques
1182 1983 1327 2045 similiter
1345 1985 1434 2046 vobis
1452 2005 1512 2065 pro

273 2088 452 2149 monicioue
473 2088 624 2148 canonica
645 2087 853 2167 assignamus,
875 2088 993 2148 dictam
1021 2089 1263 2168 suspensionem
1284 2090 1509 2164 sustinueritis,

273 2194 357 2273 quod
379 2193 470 2265 absit,
492 2193 598 2253 anime
618 2192 774 2265 indurato,
794 2193 827 2252 in
848 2214 903 2255 vos
925 2199 958 2254 et
980 2194 1113 2255 aliorum
1133 2196 1276 2256 omnium
1296 2198 1512 2277 predictorum

272 2299 447 2378 singulares
467 2317 618 2379 personas
639 2299 693 2378 qui
718 2299 973 2372 contradictores,
997 2299 1137 2372 rebelles,
1159 2302 1209 2363 vel
1230 2307 1432 2365 contumaces
1454 2307 1511 2365 aut

270 2405 474 2484 negligentes,
497 2404 639 2465 fraudem
665 2424 721 2465 seu
745 2405 852 2465 dolum
874 2406 971 2466 etiam
991 2408 1236 2480 committentes,
1258 2409 1308 2470 vel
1328 2414 1510 2489 prestantes

270 2510 534 2590 impedimentum
568 2510 692 2590 publice
727 2510 777 2571 vel
814 2512 945 2583 occulte,
981 2514 1151 2592 quominus
1193 2514 1314 2594 integre
1352 2515 1385 2574 in
1423 2515 1510 2577 dicto

269 2622 392 2677 statuto
430 2617 567 2677 termino
604 2618 745 2697 predicte
783 2618 978 2697 quantitates
1018 2620 1152 2698 pecunie
1189 2621 1418 2699 persolvantur,
1453 2626 1510 2683 aut

269 2730 431 2785 exactores
448 2724 531 2783 ultra
550 2724 744 2804 quantitates
760 2725 917 2804 predictas
938 2725 1061 2787 fueritis
1082 2746 1139 2787 seu
1157 2726 1274 2788 fuerint
1290 2726 1324 2787 in
1345 2728 1508 2808 premissis

269 2850 326 2891 sen
346 2831 452 2910 aliquo
473 2830 707 2910 premissorum,
730 2832 926 2894 execucionis
952 2836 1147 2895 sentenciam
1167 2835 1355 2914 proferimus
1384 2837 1417 2896 in
1446 2837 1509 2899 hiis

270 2938 406 3016 scriptis,
428 2941 461 2997 et
481 2941 619 2997 vestram
641 2957 677 2997 ac
708 2957 817 2998 eorum
848 2938 997 3000 ecclesias
1028 2940 1216 3002 auctoritate
1244 2941 1367 3021 prefata
1388 2942 1421 3001 in
1446 2943 1509 3003 hiis

268 3042 482 3104 ecclesiastico
503 3042 711 3122 supponimus
732 3043 909 3105 interdicto.
956 3044 1103 3124 capitula
1123 3066 1207 3117 vero,
1229 3047 1359 3127 collegia
1379 3053 1412 3108 et
1433 3068 1508 3109 con·

269 3154 384 3212 ventus
408 3150 463 3229 qui
484 3149 534 3210 vel
558 3169 619 3229 que
643 3150 676 3208 in
701 3149 863 3229 premissis
886 3150 935 3211 vel
958 3151 1062 3230 aliquo
1087 3153 1313 3231 premissorum
1336 3153 1508 3232 culpabiles

269 3254 387 3316 fuerint
422 3256 455 3314 in
493 3255 555 3315 biis
584 3254 709 3333 scriptis
745 3274 802 3333 per
829 3260 968 3315 vestram
996 3258 1192 3318 sentenciam
1227 3260 1450 3337 suspendimus
1488 3281 1509 3321 a

270 3360 395 3421 divinis.
453 3360 486 3421 Si
518 3380 592 3421 vero
631 3359 726 3440 aliqui
768 3360 807 3421 de
844 3361 994 3439 predictis
1032 3362 1133 3423 dictas
1169 3369 1295 3423 nostras
1329 3364 1509 3425 sentencias

270 3467 459 3528 incurrerint
476 3466 706 3546 quoqu0m0d0,
723 3466 868 3527 volumus
887 3471 919 3527 et
938 3466 1027 3528 vobis
1047 3468 1234 3529 mandamus
1251 3468 1310 3529 sub
1328 3470 1419 3549 penis
1437 3490 1508 3549 pre·

269 3573 362 3634 dictis
393 3578 431 3633 ut
460 3592 518 3652 per
548 3592 604 3633 vos
636 3572 686 3632 vel
716 3592 773 3651 per
804 3572 900 3632 alium
921 3592 978 3633 seu
1013 3572 1091 3633 alios
1120 3572 1154 3631 in
1178 3574 1291 3635 vestris
1316 3574 1444 3635 civitate
1472 3579 1505 3636 et

269 3678 396 3749 diocesi,
421 3683 454 3739 et
475 3679 508 3737 in
532 3678 609 3739 locis
634 3678 703 3739 aliis
728 3678 901 3757 dequibus
922 3678 1011 3739 vobis
1033 3678 1198 3750 videbitur,
1221 3684 1287 3739 tam
1308 3680 1362 3740 diu
1382 3679 1508 3759 publice

270 3785 428 3845 nuncietis
442 3790 474 3845 et
488 3784 612 3845 faciatis
626 3783 779 3855 nunciari,
790 3784 876 3863 ipsos
891 3784 992 3845 dictas
1006 3789 1128 3845 vestras
1143 3785 1321 3846 sentencias
1335 3785 1505 3849 incurrisse

269 3894 301 3950 et
333 3889 437 3950 arcius
468 3889 578 3949 evitari
610 3890 710 3949 donec
741 3889 833 3967 plene
865 3889 1075 3950 satisfecerint
1104 3895 1136 3950 et
1168 3891 1340 3951 meruerint
1371 3913 1389 3953 a
1418 3893 1509 3955 vobis

268 3994 481 4056 absolucionis
502 3993 688 4055 beneficium
714 3994 874 4073 optinere.
930 3994 1048 4055 Nostre
1069 3995 1154 4055 enim
1184 3995 1374 4057 intensionis
1399 3998 1508 4059 existit

269 4101 353 4182 quod
392 4120 411 4159 a
446 4100 506 4161 Dei
541 4104 573 4160 et
607 4099 801 4178 leprosorum
840 4098 985 4160 domibus
1020 4104 1052 4160 et
1087 4100 1287 4161 monasteriis
1322 4102 1509 4163 monialium

268 4225 454 4286 pauperum,
491 4226 509 4265 a
543 4205 656 4285 quibus
688 4204 806 4284 aliquid
840 4204 966 4265 racione
993 4205 1226 4284 procuracionis
1261 4206 1342 4286 exigi
1364 4208 1508 4270 'minime

269 4312 444 4382 consuevit,
465 4310 545 4370 nihil
565 4311 763 4392 aliquatenus
780 4311 929 4391 exigatur.
973 4311 1111 4372 Litteras
1126 4312 1314 4374 auctoritate
1333 4315 1507 4393 apostolica

268 4416 437 4497 originales
458 4421 525 4477 tam
549 4422 677 4496 propter
700 4418 822 4477 viarum
843 4417 1025 4477 discrimina
1046 4417 1172 4478 mittere
1194 4418 1283 4479 vobis
1307 4418 1508 4483 obmittimus

268 4542 365 4603 quam
393 4522 468 4601 quia
495 4522 529 4581 in
556 4523 718 4601 presencia
746 4523 918 4584 multorum
944 4523 1138 4603 prelatorum
1173 4523 1409 4587 cantuariensis
1436 4547 1506 4606 pre

267 4630 371 4690 vincia
399 4649 506 4689 coram
533 4627 624 4690 nobis
660 4629 833 4690 Londoniis
867 4629 1075 4691 existencium
1102 4630 1250 4703 exhiberi,
1280 4631 1341 4711 legi
1375 4632 1510 4695 fecimus
1569 4677 1571 4681 »

267 4742 302 4797 et
320 4735 455 4807 ostendi,
477 4754 514 4795 ac
533 4734 628 4795 etiam
650 4735 854 4815 solempniter
874 4734 1035 4814 publicari.
1080 4734 1114 4796 Si
1135 4740 1241 4796 tamen
1263 4757 1319 4798 vos
1340 4738 1389 4799 vel
1410 4738 1508 4819 aliqui

268 4846 411 4902 vestrum
443 4842 482 4902 de
513 4840 662 4920 predictis
693 4861 746 4903 eas
776 4841 882 4901 videre
909 4840 1080 4912 volueritis,
1109 4861 1162 4902 eas
1190 4842 1281 4903 nobis
1309 4843 1447 4905 exhiberi
1474 4849 1509 4906 et

269 4946 394 5007 ostendi
408 4946 570 5017 faciemus,
586 4966 659 5006 cum
673 4946 824 5007 fuerimus
839 4945 991 5025 requisiti.
1034 4944 1181 5006 Ceterum
1196 4946 1275 5007 scire
1290 4966 1346 5008 vos
1360 4948 1507 5011 volumus

269 5053 355 5133 quod
388 5056 554 5133 presentes
588 5052 709 5112 litteras
745 5052 877 5113 fecimus
914 5051 1083 5131 registrari,
1121 5056 1154 5113 et
1191 5053 1230 5113 de
1267 5054 1509 5132 presentacione
