3850 5917
407 700 447 758 42
781 699 960 778 Rapiatrum
987 701 1053 761 Ado
1079 699 1117 760 dc
1145 699 1269 762 Orlatea

237 930 294 970 M>-
309 931 364 971 ¹³¹⁷·
407 924 566 1003 qnondam
588 925 739 985 canonico
760 925 995 1002 Herelordensi,
1017 925 1114 1005 precii
1133 925 1342 1006 quadraginta
1361 925 1522 986 librarum.
1558 925 1644 987 Item

406 1029 486 1090 duos
516 1033 650 1108 pannos¹
675 1050 786 1091 aureos
817 1031 856 1092 de
890 1051 954 1092 una
979 1035 1076 1125 secta¹
1106 1051 1179 1092 cum
1203 1031 1390 1110 griffonibus
1422 1031 1455 1091 in
1483 1031 1558 1092 latis
1585 1031 1644 1092 cir·

408 1259 466 1319 par
486 1240 663 1301 sandalium
683 1261 755 1301 cum
784 1242 971 1322 griffonibus
998 1243 1141 1304 consutis
1163 1262 1237 1303 cum
1264 1241 1466 1304 sotularibus⁸
1486 1242 1645 1321 lapidibus

408 1346 547 1418 intextis,
576 1346 673 1426 precii
707 1347 914 1427 quadraginta
948 1348 1129 1409 solidorum.
1185 1348 1270 1408 Item
1296 1367 1393 1408 unam
1421 1348 1574 1409 casulam⁴
1604 1347 1644 1408 de

407 1451 503 1512 rubea
525 1452 657 1513 sindone
678 1453 769 1514 linita
789 1454 828 1515 (10
848 1455 952 1514 carda⁶
976 1474 1095 1525 crocea,
1116 1453 1213 1533 precii
1234 1454 1440 1534 quadraginta
1461 1454 1644 1515 solidorum.

407 1556 490 1616 Item
515 1577 611 1617 unam
636 1558 775 1619 casulam
799 1578 872 1618 cum
903 1559 1012 1619 tunica
1041 1563 1074 1620 et
1104 1558 1272 1620 dalmatica
1302 1560 1342 1619 de
1366 1559 1437 1620 albo
1465 1560 1581 1620 samito
1604 1578 1644 1620 ex

405 1669 494 1742 parte
515 1683 579 1724 una
599 1670 631 1725 et
658 1665 755 1726 rubea
777 1665 909 1726 sindone
930 1685 969 1726 ex
990 1665 1060 1737 alia,
1085 1664 1182 1744 precii
1203 1665 1313 1726 decem
1337 1664 1502 1725 librarum.
1558 1664 1644 1725 Item
1823 1662 1824 1705 l

405 1769 534 1829 tertiam·
553 1770 693 1830 casulam
722 1770 761 1830 de
790 1770 890 1831 serico
910 1771 950 1830 (10
981 1771 1067 1832 india
1097 1771 1188 1831 linita
1216 1772 1257 1832 de
1287 1771 1360 1831 card
1370 1773 1413 1850 [a]
1448 1770 1540 1832 viridi
1569 1791 1644 1832 cum
1823 1764 1824 1857 ]

405 1875 514 1935 tunica
547 1879 580 1935 et
617 1875 786 1935 dalmatica
820 1875 998 1954 duplicatis,
1034 1876 1179 1937 videlicet
1216 1877 1256 1936 de
1297 1875 1394 1937 rubea
1430 1877 1564 1937 sindone
1604 1896 1644 1937 ex
1823 1864 1824 1887 ¹

405 1985 495 2058 parte
531 1999 595 2040 una
627 1985 659 2040 et
695 1980 733 2041 de
770 1979 902 2042 sindone
933 1981 974 2042 de
1006 1981 1093 2041 india
1119 2001 1158 2042 ex
1193 1981 1264 2052 alia,
1301 1981 1397 2060 precii
1435 1982 1644 2061 quadraginin

406 2085 586 2146 solidorum.
626 2085 709 2147 Item
731 2107 830 2146 unum
846 2086 986 2148 libellum
1007 2087 1281 2166 processionalem,
1295 2086 1393 2166 precii
1413 2087 1548 2147 duorum
1570 2087 1644 2148 soli-

405 2191 527 2252 dorum.
583 2191 666 2254 Item
693 2212 790 2252 unam
821 2192 970 2263 casulam,
1002 2192 1153 2263 tunicam,
1175 2196 1208 2252 et
1235 2191 1435 2252 dalmaticam
1466 2212 1539 2252 cum
1564 2212 1645 2271 caps

405 2297 445 2357 de
469 2295 583 2357 samito
607 2297 687 2367 albo,
721 2302 754 2358 et
775 2298 813 2358 de
841 2297 974 2358 sindone
1003 2297 1100 2358 rubea
1124 2316 1206 2358 nova
1229 2301 1263 2357 et
1292 2301 1435 2357 recenter
1463 2296 1502 2357 de
1530 2297 1660 2356 eadem·
1823 2348 1824 2377 ,

406 2408 501 2474 secta,
522 2423 621 2464 unum
650 2403 796 2464 baculum
823 2404 1022 2483 pastoralem,
1039 2403 1187 2496 ,muenia
1216 2409 1249 2464 et
1270 2402 1425 2464 sotulares
1447 2402 1644 2482 episcopales

408 1132 487 1194 culis
522 1134 560 1194 de
581 1134 678 1195 rubeo
700 1135 799 1196 serico
823 1155 879 1215 per
903 1140 1016 1208 totum,
1036 1135 1134 1215 precii
1161 1156 1181 1196 x
1203 1155 1389 1197 marcarum.
1432 1135 1516 1197 Item
1543 1157 1643 1197 unum

407 2510 447 2570 de
468 2529 574 2589 panno
597 2510 698 2571 serico
730 2511 770 2571 de
796 2529 929 2590 gemma,
959 2515 992 2570 et
1022 2509 1100 2570 alios
1133 2509 1287 2570 sotulares
1319 2509 1359 2570 de
1394 2509 1503 2580 serico,
1532 2514 1643 2570 sancte

407 2615 556 2676 memorie
584 2615 703 2676 domini
738 2616 858 2676 Thome
886 2616 925 2676 de
948 2615 1119 2695 Cautilupo
1154 2615 1194 2676 de
1225 2615 1321 2676 armis
1348 2615 1500 2695 ejusdem.
1557 2615 1643 2675 Item

406 2721 485 2781 duas
508 2721 627 2792 mitras,
653 2741 785 2802 quarum
812 2741 877 2782 una
904 2727 953 2782 est
978 2721 1049 2781 alba
1076 2740 1150 2782 cum
1178 2720 1367 2800 aurifrigiis·
1390 2727 1423 2782 et
1448 2721 1509 2780 alia
1530 2727 1581 2781 est
1602 2721 1642 2781 de

405 2829 520 2888 samito
534 2848 607 2889 cum
628 2829 795 2908 aurifrigiis
819 2834 852 2889 et
868 2828 1026 2907 lapidibus
1047 2827 1198 2907 preciosis
1209 2846 1216 2898 ;
1246 2827 1359 2898 albam,
1384 2833 1417 2888 et
1444 2827 1656 2906 manipulum,

407 2935 566 3006 amictum,
611 2955 683 2996 cum
717 2936 799 2996 stola
837 2935 979 3014 ejusdem
1018 2940 1104 2995 secte
1144 2934 1297 2995 broudate
1332 2953 1406 2994 cum
1442 2933 1642 3013 ymaginibus

404 3041 536 3121 magnis,
571 3046 604 3102 et
632 3043 694 3102 duo
726 3041 814 3121 paria
848 3041 1096 3102 cerotbecarum'
1129 3041 1369 3121 pontificalium.
1428 3042 1497 3115 Que
1534 3041 1643 3100 omnia

404 3148 503 3218 nobis,
518 3153 555 3209 ut
568 3148 771 3228 premittitur,
786 3147 824 3208 de
839 3147 1099 3208 accomodacione
1113 3147 1244 3208 liberata
1258 3166 1315 3227 per
1324 3166 1384 3206 nos
1397 3146 1447 3206 vel
1461 3165 1517 3226 per
1530 3165 1642 3206 execu-

405 3259 489 3315 tores
516 3259 642 3315 nostros
669 3255 872 3315 restituemus
894 3254 1031 3315 dominis
1056 3255 1185 3316 Decauo
1217 3260 1250 3316 et
1274 3253 1422 3332 capitulo
1445 3273 1482 3313 ac
1508 3252 1642 3313 ecclesie

405 3360 595 3432 memoratis,
625 3364 657 3420 et
682 3360 721 3419 ad
746 3359 806 3420 hoc
834 3359 1010 3438 obligamus
1031 3378 1090 3420 nos
1118 3365 1151 3420 et
1172 3364 1354 3420 executores
1382 3363 1508 3419 nostros
1529 3363 1642 3419 tenore

405 3465 603 3545 presencium
627 3465 812 3525 litterarum.
857 3464 897 3524 Iu
921 3465 1022 3544 cujus,
1045 3469 1105 3524 otc.
1148 3465 1267 3526 Datum
1282 3465 1365 3544 apud
1391 3464 1531 3543 Sugwas,
1555 3465 1643 3544 xxvj·

404 3570 455 3631 die
475 3571 594 3632 mensis
622 3570 776 3642 Octobris,
806 3589 890 3630 anno
915 3569 1045 3631 Domini
1069 3569 1292 3649 M⁰000⁰xvij⁰.

486 3701 607 3762 Eodem
629 3701 723 3761 modo
745 3700 901 3780 obligatur
915 3701 1062 3762 dominus
1080 3720 1137 3781 per
1154 3701 1246 3760 aliam
1261 3701 1398 3763 litteram
1416 3721 1474 3781 pro
1496 3701 1518 3781 ij
1542 3702 1641 3781 capis,

404 3807 414 3887 j
437 3807 489 3868 inc
499 3809 561 3885 [en]
571 3807 662 3878 sario,
685 3812 718 3868 et
741 3805 752 3886 j
778 3806 948 3867 offertorio.

406 4061 470 4122 Oct.
492 4059 787 4122 27.-Oommission
809 4067 838 4121 to
860 4059 909 4120 tte
935 4059 1056 4138 Officiel
1077 4067 1107 4121 to
1128 4067 1176 4138 try
1197 4061 1247 4121 the
1267 4079 1335 4121 cose
1351 4061 1488 4140 pmtdinp
1509 4061 1644 4122 between

527 4143 630 4202 danaes
651 4141 688 4202 de
709 4141 837 4218 chley,
865 4141 978 4201 Rectcr
1003 4141 1039 4221 of
1063 4141 1151 4213 Boea,
1183 4141 1247 4202 aad
1268 4141 1352 4202 John
1383 4143 1421 4202 de
1447 4141 1541 4213 Kolta,
1569 4143 1642 4204 who

526 4222 633 4283 ciuicas
663 4229 693 4283 tc
721 4221 754 4282 be
787 4222 886 4282 Vicar.

486 4377 669 4437 Gouurssro
690 4393 791 4435 niori
816 4393 858 4435 nn
878 4392 1075 4436 insulsorum
1094 4393 1212 4437 nournr
1233 4377 1350 4436 Jacosr
1372 4394 1417 4436 or
1442 4377 1641 4440 neurim.

406 4481 514 4554 Adam,
550 4486 619 4552 etc,
655 4481 769 4542 dilecto
801 4481 835 4540 in
864 4481 992 4542 Christo
1019 4481 1083 4542 filio
1113 4481 1238 4542 officiali
1267 4486 1378 4543 nostro
1405 4481 1551 4554 salutem,
1580 4489 1641 4544 etc.

405 4588 453 4647 Ad
478 4587 667 4648 audiendum
691 4593 724 4647 et
755 4587 818 4648 line
845 4586 951 4647 debito
973 4587 1207 4648 terminandum
1235 4607 1364 4648 causam
1392 4607 1448 4649 seu
1475 4589 1642 4667 negocium

405 4717 466 4777 que
487 4696 537 4758 vel
559 4695 642 4774 quod
664 4695 798 4755 vertitur
820 4715 876 4755 seu
899 4694 980 4754 verti
1012 4701 1159 4772 speratur
1181 4694 1265 4754 iuter
1296 4695 1460 4754 dominum
1485 4695 1641 4756 Jacobum

403 4803 443 4863 de
468 4801 639 4880 Heneleye,
663 4801 859 4861 Canonicum
893 4799 1168 4870 Herefordeusem,
1194 4800 1362 4860 Rectorem
1388 4801 1519 4861 ecclesie
1551 4821 1643 4881 paro-

405 4907 516 4968 chialis
533 4908 571 4968 de
591 4907 665 4978 Ros,
680 4912 788 4967 nostre
808 4906 950 4976 diocesis,
968 4925 1007 4966 ex
1019 4911 1111 4983 parte
1128 4925 1201 4976 uua,
1221 4911 1254 4966 et
1267 4905 1430 4965 dominum
1450 4905 1642 4980 Iohannem,

530 5041 647 5082 l—Pirces
660 5039 686 5081 ol
698 5041 770 5082 cluth.
940 5041 998 5080 2-Α
1011 5039 1061 5080 suit
1076 5038 1102 5081 ot
1116 5040 1197 5086 livera.
1362 5041 1514 5089 astinem.

527 5091 718 5183 llffiffiub'e'
940 5091 999 5130 t-a
1011 5089 1067 5130 kind
1079 5089 1105 5131 ot
1117 5090 1189 5132 cluth.
1360 5091 1488 5133 e-oolden
1502 5091 1600 5140 lrlnssea.
