3850 5917
407 676 465 734 112
780 675 959 754 Ropistram
986 676 1051 736 Ado
1078 677 1115 737 dc
1144 677 1267 737 Orlcton

234 929 291 969 Μ).
308 929 364 969 ¹³¹⁹·
405 924 482 1001 Moy
504 925 745 986 23.—Mondoto
759 921 794 1005 os
812 927 860 987 tho
882 927 964 1006 Popc
986 935 1015 987 ιο
1037 928 1086 988 tha
1106 927 1225 1006 Bisbop
1242 929 1278 1007 os
1295 928 1445 1009 Horesord
1467 937 1497 988 ιο
1517 929 1644 1007 repaire

250 1357 300 1398 sot.
313 1357 346 1396 ³1.

529 1005 594 1066 irato
621 1006 669 1066 ihc
691 1007 799 1086 fitncss
824 1009 860 1087 os
884 1007 969 1068 John
998 1009 1172 1088 Carpentrr,
1201 1009 1380 1080 sabdeocoo,
1402 1011 1457 1090 jor
1484 1030 1527 1069 art
1553 1010 1642 1071 ecclc-

528 1086 671 1148 siostical
692 1087 824 1166 berrcficc,
847 1089 910 1148 aad
925 1089 956 1168 if
974 1089 1009 1148 he
1030 1089 1058 1150 is
1079 1089 1220 1160 scitatis,
1243 1097 1271 1150 ιο
1292 1091 1355 1150 call
1374 1110 1456 1170 upon
1478 1090 1527 1151 the
1547 1091 1644 1152 Prior

528 1167 591 1228 ond
618 1168 752 1229 convent
773 1169 808 1248 ο]
829 1171 945 1230 Brccon
970 1177 1000 1230 to
1023 1170 1111 1230 malco
1131 1170 1292 1250 procisrbn
1309 1172 1364 1251 sor
1389 1171 1462 1231 him.

488 1323 680 1384 Massaron
696 1324 927 1385 Arosromcunr
945 1343 1007 1386 ruo
1021 1327 1042 1387 J
1043 1345 1174 1387 onasus
1193 1345 1289 1387 moro
1309 1327 1548 1397 Canrsnrssro,
1567 1345 1641 1388 sus·

405 1447 544 1491 piscoso
562 1449 605 1490 ns
621 1431 1044 1494 Hermonem-iohannes
1059 1433 1244 1512 Episcopus,
1267 1453 1376 1494 servus
1389 1453 1551 1494 servorum
1571 1434 1642 1504 Dei,

406 1535 575 1596 venerabili
614 1536 712 1607 fratri,
748 1537 908 1616 Episcopo
944 1537 1179 1610 Hereiordensi,
1210 1539 1344 1599 salutem
1369 1545 1401 1600 ot
1435 1539 1642 1618 apostolicam

407 1641 670 1703 benediccionem.
713 1643 793 1704 Cum
816 1643 950 1704 dilectus
972 1643 1064 1714 filius,
1093 1644 1256 1705 Johannes
1277 1643 1380 1704 dictus
1407 1643 1641 1722 carpentarius,

408 1747 619 1814 subdiaconus
654 1747 905 1819 Herelordensis,
945 1749 1027 1810 lator
1063 1749 1271 1829 presencium,
1313 1770 1332 1809 a
1369 1749 1450 1810 bone
1491 1751 1643 1812 memorie

408 1853 550 1924 Ricardo,
571 1854 731 1934 Episcopo
748 1853 983 1925 Herelordensi,
1001 1854 1213 1934 predecessori
1230 1861 1294 1926 tuo,
1314 1853 1355 1914 ad
1370 1854 1641 1934 presentacionem

406 1960 592 2021 dilectorum
621 1959 756 2020 filiorum
778 1960 896 2021 Prioris
917 1965 949 2020 et
971 1959 1153 2022 Conventus
1174 1960 1336 2021 Prioratus
1364 1959 1465 2020 sancti
1486 1960 1643 2022 Johannis

407 2066 610 2146 Evangeliste
631 2067 670 2127 de
691 2067 865 2138 Brochcne,
888 2066 1007 2128 ordinis
1028 2067 1130 2127 sancti
1151 2066 1325 2136 Benedicti,
1347 2067 1548 2127 Menevensia
1576 2067 1641 2129 dio·

409 2171 500 2242 cesis,
522 2170 625 2242 fuerit,
648 2169 729 2232 sicut
750 2171 872 2241 asserit,
895 2173 926 2231 in
959 2171 1186 2232 subdiaconum
1206 2172 1379 2242 ordinatus,
1399 2192 1458 2232 neo
1478 2172 1578 2232 ullum
1600 2173 1642 2234 sit

407 2275 654 2337 ecclesiasticum
680 2275 866 2337 beneficium
888 2275 1061 2348 essecutus,
1083 2297 1141 2337 nos
1163 2277 1262 2338 felicis
1289 2277 1517 2338 recordacionis
1546 2277 1642 2339 Inno-

406 2381 505 2441 cencii
541 2382 627 2461 Papo
655 2381 753 2452 tercii,
785 2383 1015 2461 predecessoris
1050 2381 1159 2452 nostri,
1187 2383 1241 2462 qui
1272 2383 1425 2444 ordinetis
1459 2383 1527 2444 sine
1555 2389 1643 2445 certo

407 2485 501 2548 titulo
535 2505 591 2564 per
625 2487 820 2547 ordinatores
855 2487 905 2546 vel
939 2492 1172 2566 presentatores
1209 2507 1266 2548 seu
1300 2507 1498 2549 successores
1531 2508 1641 2550 eorum

409 2592 565 2672 provideri
588 2591 697 2662 voluit,
729 2592 870 2671 vestigiis
902 2592 1092 2662 inherentes,
1128 2593 1246 2654 eisdem
1278 2594 1378 2653 Priori
1398 2600 1431 2656 et
1462 2595 1640 2656 Oonventui

404 2698 522 2760 nostris
558 2698 670 2758 demus
699 2697 813 2758 litteris
848 2698 880 2756 in
906 2698 1064 2758 mandatis
1091 2704 1136 2768 ut,
1165 2699 1193 2759 si
1223 2703 1268 2769 tu,
1300 2699 1350 2759 cui
1371 2700 1640 2762 examinacionem

403 2805 504 2885 ipsius
539 2804 685 2864 duximus
717 2804 986 2874 committendam,
1016 2824 1087 2864 cum
1119 2805 1276 2883 ydoneum
1312 2825 1381 2866 esse
1410 2807 1571 2884 repereris,
1607 2812 1640 2868 ct

405 2910 617 2972 ecclesiastico
653 2907 803 2970 beneficio
838 2928 902 2968 non
937 2909 1110 2988 indignum,
1147 2910 1267 2970 tamdiu
1301 2911 1330 2972 ei
1364 2911 1428 2971 vite
1463 2912 1640 2973 necessaria

406 3036 543 3098 congrue
564 3015 814 3085 subministrent,
836 3015 936 3075 donec
965 3035 1021 3094 per
1041 3035 1095 3076 eos
1116 3020 1299 3094 competens
1327 3016 1422 3076 luerit
1451 3017 1639 3078 ecclesiasti·

403 3142 475 3182 cum
498 3120 684 3182 beneficium
706 3124 878 3180 assecutus.
915 3120 1068 3194 Quocirca
1088 3120 1277 3181 fraternitati
1305 3126 1359 3182 tue
1383 3142 1440 3200 per
1466 3122 1639 3201 apostolica

406 3227 525 3306 scripte
559 3226 746 3286 mandamus
782 3225 931 3305 quatinus
966 3225 1084 3288 eisdam
1120 3226 1221 3287 Priori
1254 3233 1287 3288 et
1321 3227 1498 3289 Conventui
1533 3229 1640 3289 citatis

404 3334 553 3413 legitime,
575 3337 611 3392 ut
632 3352 688 3411 por
713 3332 836 3411 seipsos
857 3332 906 3393 vel
927 3333 1085 3410 ydoneum
1106 3333 1319 3411 responsalem
1340 3334 1496 3405 intersint,
1519 3340 1638 3396 ettam

406 3459 501 3518 super
521 3437 703 3518 ydoneitate
723 3457 857 3516 persone
878 3457 973 3516 quam
994 3437 1094 3497 eciam
1115 3458 1209 3516 super
1236 3438 1388 3518 qualitate
1408 3445 1440 3500 et
1461 3441 1640 3519 quantitate

404 3544 548 3624 beneficii
575 3563 749 3622 proponere
777 3543 823 3603 eie
847 3543 940 3603 liceat
968 3543 1116 3622 quioquid
1143 3543 1374 3605 racionabiliter
1400 3545 1546 3607 duxerint
1567 3567 1638 3626 pro-

405 3650 587 3730 ponendum
595 3668 602 3720 ;
624 3647 764 3728 inquiras
779 3667 839 3728 que
858 3649 941 3708 circa
953 3669 1120 3728 personam
1135 3655 1167 3710 et
1182 3651 1395 3728 ydoneitatem
1409 3653 1507 3731 ipsius
1521 3653 1639 3715 brerint

404 3756 599 3836 inquirenda,
635 3761 667 3816 et
702 3755 729 3815 si
760 3775 832 3816 eum
865 3755 904 3814 ad
935 3755 1142 3834 optinendum
1173 3757 1419 3819 ecclesiasticum
1451 3759 1637 3821 beneficium

406 3859 559 3939 repereris
587 3879 650 3919 non
679 3856 852 3936 indignum,
881 3858 1008 3919 eosdem
1036 3859 1176 3921 Priorem
1207 3867 1240 3921 et
1271 3861 1470 3932 conventum
1500 3865 1540 3925 ad
1567 3885 1637 3945 pro·

404 3965 575 4027 videndum
598 3965 625 4026 ei
646 3965 735 4044 juxta
757 3964 890 4024 formem
914 3965 1055 4025 mandati
1077 3966 1239 4045 apostolici
1264 3968 1430 4047 diligenter
1449 3989 1579 4031 moneas
1606 3976 1638 4032 et

405 4071 545 4141 inducas;
570 4070 654 4150 quod
669 4071 695 4130 si
710 4068 840 4130 monitis
854 4070 917 4130 tuis
932 4070 1129 4149 acquiescere
1150 4071 1230 4133 forte
1250 4073 1417 4146 noluerint,
1439 4075 1523 4154 quod
1543 4095 1640 4156 anper

403 4177 465 4236 hiis
490 4175 647 4237 inveneris
675 4175 739 4236 tuis
763 4174 854 4236 nobis
879 4175 993 4237 litteris
1015 4177 1161 4239 intimare
1181 4199 1338 4258 procures,
1363 4187 1399 4241 ut
1423 4202 1478 4243 eos
1502 4183 1541 4244 ed
1565 4203 1636 4264 pro·

401 4282 557 4342 visionem
584 4281 693 4361 ipsius,
715 4280 741 4340 si
764 4280 877 4360 dignus
899 4281 1001 4352 luerit,
1030 4283 1184 4362 compelli,
1209 4285 1292 4373 sicut
1315 4288 1449 4366 expedit,
1475 4289 1636 4351 faciamus.

402 4389 521 4448 Datum
544 4387 727 4466 Avynyone,
748 4396 780 4445 x⁰
805 4386 875 4446 Kal.
904 4387 1001 4457 Junii,
1030 4389 1238 4450 Pontificatns
1265 4393 1365 4453 nostri
1390 4413 1474 4456 anno
1498 4395 1604 4457 tercio.

402 4644 479 4722 Moy
501 4642 656 4704 31.-The
681 4641 808 4722 Bishop,
828 4642 912 4721 from
933 4631 1082 4721 Aoiplron,
1107 4645 1315 4708 commissione
1338 4648 1386 4709 tis
1412 4648 1639 4728 Vicor-pcrwral

526 4733 554 4784 ιο
582 4731 632 4784 οοι
654 4725 709 4804 sor
737 4723 801 4783 him
825 4723 860 4782 io
883 4724 1029 4802 corryiop
1053 4733 1105 4785 out
1131 4727 1179 4786 ιιιο
1204 4726 1393 4805 injanctrbaa
1417 4732 1453 4810 of
1477 4731 1527 4792 rba
1554 4733 1639 4813 Popa

524 4805 704 4883 cormarrino
730 4804 814 4865 John
840 4804 1014 4884 Carpentcr.

484 4961 665 5022 Ooumssio
687 4960 1066 5032 exponemus-Adam,
1095 4968 1165 5033 etc,
1193 4963 1329 5026 discreto
1356 4965 1432 5038 viro,
1455 4967 1582 5049 filioque
1602 4971 1636 5032 in

406 5067 532 5130 Christo
564 5066 688 5136 dilecto,
723 5065 872 5144 magistro
903 5065 1038 5127 Ricardo
1073 5068 1112 5129 de
1149 5069 1307 5142 Vernoun,
1343 5073 1493 5135 canonico
1529 5082 1639 5140 nostre
