3850 5917
705 703 857 784 Episcopi
883 702 1127 784 Hcrcfordensis.
1473 707 1534 767 223

115 958 177 997 *⁰-
195 959 254 998 ¹³2
296 948 392 1031 April
414 951 571 1012 sama
595 951 714 1032 Bisbop
736 952 885 1013 instructa
911 952 995 1013 Jolm
1018 952 1105 1024 Reos,
1130 952 1242 1014 Rcclor
1264 954 1301 1033 os
1320 953 1478 1026 Dorstone,
1505 961 1535 1015 to

418 1032 544 1111 acquire
563 1032 698 1094 wirethcr
717 1033 745 1093 it
759 1033 792 1094 be
807 1039 883 1103 truc,
904 1054 939 1094 as
958 1034 1074 1095 Walter
1087 1034 1124 1095 ds
1145 1034 1320 1113 Horteslcy,
1344 1034 1393 1095 lise
1409 1042 1534 1115 patron,

419 1120 542 1185 macris,
571 1113 639 1175 thot
667 1113 746 1175 Milo
774 1114 812 1175 de
839 1114 1014 1191 Harlesley,
1039 1114 1151 1175 Rector
1173 1115 1209 1194 os
1232 1116 1352 1187 Latios,
1382 1115 1535 1178 tardabo

420 1194 458 1271 by
482 1214 537 1273 cqc
558 1195 770 1266 ascensore,
796 1194 852 1255 hoc
877 1195 949 1256 baa
966 1197 1021 1275 for
1044 1216 1137 1274 many
1161 1216 1250 1275 years
1275 1196 1380 1257 absent
1404 1196 1535 1258 without

421 1276 540 1336 lacense.

378 1439 558 1500 Oouurssro
587 1458 689 1499 sacra
712 1458 875 1501 usurariae
897 1441 926 1501 J.
954 1442 1047 1501 Rana
1082 1459 1208 1502 course
1243 1442 1414 1515 Minorem,
1450 1444 1535 1505 Ruc-

295 1562 406 1604 roanu
442 1562 601 1605 occussis
643 1564 688 1605 nn
729 1546 1048 1618 Lacaena-Adam,
1077 1552 1147 1619 etc,
1185 1548 1300 1609 dilecto
1336 1549 1369 1609 in
1407 1549 1536 1611 Christo

295 1650 370 1721 filio,
393 1651 543 1731 magistro
570 1651 600 1711 J.
630 1652 721 1722 Rees,
752 1652 879 1712 Rectori
907 1652 1038 1713 ecclesie
1068 1654 1108 1714 de
1137 1654 1304 1725 Dorstone,
1333 1658 1441 1716 nostre
1469 1655 1535 1717 dio-

295 1756 386 1827 cesis,
422 1756 567 1827 salutem,
602 1763 661 1817 etc.
725 1756 774 1816 Ex
810 1762 900 1837 parte
937 1757 1069 1819 Walteri
1104 1758 1142 1818 de
1178 1758 1377 1837 Hurtesleye,
1410 1760 1535 1839 patroni

295 1862 426 1924 ecclesie
447 1863 486 1924 de
516 1863 664 1933 Lectone,
696 1862 779 1925 dicte
810 1868 918 1924 nostre
949 1864 1093 1933 diocesis,
1115 1864 1206 1925 nobie
1227 1865 1331 1925 extitit
1351 1865 1535 1927 intimatum

295 1968 379 2048 quod
411 1968 499 2040 Milo,
531 1968 648 2029 Rector
678 1968 808 2030 ecclesie
840 1968 1040 2030 delacione
1071 1968 1220 2048 predicte,
1242 1969 1331 2030 senio
1362 1975 1395 2031 et
1425 1970 1536 2031 morbo

295 2073 460 2133 incurabili
488 2094 524 2133 ac
555 2073 695 2153 corporis
728 2073 889 2135 debilitate
929 2074 1007 2135 adeo
1037 2080 1240 2154 pregravatur
1269 2075 1354 2154 quod
1383 2076 1422 2135 ad
1451 2075 1535 2137 dicte

295 2176 427 2237 ecclesie
454 2176 608 2256 regimen·
621 2176 743 2237 inutilis
764 2178 905 2237 redditur
923 2178 989 2256 jam
1010 2177 1149 2249 omnino,
1175 2178 1320 2257 qnodque
1348 2176 1431 2239 idem
1455 2178 1535 2239 Milo

295 2301 330 2343 ee
351 2302 370 2341 a
391 2282 475 2342 dicta
502 2281 634 2343 ecclesia
661 2303 717 2361 per
744 2283 861 2343 multos
889 2302 990 2343 annos
1011 2282 1128 2363 absque
1157 2289 1265 2345 nostra
1292 2284 1431 2356 licencia,
1460 2285 1535 2347 licet

295 2386 402 2466 sepius
439 2387 478 2447 ad
518 2387 716 2467 personalem
754 2388 960 2448 residenciam
1002 2388 1035 2447 in
1070 2388 1155 2448 dicta
1192 2388 1324 2449 ecclesia
1359 2388 1534 2451 faciendam

295 2493 464 2553 autoritate
479 2498 588 2553 nostra
602 2492 661 2553 sub
681 2513 763 2572 pena
777 2493 928 2554 canonica
948 2492 1061 2554 fuisset
1082 2494 1231 2565 monitus,
1253 2494 1355 2574 ipsam
1370 2495 1534 2557 ecclesiam

295 2599 416 2660 habens
438 2618 495 2678 pro
518 2598 667 2660 derelicta
687 2599 815 2678 penitus
836 2598 1023 2659 absentavit.
1066 2599 1134 2660 Nos
1157 2600 1260 2678 igitur,
1293 2600 1376 2661 dicte
1404 2601 1535 2663 ecclesie

295 2704 518 2784 indempnitati
540 2704 778 2784 animarumque
806 2724 940 2784 quarum
969 2724 1043 2764 cura
1071 2705 1104 2763 in
1136 2706 1245 2766 eadem
1270 2705 1415 2767 imminet
1439 2706 1534 2767 saluti

294 2810 474 2890 prospicere
505 2810 677 2889 cupienten,
702 2810 791 2871 vobis
826 2810 1056 2871 committimus
1092 2818 1123 2871 et
1156 2810 1342 2872 mandamus
1378 2816 1536 2891 quatenus

296 2937 392 2997 super
411 2917 573 2997 premissis
595 2917 741 2979 omnibus
765 2922 797 2979 et
815 2917 947 2997 singulis
968 2918 1134 2978 veritatem
1156 2917 1341 2997 diligencius
1357 2917 1533 2998 inquiratis.

295 3022 340 3083 Et
361 3024 445 3104 quod
474 3023 507 3082 in
535 3023 653 3085 eisdem
678 3024 870 3095 inveneritis,
903 3029 962 3085 etc.
1019 3025 1139 3084 Datum
1160 3025 1244 3104 apud
1272 3024 1445 3106 Bosebury.
1470 3026 1537 3107 xxj⁰

295 3130 414 3191 mensis
443 3128 568 3209 Aprilis,
598 3149 681 3189 anno
703 3130 832 3190 Domini
861 3129 1084 3209 M⁰0000xxji0‚
1107 3135 1166 3191 etc.

295 3410 388 3491 April
411 3410 589 3471 sea-John
611 3410 698 3481 Rccs,
720 3411 831 3471 Rector
851 3412 886 3491 os
906 3412 1066 3483 Dorstone,
1092 3412 1127 3471 in
1141 3432 1221 3473 orins
1247 3414 1296 3473 tho
1321 3414 1439 3495 Bishop
1465 3414 1533 3476 thot

420 3491 455 3551 hc
476 3490 532 3552 bos
556 3491 625 3552 held
648 3512 690 3551 on
714 3491 842 3570 irtqairy
864 3499 898 3553 at
920 3493 1041 3563 Delion,
1064 3514 1083 3553 α
1145 3494 1230 3573 finds
1255 3494 1304 3555 ilas
1326 3495 1437 3556 Rector
1458 3516 1532 3557 non·

417 3572 562 3643 resideat,
591 3572 654 3632 aad
682 3572 732 3633 the
760 3572 884 3651 benefice
911 3573 1046 3646 derelict,
1076 3573 1147 3634 boib
1176 3575 1211 3634 ia
1238 3574 1280 3635 ils
1312 3576 1533 3655 spiritualitas

417 3653 482 3713 ond
506 3654 542 3712 in
565 3653 608 3713 its
634 3653 862 3733 temporalitccs.

378 3824 682 3884 orarmcsroaron
724 3840 829 3882 suras
869 3840 1040 3885 sumsere
1085 3841 1210 3884 nouruo
1255 3842 1535 3887 rasusmssum-

296 3930 475 3992 Venerabili
502 3930 535 3989 in
567 3928 693 3990 Christo
728 3928 819 4009 patri,
858 3929 987 3990 domino
1025 3929 1100 4000 Ade,
1130 3935 1199 4001 eta,
1232 3949 1308 3991 suus
1335 3930 1481 3993 humilis·
1502 3938 1535 3995 et

296 4037 429 4098 devotus
464 4035 493 4095 J.
522 4035 613 4106 Rees,
642 4034 759 4095 Rector
785 4034 915 4096 ecclesie
943 4034 983 4096 de
1014 4036 1182 4107 Dorstone,
1220 4034 1443 4109 obedienciam,
1472 4042 1533 4099 etc.

296 4141 484 4201 Mandatum
519 4144 660 4200 vestrum
687 4158 788 4218 nuper
822 4140 925 4219 recepi
953 4140 987 4199 in
1023 4140 1081 4201 hec
1110 4140 1214 4211 verba,
1249 4140 1359 4212 Adam,
1389 4146 1458 4215 etc,
1497 4148 1534 4205 ut

296 4265 400 4325 supra.
452 4243 550 4323 Cujus
579 4243 767 4303 auctoritate
789 4243 930 4304 mandati
958 4244 999 4303 ad
1030 4243 1193 4305 ecclesiam
1230 4244 1269 4305 de
1298 4244 1436 4308 Lectone
1463 4268 1533 4327 per-

295 4350 447 4412 sonaliter
466 4348 594 4421 accessi,
616 4355 648 4409 et
676 4354 822 4429 presente
850 4350 935 4411 dicto
960 4349 1080 4411 Milone
1104 4356 1136 4411 et
1160 4350 1250 4430 juxta
1268 4351 1454 4414 citacionem
1473 4354 1533 4415 sibi

296 4456 380 4536 apud
408 4455 589 4535 Wytheney
609 4454 726 4515 iactam
761 4474 819 4535 per
846 4456 1010 4516 Decanum
1039 4457 1077 4517 de
1110 4455 1299 4536 Webbeleye
1327 4459 1534 4537 personaliter

295 4568 507 4643 comparente,
544 4580 602 4641 per
637 4566 775 4621 rectores
809 4566 841 4623 st
873 4561 1006 4622 vicarios
1042 4562 1243 4623 ecclesiarum
1272 4563 1311 4623 de
1340 4562 1532 4638 Staundone,

297 4668 471 4738 Monitone,
491 4666 665 4745 Brokbury,
688 4666 930 4747 Bredewardyn,
952 4666 1130 4746 Ardesleye,
1153 4667 1302 4747 Glyfford,
1324 4673 1356 4729 et
1382 4669 1533 4733 Malmus-

296 4773 381 4834 hulle
403 4772 552 4851 Gamage,
574 4777 605 4833 et
627 4771 834 4851 parochianos
861 4772 945 4834 dicte
972 4772 1102 4834 ecclesie
1131 4772 1169 4833 de
1191 4772 1329 4834 Lectone
1359 4772 1533 4855 fidedignos

296 4898 390 4958 super
414 4876 577 4957 premissis
600 4877 807 4956 personaliter
827 4878 958 4957 juratos,
980 4877 1146 4958 diligenter
1165 4877 1323 4957 inquisivi,
1344 4880 1398 4959 qui
1423 4881 1533 4943 dicunt

296 4985 380 5065 quod
400 4983 504 5044 dictus
527 4982 605 5043 Milo
626 4983 723 5054 seni0,
744 4989 778 5043 et
805 4984 943 5063 corporis
975 4983 1144 5055 debilitate,
1174 5003 1211 5044 ac
1240 4984 1348 5045 morbo
1369 4986 1532 5065 paralitico

296 5088 460 5150 incurabili
481 5088 559 5149 adeo
579 5093 782 5168 pregravatur
801 5088 885 5169 quod
912 5090 952 5149 ad
976 5090 1114 5169 regimen
1135 5089 1234 5168 ipsius
1255 5089 1386 5153 ecclesie
1412 5090 1530 5153 insuffi-
