3850 5917
711 652 862 731 Episcopi
889 653 1133 733 Horcfordcasis.
1480 656 1540 718 237

129 882 190 923 AD·
206 883 263 923 ¹³2²·
304 876 515 935 reverenciam
537 876 738 937 intendamus
759 876 898 948 viriliter,
926 882 962 938 ut
984 881 1137 949 tenemur,
1159 900 1196 939 eo
1221 885 1328 940 tamen
1356 879 1471 939 forcius
1501 881 1540 939 ad

304 982 457 1061 premissa
486 983 667 1063 exequenda
687 987 871 1062 reputamus
898 1004 957 1044 nos
985 984 1140 1055 astrictos,
1169 1005 1231 1065 quo
1259 986 1405 1047 dominus
1433 990 1542 1046 noster

305 1086 372 1147 Rex
393 1088 458 1149 suis
479 1108 574 1167 super
601 1088 661 1149 hoc
688 1088 779 1148 nobis
811 1088 937 1149 directis
967 1089 1107 1168 apicibus
1129 1091 1264 1151 corditer
1298 1091 1482 1170 expectavit,
1503 1096 1541 1151 ut

305 1192 446 1272 predicta
474 1194 623 1254 mandata
650 1194 822 1274 apostolica
862 1214 920 1274 per
954 1215 1064 1256 omnes
1096 1196 1255 1275 provincie
1289 1201 1397 1257 nostre
1432 1202 1540 1275 partes

307 1299 527 1361 mandaremus
555 1305 588 1360 et
614 1299 788 1361 faceremus
812 1320 885 1360 cum
913 1305 1003 1360 tanta
1034 1300 1193 1361 celeritate
1220 1301 1350 1361 ubilibet
1377 1300 1539 1380 publicari,

306 1404 389 1484 quod
427 1410 501 1466 ante
540 1404 668 1465 inicium
703 1424 885 1484 progressus
920 1405 969 1465 sui
1011 1411 1121 1466 contra
1163 1406 1274 1467 Sootos
1315 1406 1469 1485 premissa
1500 1406 1540 1465 nd

305 1509 455 1571 noticiam
479 1510 642 1590 pervenire
669 1510 794 1571 valeant
828 1510 1032 1590 singulorum.
1087 1512 1200 1573 Vestro
1228 1512 1323 1591 igitur
1350 1512 1541 1573 fraternitati

306 1616 477 1694 apostolica
496 1616 682 1677 auctoritate
699 1615 832 1676 firmiter
847 1616 1039 1695 injungendo
1057 1618 1285 1679 committimus
1304 1622 1336 1679 et
1355 1618 1542 1678 mandamns

307 1720 456 1800 quatinus
476 1721 616 1800 predicta
639 1722 788 1781 mandata
815 1726 847 1782 et
866 1727 1016 1783 contenta
1037 1721 1070 1782 in
1091 1722 1208 1784 eisdem
1230 1724 1263 1782 in
1284 1722 1415 1785 ecclesia
1437 1725 1543 1784 vestra

307 1827 478 1888 cathedrali
499 1832 532 1889 et
552 1828 664 1889 ceteris
685 1828 825 1889 ecclesiis
845 1828 934 1889 vobis
966 1828 1116 1909 subjectis
1145 1850 1182 1890 ac
1205 1829 1282 1890 locis
1312 1829 1381 1890 aliie
1408 1828 1543 1909 publicis

308 1934 424 2013 absque
446 1954 531 1995 more
553 1934 707 1995 tardidate
728 1934 942 2014 cujuscunque
973 1954 1029 2014 per
1060 1934 1126 1995 dies
1156 1934 1329 1995 dominicos
1350 1939 1383 1995 et
1412 1933 1543 1995 festivos

307 2060 344 2099 ac
365 2039 452 2109 alios,
480 2044 574 2118 prout
594 2039 682 2100 vobis
702 2038 859 2100 videbitur
885 2040 1021 2119 receptis
1041 2040 1248 2119 presentibus,
1270 2060 1326 2119 per
1350 2060 1406 2101 voa
1434 2044 1466 2100 et
1486 2059 1544 2117 per

308 2145 385 2206 alios
406 2146 511 2205 taliter
531 2145 689 2224 publicare
715 2145 830 2206 curetis
855 2146 938 2225 quod
955 2150 1106 2207 contenta
1126 2146 1158 2204 in
1180 2146 1337 2207 mandatis
1360 2145 1541 2225 apostolicis

307 2252 347 2311 ad
368 2252 509 2312 omnium
524 2257 627 2313 vestre
641 2252 774 2312 diocesis
795 2251 954 2323 noticiam,
976 2258 1013 2312 ut
1026 2252 1229 2332 premittitur,
1243 2252 1369 2312 valeant
1387 2253 1543 2321 devenire,

308 2365 340 2419 et
359 2359 519 2420 neminem
540 2358 659 2419 lateant
680 2358 892 2419 verisimiliter
912 2358 944 2417 in
971 2360 1089 2419 eadem.
1132 2359 1279 2420 Ceterum
1302 2359 1375 2439 qnia
1396 2358 1544 2419 dominus

307 2469 415 2524 noster
441 2464 509 2524 Rex
532 2484 589 2544 pro
620 2464 801 2525 defensione
825 2463 954 2525 ecclesie
986 2464 1156 2544 Anglicane
1184 2485 1220 2525 ac
1250 2465 1339 2544 regni
1366 2465 1415 2525 sui
1440 2470 1473 2525 et
1493 2465 1540 2523 in-

308 2568 446 2628 colarum
484 2569 625 2646 ejusdem
667 2573 777 2628 contra
804 2569 940 2630 insultus
975 2574 1007 2629 et
1042 2569 1171 2629 insidias
1204 2570 1378 2641 Scotorum,
1414 2570 1467 2650 qui
1502 2570 1542 2629 ad

308 2673 501 2734 invasionem
524 2674 611 2753 regni
633 2680 665 2735 et
682 2674 781 2753 ipsius
803 2675 1044 2753 dissipacionem
1065 2675 1141 2735 totis
1159 2674 1277 2736 viribus
1293 2676 1359 2754 jam
1380 2675 1542 2747 insistunt,

308 2780 483 2860 agminibus
502 2780 621 2841 bellicis
649 2780 688 2841 ad
716 2781 776 2841 hoc
803 2780 965 2859 dispositis
992 2800 1049 2859 pro
1070 2780 1249 2860 repulsione
1277 2780 1446 2842 eorundem
1473 2800 1543 2859 pre·

307 2891 397 2966 parat
424 2906 459 2947 se
486 2886 519 2945 in
544 2887 620 2957 dies,
649 2886 737 2947 vobis
759 2886 952 2965 injungimus
977 2886 1093 2947 arctius
1118 2891 1150 2946 et
1178 2886 1364 2947 mandamus
1392 2886 1542 2966 quatinus

307 3011 364 3070 pro
386 2992 453 3070 ipso
475 2991 603 3054 domino
623 2992 709 3070 Rege
730 2997 839 3052 contra
859 2992 1005 3053 inimicos
1037 2992 1217 3071 hujusmodi
1249 2997 1281 3052 et
1312 2990 1441 3053 rebelles
1470 3012 1543 3051 cum

307 3103 428 3156 armata
443 3097 590 3175 potencia
605 3098 638 3156 in
655 3098 797 3176 proximo
810 3097 989 3177 profecturo
1005 3118 1062 3177 per
1077 3097 1229 3177 populum
1245 3098 1332 3159 vobis
1350 3098 1538 3175 subjectum,

307 3202 557 3281 processionibus
581 3204 795 3282 solempnibus
817 3203 864 3264 bis
885 3223 941 3282 per
961 3203 1177 3274 ebdomadam,
1204 3208 1316 3283 quarta
1342 3202 1487 3263 videlicet
1507 3208 1541 3263 et

307 3312 396 3369 sexta
416 3307 501 3379 feria,
531 3328 588 3387 per
614 3328 671 3369 vos
698 3308 834 3379 indictis,
856 3309 939 3388 apud
959 3308 1047 3387 pacis
1069 3313 1228 3369 auctorem
1259 3328 1368 3387 preces
1399 3308 1543 3369 assiduas

307 3412 481 3490 procuretis
518 3413 647 3483 effundi,
683 3419 719 3473 ut
753 3413 814 3474 hiis
846 3413 1057 3475 mediantibus
1088 3434 1126 3474 ex
1165 3413 1271 3474 divina
1304 3414 1543 3493 dispensacione
1658 3458 1661 3465 .

307 3517 394 3595 pacis
415 3517 625 3597 tranquillitas
646 3518 800 3589 obveniat,
828 3524 861 3579 et
882 3518 1008 3580 domino
1033 3524 1141 3580 nostro
1162 3518 1240 3598 Regi
1268 3523 1378 3579 contra
1398 3518 1543 3581 inimicos

308 3623 488 3702 hujusmodi
510 3624 689 3704 triumphus
710 3625 856 3686 accedere
877 3625 980 3686 valeat
1001 3625 1163 3705 gloriosus.
1206 3626 1255 3686 De
1274 3626 1325 3685 die
1346 3646 1420 3687 vero
1437 3646 1541 3705 recep-

307 3732 407 3792 cionis
437 3734 635 3811 presencium
657 3732 785 3812 etquid
813 3732 846 3791 in
877 3732 1049 3812 premissis,
1082 3737 1151 3803 etc,
1184 3732 1262 3791 citra
1292 3730 1408 3791 festum
1440 3731 1542 3792 sancti

307 3836 417 3898 Jacobi
442 3836 583 3917 Apostoli
608 3838 756 3898 distincte
787 3843 819 3898 et
847 3843 954 3917 aperte
986 3837 1102 3898 curetis
1129 3836 1258 3897 reddere
1290 3836 1450 3908 cerciores,
1481 3841 1542 3897 eto.

308 3944 427 4004 Datum
449 3944 532 4023 apud
553 3944 738 4014 lambetha,
761 3942 871 4004 Idibus
892 3942 989 4013 Junii,
1010 3962 1094 4003 anno
1115 3941 1245 4002 Domini
1266 3940 1432 4001 millesimo
1452 3940 1543 4002 000⁰

308 4048 457 4110 vicesimo
481 4048 628 4110 secundo.

310 4304 390 4365 Jcrrc
411 4302 567 4363 aa-rho
589 4302 707 4383 Bishop
728 4302 936 4363 coramiasibas
959 4301 1101 4362 Ricburd
1123 4301 1159 4362 de
1187 4300 1313 4371 Voraoa,
1337 4300 1386 4361 ite
1411 4300 1540 4379 Officicl,

430 4384 494 4444 aad
519 4383 649 4444 Thomas
674 4384 710 4443 dc
734 4383 921 4461 Pombridpo,
948 4383 997 4443 tho
1023 4383 1196 4453 Troosuror,
1221 4389 1249 4442 to
1273 4389 1322 4441 act
1341 4382 1396 4461 for
1419 4381 1484 4441 him
1506 4382 1542 4441 in

430 4465 655 4544 oppoiatmoats
679 4472 707 4525 to
732 4464 891 4543 Bomficcs.

390 4635 571 4696 Oorrmssro
584 4653 627 4695 an
642 4634 863 4695 Oosrnaarna
879 4632 1216 4703 sannarum—Adam,
1231 4636 1300 4702 etc,
1315 4630 1545 4693 venerabilibus

309 4742 392 4812 viris,
414 4742 487 4803 filiis
517 4741 550 4800 in
573 4741 699 4802 Christo
720 4740 851 4813 dilectis,
873 4740 1023 4820 magistro
1048 4738 1182 4798 Ricardo
1211 4736 1250 4797 de
1278 4736 1437 4806 Vernoun,
1464 4736 1544 4814 juris

309 4843 451 4906 canonici
471 4844 649 4924 professori,
670 4844 821 4905 canonico
853 4849 960 4904 nostre
982 4839 1223 4903 Herefordensis
1247 4839 1385 4911 ecclesie,
1410 4840 1544 4901 Officiali

310 4956 427 5023 nostro,
468 4956 501 5013 et
541 4951 669 5012 domino
689 4952 809 5013 'l'home
844 4952 883 5011 de
917 4948 1128 5027 Penebrugge,
1160 4944 1366 5007 Thesaurario
1401 4945 1544 5025 ejusdem

309 5056 449 5129 ecclesie,
470 5056 615 5130 salutem,
636 5061 695 5118 etc.
737 5054 786 5116 Ad
806 5055 1030 5117 conferendum
1060 5051 1203 5134 personis
1231 5050 1361 5131 ydoneis
1393 5051 1545 5115 beneficia
