3850 5917
693 700 844 780 Episcopi
871 700 1115 781 Heresorderuis.
1462 701 1521 760 293

78 931 154 971 2⁰·
177 932 240 971 ¹³²⁴·
282 925 344 1005 ipsi
364 926 402 987 R.
424 926 507 986 inira
527 946 546 985 x
567 925 635 987 dies
657 946 676 985 a
698 931 840 1005 tempore
865 924 1052 987 municionis
1075 930 1130 985 tue
1151 922 1333 1003 hujusmodi
1354 943 1521 984 numeran-

279 1031 337 1093 dos
357 1031 537 1103 restituant,
558 1051 615 1092 seu
635 1051 693 1111 pro
714 1031 833 1093 eisdam
861 1028 1059 1091 satisfaciant
1091 1035 1316 1109 competenter.
1373 1029 1521 1109 Alioquin

280 1142 397 1199 extunc
433 1136 651 1198 malefactores
688 1136 870 1216 hujusmodi
897 1136 931 1195 in
969 1154 1083 1215 genere
1121 1155 1211 1196 cures
1251 1134 1522 1197 excommunicare

281 1243 441 1314 canonice,
466 1248 499 1303 et
522 1242 568 1303 sic
589 1240 877 1303 excommunicatos
898 1260 972 1300 cum
994 1240 1229 1320 sollempnitate
1253 1239 1367 1311 debita,
1390 1239 1468 1301 locis
1489 1244 1522 1299 et

281 1349 476 1429 temporibus
504 1349 545 1410 ad
572 1348 633 1409 hoc
670 1347 763 1427 aptis,
789 1346 914 1426 publice
942 1346 1102 1415 nunciare,
1131 1344 1308 1406 certificans
1337 1363 1396 1406 nos
1427 1364 1523 1424 super

281 1454 344 1515 hiis
365 1473 438 1514 cum
468 1473 525 1533 per
553 1458 676 1533 partem
704 1452 780 1512 dicti
809 1451 1002 1531 querelantis
1037 1450 1134 1511 fueris
1170 1469 1306 1529 congrue
1340 1450 1522 1530 requisitus,
1558 1516 1559 1519 ,

281 1558 481 1639 presencium
503 1578 575 1618 cum
596 1562 714 1618 tenore.
756 1556 879 1617 Valeas.
923 1556 1053 1625 Datum,
1075 1560 1134 1616 etc.

283 1826 378 1887 Form
397 1826 433 1904 os
449 1824 663 1904 dispensatiore
686 1826 741 1904 sor
774 1845 829 1885 orn
856 1823 923 1884 roho
946 1823 1008 1883 had
1032 1824 1166 1884 received
1196 1823 1278 1903 Holy
1303 1824 1413 1884 Orders
1437 1826 1523 1903 from

405 1906 532 1967 another
553 1904 672 1985 Birhop
691 1905 822 1966 without
857 1905 967 1965 ticenae
994 1906 1080 1984 from
1111 1904 1160 1965 bis
1195 1924 1263 1965 own
1288 1904 1439 1977 dioceson,
1470 1905 1523 1965 bnt

405 1986 563 2048 otherwise
589 1986 793 2064 canonically.

365 2167 584 2226 Drsrnnsacm
604 2182 708 2225 sunna
724 2182 902 2225 oannuaus
920 2181 1093 2225 sasonrms
1115 2181 1155 2223 ΑΒ
1176 2181 1295 2223 samso
1310 2164 1523 2224 limacem.-

283 2272 461 2352 Episcopus
482 2270 597 2331 dilecto
618 2270 650 2329 in
672 2270 799 2331 (lhristo
815 2270 880 2331 filio
900 2269 930 2330 J.
946 2271 985 2331 de
1007 2271 1067 2342 W,
1084 2275 1191 2331 nostre
1213 2270 1356 2342 diocesis,
1379 2271 1524 2341 salutem,

283 2384 343 2438 etc.
385 2377 505 2437 Peticio
530 2382 586 2437 tua
609 2375 700 2437 nobis
724 2375 864 2436 exhibita
885 2375 1068 2436 continebat
1088 2376 1181 2456 quod,
1204 2396 1276 2437 cum
1298 2382 1334 2436 tu
1355 2377 1394 2438 de
1415 2382 1524 2439 nostra

284 2483 328 2543 sis
349 2482 465 2543 diocesi
489 2482 651 2551 oriundus,
676 2500 734 2541 nec
759 2480 832 2541 alibi
858 2480 1046 2541 beneficium
1070 2481 1318 2543 ecclesiasticum
1343 2501 1401 2542 seu
1422 2482 1520 2544 domi-

284 2589 390 2649 cilium
415 2588 582 2658 obtineres,
608 2587 639 2646 in
665 2587 768 2647 aliena
792 2586 908 2647 diocesi
933 2586 967 2645 in
992 2607 1062 2665 qua,
1086 2592 1122 2647 ut
1147 2587 1270 2657 asseris,
1296 2586 1440 2667 oblogisti
1465 2587 1523 2648 tibi

283 2700 468 2775 perpetuam
497 2692 693 2754 mansionem
722 2713 740 2752 a
767 2691 827 2751 loci
852 2691 1021 2753 diocesano
1048 2692 1302 2763 subdiaconatus,
1328 2691 1523 2766 diaconatus,

283 2806 317 2861 et
336 2798 562 2880 presbiteratus
584 2797 709 2858 ordines
737 2817 794 2877 per
820 2798 899 2875 juris
927 2797 1141 2877 ignoranciam
1163 2798 1231 2858 sine
1254 2803 1362 2858 nostra
1383 2797 1523 2869 licencia,

284 2906 361 2967 alias
389 2911 496 2965 tamen
523 2904 672 2965 canonice
700 2902 878 2982 suscepisti,
906 2907 939 2964 et
967 2903 1000 2962 in
1025 2903 1071 2965 sic
1099 2904 1256 2981 susceptis
1279 2902 1440 2964 ordinibus
1464 2923 1521 2983 per

284 3012 388 3091 aliqua
415 3016 559 3089 tempora
586 3008 792 3079 ministrasti;
825 3027 920 3087 super
950 3028 1014 3087 quo
1045 3007 1102 3068 tibi
1131 3007 1169 3068 de
1202 3012 1358 3087 oportuno
1386 3008 1524 3070 remedio

283 3115 439 3196 provideri
459 3114 621 3174 humiliter
639 3112 817 3193 postulasti.
873 3112 941 3173 Nos
960 3112 1057 3192 igitur
1080 3113 1120 3173 ob
1151 3113 1262 3173 merita
1285 3118 1339 3173 tue
1360 3114 1424 3174 vite
1451 3133 1521 3192 pro-

283 3220 395 3282 babilis
428 3219 492 3281 tuis
526 3219 671 3299 precibus
709 3218 861 3289 inclinati,
896 3219 981 3298 quod
1016 3219 1098 3279 circa
1126 3218 1330 3280 collacionem
1365 3220 1521 3280 dictorum

282 3328 428 3389 ordinum
448 3326 568 3387 iactum
596 3330 645 3386 est
673 3324 893 3404 approbantes,
918 3328 954 3383 ut
979 3324 1142 3403 premissis
1164 3344 1229 3385 non
1263 3324 1462 3386 obstantibus
1491 3324 1524 3385 in

283 3434 402 3496 eisdem
436 3434 475 3495 de
509 3438 614 3494 cetero
655 3431 741 3492 licite
778 3430 883 3491 valeas
917 3430 1098 3491 ministrare
1127 3429 1315 3491 auctoritate
1348 3430 1521 3509 pontificali

283 3548 388 3600 tecum
416 3538 660 3601 misericorditer
680 3537 909 3616 dispensamus.
953 3534 993 3594 In
1019 3537 1119 3613 cujus,
1144 3540 1204 3597 etc.

281 3807 353 3869 Feb.
388 3804 636 3867 25.—0ordinol
671 3804 832 3875 Goncclin,
863 3802 990 3881 nritinp
1018 3822 1052 3863 os
1079 3801 1128 3863 the
1155 3802 1264 3881 Pope's
1295 3801 1520 3880 Ponitentiary,

402 3894 509 3966 prante
543 3906 565 3945 o
598 3884 812 3965 dispensatiore
847 3891 876 3945 to
912 3883 1009 3961 anh
1043 3882 1079 3943 dc
1109 3884 1242 3953 Barcae,
1280 3882 1346 3943 who
1375 3883 1430 3963 sor
1458 3884 1521 3961 five

402 3988 490 4047 years
527 3966 589 4026 laad
616 3965 754 4044 illcqally
777 3964 846 4025 held
868 3965 916 4025 rto
940 3963 1064 4025 Charclr
1085 3965 1120 4043 ⁰s
1137 3964 1234 4025 Astoa
1256 3964 1407 4041 laphanai

364 4150 583 4209 Drsransrcro
612 4164 718 4207 suana
739 4162 973 4205 mnammrara
995 4162 1151 4204 nae1sra1
1173 4144 1216 4203 H.
1247 4161 1291 4203 nn
1324 4144 1523 4204 Barnun.—

281 4255 493 4325 Gaucallinus,
515 4252 721 4313 miseracione
742 4252 849 4312 divina
871 4250 956 4311 tituli
978 4256 1159 4311 sanctorum
1183 4249 1359 4310 Marcellini
1381 4255 1413 4310 et
1434 4249 1519 4311 Petri

281 4361 435 4443 presbiter
472 4358 648 4430 cardinalis,
677 4358 823 4437 religioso
853 4358 929 4430 viro,
965 4356 1054 4417 fratri
1093 4355 1231 4416 Johanni
1262 4355 1301 4416 de
1343 4354 1520 4426 Wrotham,

283 4466 402 4528 domini
423 4466 510 4545 Papa
529 4463 765 4544 penitenciario,
787 4464 923 4524 salutem
951 4462 983 4522 in
1005 4461 1153 4523 Domino.
1198 4460 1279 4535 Quia
1307 4460 1398 4522 nobis
1427 4462 1523 4539 Hugo

282 4573 322 4634 de
342 4572 482 4642 Barcwe,
511 4570 642 4631 clericus
667 4569 910 4631 Hereiordensis
937 4568 1081 4639 diocesis,
1111 4568 1193 4627 lator
1213 4568 1421 4646 presencium,
1442 4568 1522 4646 peti·

282 4677 372 4738 cione
410 4674 598 4736 monstravit
628 4674 713 4754 quod
744 4674 812 4754 ipse
843 4673 928 4744 olim,
965 4672 998 4732 in
1033 4672 1122 4751 xviij⁰
1152 4671 1247 4731 etatis
1279 4690 1335 4733 sue
1363 4691 1446 4733 anno
1474 4674 1523 4732 vel

283 4784 406 4845 circiter
436 4783 584 4854 existens,
613 4782 778 4843 ecclesiam
806 4780 1017 4861 parochialem
1047 4779 1086 4840 de
1118 4779 1237 4840 Astone
1273 4778 1404 4858 Ingayn,
1441 4779 1524 4840 dicte

283 4889 425 4960 diocesis,
460 4888 554 4949 titulo
585 4887 799 4949 institucionis
834 4892 866 4948 et
897 4886 975 4947 alias
1007 4884 1158 4945 canonice
1192 4883 1253 4943 ruit
1281 4889 1455 4955 assecutus,
1491 4892 1524 4945 et

282 4995 365 5056 inira
385 5015 502 5055 annum
525 4994 820 5055 adsubdiaconatus
834 4992 976 5054 ordinem
993 4994 1167 5071 promotus,
1186 5010 1223 5050 ac
1243 4990 1341 5049 eciam
1360 4989 1523 5050 licenciam

822 5129 904 5170 l-See
917 5140 939 5175 o.
951 5129 985 5169 ³1.
