3850 5917
398 665 436 724 74
772 664 951 742 Rapistrnnn
978 666 1044 725 Ade
1071 665 1108 724 de
1138 665 1262 725 Orleton

224 895 280 936 M)-
296 897 351 936 ¹³¹⁸·
395 889 498 963 Quare
518 890 608 952 vobis
632 890 812 952 inhibemus
835 893 890 970 [et]
920 911 1055 972 perros
1079 891 1227 953 omnibus
1247 896 1280 952 et
1301 891 1433 973 singulis
1447 892 1562 973 quibus
1580 893 1633 973 jus

394 995 489 1074 exigit
511 995 644 1057 inhiberi
679 997 834 1068 volumus,
872 1002 905 1058 et
939 998 1127 1058 mandamus
1158 1017 1198 1058 ne
1222 998 1380 1076 pendente
1404 1018 1511 1059 coram
1541 999 1635 1060 nobis

393 1101 576 1179 hujusmodi
596 1102 820 1182 appellacionis
841 1123 936 1164 causa
955 1103 1125 1184 quicquam
1144 1103 1179 1163 in
1197 1103 1406 1183 prejudicium
1430 1105 1514 1166 dicte
1533 1106 1635 1185 partis

394 1205 617 1284 appellaoionis
639 1227 733 1268 causa
753 1207 824 1286 [vel]
845 1208 1009 1270 occasione
1028 1209 1226 1288 attemptatis
1240 1215 1273 1270 et
1290 1213 1491 1289 attemptant,
1508 1210 1634 1271 faciatis

394 1329 450 1370 seu
471 1309 589 1370 faciant
610 1311 786 1390 aliqualiter
806 1313 999 1391 attemptari,
1020 1311 1190 1392 quominus
1210 1311 1341 1373 liberam
1362 1313 1478 1374 habeat
1496 1314 1634 1393 appella-

394 1415 493 1477 cionis
522 1436 577 1478 sue
608 1417 874 1496 prosecucionem,
903 1423 997 1497 prout
1024 1419 1145 1497 justum
1170 1417 1273 1490 inerit,
1300 1419 1467 1480 antedicta.
1518 1420 1632 1482 (litatis

393 1521 493 1583 eciam
519 1541 575 1583 seu
596 1522 685 1583 citari
705 1522 827 1584 faciatis
849 1522 1059 1603 peremptorie
1079 1523 1237 1602 prefatum
1258 1524 1423 1585 dominum
1443 1525 1634 1597 Johannem,

393 1633 516 1708 partem
536 1628 568 1687 in
588 1628 647 1688 hac
666 1634 756 1708 parte
776 1629 980 1709 preveniente
1004 1629 1204 1709 appellatam,
1222 1631 1307 1710 quod
1328 1637 1509 1711 compareat
1527 1652 1636 1692 coram

394 1734 484 1796 nobis
505 1733 567 1796 rel·
585 1735 801 1796 commissario
832 1741 941 1798 nostro
970 1737 1004 1794 in
1030 1736 1163 1796 ecclesia
1186 1743 1295 1797 nostra
1326 1736 1507 1798 cathedrali
1532 1738 1633 1799 Here-

393 1841 531 1902 fordensi
566 1841 616 1902 die
655 1841 745 1903 Lune
783 1843 926 1921 proxima
959 1848 1034 1904 ante
1070 1842 1187 1904 festum
1225 1843 1328 1903 sancti
1368 1843 1555 1914 Ethelberti‚
1596 1844 1629 1902 in

394 1947 575 2025 hujusmodi
596 1947 819 2028 appellaoionis
835 1968 931 2010 causa
948 1969 1162 2029 processurus,
1183 1948 1381 2020 factumest
1399 1955 1584 2028 recepturus
1600 1951 1635 2010 in

394 2055 504 2115 eadem
522 2055 606 2134 quod
626 2055 753 2134 justicia
775 2055 927 2116 suadebit.
970 2057 1020 2117 De
1040 2056 1091 2116 die
1112 2075 1186 2116 vero
1209 2055 1402 2134 recepcionis
1420 2057 1631 2135 presencium,

394 2163 426 2218 et
451 2157 526 2237 qnid
550 2157 687 2218 feceritis
708 2159 741 2217 in
762 2158 934 2238 premissis,
956 2163 1016 2220 etc.
1059 2159 1179 2218 Datum
1203 2158 1288 2238 apud
1308 2158 1505 2231 Bodenham,
1529 2159 1633 2220 Nonis

395 2262 482 2334 Maii,
511 2282 595 2323 anno
619 2263 748 2324 Domini
778 2262 917 2324 M⁰OOO⁰
937 2269 1049 2324 octavo
1076 2263 1208 2334 decimo,
1235 2270 1295 2324 etc.

395 2505 471 2583 May
497 2505 652 2566 10.-The
680 2505 807 2584 Bishop,
838 2505 872 2564 in
901 2505 949 2566 tlte
978 2506 1102 2566 absence
1126 2507 1162 2584 os
1187 2505 1235 2565 nn
1266 2504 1394 2582 Offieinl,
1423 2507 1634 2568 commissione

518 2586 660 2646 Richnrd
687 2587 724 2646 de
753 2587 928 2656 Siderehek,
957 2586 1069 2646 Rector
1092 2587 1128 2665 os
1152 2587 1240 2666 Hope
1268 2587 1398 2658 Mensel,
1429 2594 1458 2647 to
1482 2597 1637 2666 represent

520 2667 584 2726 ln'rn
612 2668 647 2726 r'n
676 2667 725 2728 tlte
752 2667 929 2744 Cornistory
960 2669 1063 2728 Conrt.

478 2825 660 2886 Couurssro
693 2841 794 2884 urens
837 2841 999 2884 nicrsnno
1034 2823 1072 2884 R.
1115 2841 1160 2881 nn
1197 2823 1633 2902 siceranes-Episcopus,

395 2936 468 3004 eta,
491 2930 626 2990 discreto
646 2931 722 3001 viro,
749 2937 821 3002 etc,
845 2929 998 3007 magistro
1020 2929 1058 2990 R.
1082 2928 1121 2988 de
1144 2927 1324 3001 Sidenhale,
1351 2929 1478 2989 Rectori
1500 2929 1633 2988 ecclesie

396 3037 435 3097 de
461 3035 697 3114 Hopemaloisel
716 3093 719 3100 ,
739 3044 846 3095 nostre
877 3033 1022 3104 diocesis,
1058 3035 1204 3103 salutern¹
1241 3041 1302 3094 etc.
1360 3033 1408 3093 Ad
1439 3033 1633 3094 audiendum

395 3147 426 3201 et
446 3141 509 3201 fine
529 3141 633 3202 debito
654 3138 889 3200 terminandum
911 3144 1071 3199 causaest
1095 3138 1227 3217 negocia
1247 3139 1280 3197 in
1303 3139 1498 3198 consistoriis
1517 3138 1635 3199 nostris

398 3254 485 3307 mota
509 3259 541 3307 et
571 3245 725 3306 movenda
747 3265 869 3305 necnon
894 3244 934 3304 ad
959 3243 1192 3324 inquirendum,
1222 3251 1293 3314 etc„
1316 3244 1349 3302 in
1365 3242 1464 3303 nostri
1485 3242 1629 3303 officialis

395 3353 543 3413 absencia
584 3353 674 3413 vobis
706 3353 937 3412 committimus
972 3352 1057 3412 vices
1092 3357 1229 3421 nostres,
1272 3361 1333 3409 etc.
1388 3349 1509 3409 Datum
1545 3347 1630 3427 apud

395 3459 570 3538 Bosebury,
600 3469 632 3519 x⁰
660 3459 710 3518 die
732 3459 851 3519 mensis
878 3457 965 3528 Maii,
989 3477 1073 3518 auno
1094 3456 1224 3516 Domini
1247 3454 1483 3535 Muocnvnjr.

395 3701 472 3779 May
511 3701 666 3760 ns-Tln
707 3701 825 3779 Bishop
862 3701 1003 3778 confirnes
1043 3700 1092 3759 the
1129 3699 1309 3760 ordination
1345 3699 1380 3777 of
1419 3698 1560 3758 Willinrn
1597 3699 1636 3759 dc

520 3781 673 3850 Stoelrton,
698 3781 765 3842 roho
791 3782 846 3841 hes
875 3781 943 3842 been
969 3781 1118 3840 ordnined
1139 3781 1253 3841 decenn
1274 3781 1311 3839 e'n
1336 3780 1476 3850 Lorrdon,
1504 3780 1636 3839 without

520 3863 619 3922 letters
643 3861 809 3940 dimissory
828 3863 913 3942 srorn
939 3861 988 3922 the
1016 3861 1144 3940 Bishop.

480 4019 683 4078 Arrnonacro
703 4034 854 4078 namnum
870 4017 1049 4077 Wrnnnnur
1070 4035 1114 4076 nn
1138 4017 1634 4087 Sronroun,n1sconr.-Adam,

396 4137 467 4194 eta,
500 4125 615 4183 dilecto
647 4123 806 4184 Willelrno
841 4125 879 4184 ds
917 4125 1081 4195 Stolrtons,
1118 4124 1261 4194 diacono,
1298 4123 1338 4183 de
1373 4134 1482 4183 nostra
1516 4123 1635 4184 diocesi

396 4231 538 4302 oriundo,
568 4231 714 4301 salutern,
731 4243 790 4290 eto.
834 4229 953 4290 Peticio
974 4239 1031 4289 tua
1052 4229 1143 4288 nobis
1171 4227 1313 4288 exhibita
1340 4228 1522 4288 continebat
1550 4227 1635 4308 quod

396 4357 467 4396 oum
501 4347 537 4395 tu
564 4335 605 4395 ad
642 4335 771 4395 titulum
799 4335 914 4396 vicarie
951 4342 1005 4396 tus
1038 4355 1134 4414 quarn
1169 4334 1202 4394 in
1229 4334 1363 4395 ecclesia
1400 4335 1502 4394 sancti
1541 4334 1635 4394 Pauli

395 4441 560 4522 optinebas
587 4451 619 4502 et
641 4441 765 4525 optines
786 4441 818 4500 in
840 4441 979 4520 presenti
1001 4461 1020 4501 a
1043 4441 1124 4502 bone
1147 4440 1296 4499 memorie
1324 4439 1453 4501 domiuo
1482 4439 1629 4510 Radulio,

396 4551 556 4630 quondam
585 4549 799 4609 Londoniensi
827 4549 996 4627 Episcopo,
1020 4547 1060 4607 ad
1089 4548 1227 4607 minores
1250 4547 1387 4618 ordines,
1409 4554 1441 4607 et
1463 4566 1482 4606 a
1504 4566 1633 4607 venera·

396 4657 452 4716 bili
472 4669 573 4736 patre,
599 4655 727 4715 domino
751 4654 899 4725 Waltero,
929 4654 990 4714 Dei
1019 4653 1124 4733 gracia
1153 4673 1237 4712 nunc
1266 4651 1486 4712 cantuariensi
1523 4652 1632 4712 Archi·

394 4763 551 4841 episcopo,
571 4763 669 4821 totius
693 4760 802 4838 Anglie
825 4760 976 4830 Primate,
1000 4765 1076 4819 tunc
1099 4764 1204 4818 autem
1225 4757 1384 4835 Episcopo
1406 4755 1629 4834 Wigoruiensi,

395 4869 428 4930 in
459 4869 591 4929 ecclesia
620 4867 723 4928 sancti
754 4867 844 4926 Pauli
873 4865 1025 4944 predicta,
1055 4883 1093 4924 ex
1129 4861 1261 4922 licencia
1288 4861 1431 4940 ejusdem
1469 4861 1630 4942 quondam

396 4973 627 5034 Londoniensis
655 4971 814 5051 Episcopi,
837 4971 964 5030 ordines
991 4967 1180 5039 celebrante,
1203 4965 1244 5027 ad
1268 4966 1411 5025 ordinem
1432 4966 1630 5039 subdiaconi,

395 5088 427 5142 et
456 5079 587 5159 abipso
614 5077 741 5138 domiuo
773 5075 988 5136 [londoniensi
1017 5075 1176 5153 Episcopo
1206 5073 1246 5134 ad
1270 5073 1414 5134 ordinem
1446 5072 1572 5132 diaconi
1598 5083 1630 5134 te
