3850 5917
682 692 832 771 Episcopi
859 692 1103 772 Herefordensia.
1470 695 1509 755 77

124 923 170 961 i-D·
183 923 231 962 ¹³¹⁸·
272 915 425 994 oppressi,
448 916 481 975 in
503 923 605 976 vestre
626 917 806 976 sanctitatis
828 918 915 976 curia
935 915 1131 996 aliquamdiu
1153 916 1351 985 ventilatum,
1373 917 1511 995 receptis

271 1023 388 1083 nostris
408 1023 523 1083 litteris
547 1022 781 1102 deprecatoriis,
811 1023 927 1083 resumi
955 1022 1086 1093 fecistis,
1119 1031 1264 1083 nostrum
1301 1023 1441 1083 animum
1477 1022 1511 1082 in

269 1128 419 1205 gaudium
435 1128 637 1188 vehementer
651 1127 812 1198 exaltavit,
824 1128 864 1188 dc
878 1147 940 1208 quo
955 1138 1059 1189 vestre
1076 1129 1261 1189 beatitudini
1277 1128 1318 1189 ad
1332 1129 1509 1208 graciarum

270 1233 416 1294 acciones
447 1233 638 1311 multiplices
669 1247 882 1312 assurgentes,
916 1234 1078 1295 humiliter
1110 1236 1323 1313 supplicamus
1355 1235 1507 1314 quatinus

270 1338 435 1416 negocium
467 1338 642 1418 predictum
673 1341 788 1400 nostris
818 1340 965 1418 precibus
989 1341 1161 1419 dignemini
1194 1347 1362 1408 maturare,
1384 1346 1416 1400 et
1443 1347 1511 1398 tarn

270 1447 445 1522 preciosam
481 1445 642 1505 lucernam
671 1445 775 1505 modio
807 1445 911 1506 adhuc
943 1448 1140 1525 suppositam
1179 1465 1274 1524 super
1308 1445 1437 1524 dignum
1478 1453 1511 1506 ct

270 1548 412 1609 debitum
433 1550 657 1611 candelabrum
679 1559 714 1610 ut
737 1551 917 1628 hujusmodi
946 1552 1170 1630 appetentibus
1200 1553 1300 1630 magis
1322 1552 1436 1619 luceat,
1470 1551 1511 1611 ad

271 1657 368 1714 nostri
391 1661 423 1716 et
451 1656 549 1715 totius
577 1655 663 1732 regni
695 1657 794 1716 nostri
827 1657 978 1718 honorem
1010 1668 1041 1718 et
1075 1658 1257 1729 utilitatem,
1290 1662 1322 1716 et
1356 1657 1508 1718 ortodoxe

271 1763 342 1823 fidei
379 1763 673 1840 augmentacionem
708 1773 739 1823 et
775 1764 1071 1835 consolidacionem,
1108 1775 1144 1824 ut
1186 1783 1359 1841 speramus,
1398 1763 1507 1822 divino

271 1868 398 1928 favente
415 1868 550 1946 presidio
571 1869 724 1928 collocare
745 1877 1028 1948 procuratoresque
1041 1869 1184 1947 ejusdem
1206 1869 1327 1946 negocii
1349 1869 1382 1927 in
1403 1887 1509 1946 prose·

271 1976 401 2036 cucione
415 1995 452 2035 ac
467 1975 669 2053 expedicione
683 1975 766 2035 felici
780 1977 807 2053 ej
813 1976 922 2037 nedem
937 1976 1052 2036 habere
1067 1975 1246 2053 specialiter
1260 1975 1510 2035 commendatos.

273 2080 444 2140 Conservet
468 2087 527 2140 etc.
596 2081 715 2140 Datum
747 2079 832 2158 apud
862 2080 1191 2151 westmonasterium,
1225 2091 1299 2140 xxx⁰
1335 2081 1385 2140 dic
1420 2079 1508 2148 Maii,

273 2205 356 2246 anno
379 2186 465 2264 regni
488 2186 588 2245 nostri
609 2185 787 2246 undecimo.

273 2418 347 2495 May
373 2417 570 2477 30.-Laller
593 2417 628 2494 of
649 2415 697 2475 tho
722 2415 806 2491 Kinp
832 2423 861 2474 to
889 2414 1042 2474 Gordiani
1065 2415 1102 2474 de
1126 2415 1225 2483 Tecto,
1249 2415 1360 2492 arpinq
1387 2413 1452 2473 tim
1478 2422 1507 2473 lo

394 2517 447 2638 {ge
455 2497 674 2656 ggzzfflgm
688 2496 765 2556 roilli
780 2495 829 2556 rte
850 2497 931 2574 Pope
939 2496 994 2575 sor
1009 2495 1058 2556 the
1082 2495 1307 2555 Ganonizalt'cn
1320 2496 1356 2574 os
1376 2494 1506 2554 Thomas·

354 2735 442 2794 Irau
464 2734 535 2793 Rex
567 2751 710 2793 sonarem
734 2733 915 2793 Gaanrunar
937 2749 980 2790 na
1011 2731 1118 2791 Tnsrs
1139 2749 1200 2792 rao
1232 2748 1346 2790 noenu
1366 2747 1508 2791 uncooro

275 2859 307 2900 ru
329 2859 395 2901 nac
416 2838 755 2900 vassa—Venerabili
777 2840 808 2897 iu
831 2838 957 2899 Christo
981 2836 1074 2915 patri,
1096 2837 1225 2896 dominc
1246 2837 1297 2908 G,
1323 2836 1382 2896 Dei
1403 2836 1509 2914 gracia

274 2947 358 3007 tituli
394 2947 495 3006 sancti
524 2943 637 3004 Giriaci
665 2944 697 3004 in
730 2945 850 3003 Termis
886 2943 1070 3022 presbytero
1109 2943 1272 3014 cardinali,
1308 2943 1411 3002 amico
1447 2961 1506 3007 suc

273 3051 449 3120 karissimo,
483 3050 549 3110 Rex
587 3049 721 3108 salutem
757 3055 788 3109 et
826 3049 946 3108 sincere
988 3048 1169 3109 dileccionis
1202 3047 1361 3108 affectum.
1419 3047 1505 3108 Dato

273 3157 361 3218 nobis
381 3155 513 3234 intelligi
535 3175 573 3214 ex
597 3156 778 3215 testimonio
800 3155 955 3233 fidedignc
975 3154 1059 3234 quod
1074 3155 1237 3232 negocium
1257 3153 1510 3214 canonizacionis

274 3263 450 3322 desiderate
468 3261 696 3339 preciosissima
711 3261 889 3339 margarite.
910 3260 995 3320 beati
1015 3261 1135 3320 Thoms
1154 3259 1193 3318 de
1213 3259 1392 3336 Cantilupo,
1409 3274 1510 3336 nuper

273 3368 425 3428 antistitis
458 3365 709 3436 Heraiordensis,
739 3377 823 3426 terra
844 3367 996 3444 oppressi,
1028 3364 1060 3423 in
1093 3370 1205 3424 sancta
1243 3363 1387 3423 Romana
1422 3363 1511 3422 curia

273 3473 467 3554 aliquamdiu
489 3473 686 3542 ventilatum,
710 3473 843 3550 receptis
865 3472 983 3531 nostris
1007 3470 1120 3530 litteris
1139 3468 1373 3548 deprecatoriis,
1394 3468 1511 3528 resumi

273 3579 476 3659 procurastis,
503 3584 608 3638 noster
630 3579 754 3637 animus
778 3579 811 3637 in
837 3577 986 3655 gaudium
1008 3577 1211 3636 vehementer
1232 3574 1443 3644 exaltabatur,
1472 3573 1512 3632 dc

273 3705 332 3764 quo
347 3685 437 3744 vobis
451 3691 555 3762 grates
576 3683 745 3744 relerentes
765 3683 916 3762 speciales
936 3682 1163 3761 paternitatem
1180 3686 1315 3740 vestram
1331 3679 1511 3739 affectuosis

274 3790 418 3868 precibus
444 3808 589 3867 rogamus
610 3789 770 3868 quatinus,
794 3794 828 3847 ut
850 3787 970 3847 dictum
1003 3789 1168 3865 negocium
1188 3785 1331 3846 debitum
1363 3794 1395 3844 et
1429 3783 1511 3844 desi-

274 3897 419 3958 deratum
441 3895 596 3954 sorciatur
627 3895 772 3954 effectum
805 3913 878 3972 erga
908 3894 1144 3953 sanctissimum
1173 3891 1206 3951 in
1235 3891 1360 3952 Christo
1382 3897 1510 3969 patrem

274 4001 435 4061 dominum
457 4019 617 4061 summum
638 4001 833 4072 Pontificem,
859 3999 909 4059 oui
934 4019 991 4078 pro
1014 3998 1230 4058 maturaoicne
1254 4003 1286 4056 et
1305 3995 1508 4075 expedicione

275 4107 354 4168 lelici
369 4106 514 4184 ejusdem
534 4105 709 4177 scribimus,
727 4105 831 4166 velitis
846 4105 1014 4166 efficaciter
1031 4106 1230 4182 interponere
1244 4109 1350 4182 partes
1369 4110 1492 4162 vestras
1502 4123 1510 4174 ;

275 4213 318 4273 ita
345 4212 430 4292 quod
458 4211 546 4271 vobis
571 4211 684 4272 exinde
715 4212 828 4272 merito
853 4217 1019 4272 teneamur
1051 4210 1090 4270 ad
1119 4210 1296 4288 graciarum
1318 4208 1509 4287 multiplices

277 4321 429 4379 acciones.
474 4318 595 4378 Datum
623 4327 787 4396 utsupra.

278 4547 351 4624 Jaly
376 4547 533 4607 ast-Tm
558 4545 675 4626 Birhop
700 4547 843 4626 appoints
869 4546 972 4606 Adam
998 4544 1202 4614 Murimontt,
1230 4543 1361 4603 Aruirew
1387 4543 1511 4622 Sopity,

397 4627 460 4687 ond
482 4627 582 4704 Roqer
595 4627 631 4688 de
653 4629 810 4698 Broiaton,
833 4635 862 4688 ic
884 4627 916 4687 ba
939 4626 988 4686 bic
1010 4627 1152 4686 Proctors
1167 4632 1200 4684 ot
1222 4625 1271 4684 the
1292 4623 1395 4702 Papal
1417 4624 1512 4683 Ocuri

391 4709 446 4788 sor
467 4709 616 4786 receiving
637 4729 757 4786 nwrteys
778 4709 837 4768 dcte
858 4716 887 4768 to
910 4708 984 4777 him,
1006 4708 1069 4767 aad
1090 4705 1290 4783 dischorqinq
1312 4704 1360 4765 his
1381 4704 1476 4764 debis.

358 4877 638 4937 Paoounaroamu
669 4893 787 4936 nourru
817 4893 851 4936 1u
884 4876 988 4936 (luam
1020 4870 1382 4935 Rouana-Universis
1407 4875 1515 4948 pateat

278 4999 333 5059 per
362 4991 528 5060 presentes
563 4981 648 5061 quod
675 5002 734 5042 nos
769 4981 879 5052 Adam,
916 4989 989 5051 etc,
1032 4980 1185 5040 discretos
1229 4976 1312 5037 viros
1348 4975 1517 5053 magistros

280 5087 379 5148 Adam
408 5086 606 5166 Murymutb,
639 5089 827 5148 canonicum
853 5086 1119 5147 Hereiordensem
1147 5104 1184 5145 ae
1219 5083 1298 5163 juris
1321 5082 1421 5143 civilis
1444 5100 1516 5160 pro·
