3850 5917
400 696 441 758 ‘18
776 695 956 773 chiatrrcm
982 695 1048 756 Ade
1074 696 1112 755 dc
1141 695 1264 756 Orleton

230 926 289 965 M>-
304 927 358 965 ¹³¹⁸·
401 919 562 994 laeseram,
589 921 747 980 andream
774 921 895 999 Sapity,
916 925 948 981 et
970 919 1132 980 dominum
1157 919 1194 980 B.
1210 920 1250 980 de
1272 920 1455 992 Breintone‚
1471 921 1638 981 Rectorem

322 1051 326 1060 ·
405 1025 536 1086 ecclesie
565 1025 603 1087 de
631 1027 813 1105 Monytone.
836 1031 943 1086 nostre
971 1025 1115 1097 diocesis,
1144 1033 1271 1089 nostros
1299 1045 1391 1089 veros
1418 1032 1451 1087 et
1480 1025 1639 1106 legitimos

405 1132 540 1194 iacimus
569 1137 787 1212 procuratores
810 1133 842 1191 in
871 1131 1004 1193 solidum
1030 1131 1076 1192 ita
1096 1132 1180 1212 quod
1203 1153 1267 1194 non
1293 1133 1335 1193 sit
1362 1133 1473 1193 melior
1497 1132 1640 1193 condicio

403 1236 597 1316 occupantis,
620 1235 674 1296 sed
694 1236 777 1317 quod
797 1255 880 1296 unus
900 1235 1098 1297 inchoaverit
1118 1255 1227 1298 eorum
1242 1236 1374 1316 quilibet
1392 1236 1504 1316 exequi
1521 1237 1639 1316 poterit

400 1351 433 1403 et
465 1343 566 1415 finire,
598 1343 711 1404 dantes
741 1342 859 1404 eisdem
887 1351 920 1402 et
950 1363 1058 1403 eorum
1083 1342 1212 1403 cuilibet
1236 1344 1363 1422 plenam
1390 1349 1582 1422 potestatem
1607 1349 1640 1404 et

405 1449 541 1528 speciale
580 1449 767 1510 mandatum
789 1449 932 1527 exigendi
959 1455 992 1509 et
1020 1449 1191 1528 recipiendi
1218 1449 1250 1508 in
1276 1448 1372 1511 Curia
1393 1450 1537 1510 Romana
1563 1469 1638 1530 qne·

402 1573 526 1634 cunque
565 1553 672 1614 debita
706 1574 767 1634 que
805 1553 896 1614 nobis
929 1553 1085 1615 debentur
1120 1565 1153 1615 et
1187 1555 1420 1634 acquietancias
1447 1554 1640 1616 solutoribus

403 1657 549 1730 faciendi,
575 1677 697 1719 necnon
725 1659 826 1718 eciam
855 1659 1071 1720 satisfaciendi
1099 1665 1208 1720 nostro
1236 1660 1363 1721 nomine
1390 1660 1430 1720 de
1457 1660 1572 1720 debitis
1604 1661 1638 1720 in

403 1763 517 1844 quibus
539 1771 682 1826 tenemur
706 1765 740 1824 in
768 1765 878 1826 eadem
904 1766 1001 1837 curin,
1030 1771 1064 1826 et
1090 1765 1218 1844 petendi
1247 1785 1284 1826 ac
1312 1766 1483 1846 recipiendi
1513 1766 1637 1845 acquie-

400 1871 523 1930 tanciae
546 1870 585 1931 de
605 1871 843 1950 quibuscunque
859 1871 974 1932 debitis
995 1873 1123 1934 nomine
1143 1878 1251 1933 nostro
1270 1873 1383 1933 solutis
1401 1892 1459 1933 eeu
1479 1872 1639 1934 solvendis

399 1975 432 2034 in
461 1974 582 2046 eadem,
619 1978 682 2040 irc..
719 1984 751 2035 et
782 1975 888 2036 omnia
913 1977 977 2036 alia
1010 1987 1043 2036 et
1078 1977 1202 2056 singula
1235 1977 1268 2037 in
1298 1977 1460 2057 premissis
1487 1984 1518 2038 et
1554 1978 1638 2038 circa

403 2082 557 2160 premissa
582 2081 717 2142 faciendi
739 2092 771 2142 ct
800 2083 965 2144 exercendi
989 2103 1050 2163 que
1075 2103 1134 2144 noa
1155 2085 1330 2145 faceremus
1358 2105 1414 2145 seu
1440 2085 1542 2146 facere
1566 2103 1638 2164 pos·

401 2207 517 2259 semus,
549 2187 576 2248 si
615 2188 824 2267 perennaliter
859 2196 1022 2267 presentes
1057 2209 1218 2262 essemus;
1255 2191 1356 2251 eciam
1389 2192 1416 2251 si
1451 2190 1637 2274 mandatum

403 2291 532 2370 exigant
575 2292 730 2371 specialc;
767 2300 871 2353 ratum
907 2293 1055 2366 habituri,
1094 2302 1154 2355 etc.
1213 2296 1334 2357 Datum
1377 2295 1462 2375 apud
1497 2297 1565 2356 Rue
1604 2297 1637 2356 in

400 2397 548 2459 Pontinio
575 2398 662 2458 xxix⁰
682 2398 732 2458 dic
762 2399 881 2460 mensis
905 2399 992 2460 Julii.

399 2651 476 2728 tuly
501 2652 657 2713 29.-Thc
678 2652 796 2732 Bt'chop
817 2655 961 2732 appoints
983 2655 1084 2733 Roqer
1103 2656 1141 2716 de
1160 2656 1311 2717 Breirrlort
1334 2664 1363 2718 to
1384 2658 1418 2718 be
1440 2657 1489 2718 bia
1510 2657 1640 2718 Proclcr

518 2734 573 2812 sor
595 2733 702 2812 talinq
724 2734 773 2794 the
794 2735 867 2794 cath
887 2736 922 2815 os
933 2736 1035 2815 faulty
1058 2744 1087 2798 to
1109 2737 1159 2798 the
1178 2738 1270 2817 Pope.

482 2889 590 2950 Anrun
611 2891 1113 2967 reocuaeronruu.—Univcrsis‚
1140 2901 1212 2964 etc,
1234 2895 1319 2974 quod
1343 2912 1412 2965 nos,
1425 2894 1538 2966 Adam,
1563 2903 1636 2966 etc,

401 2995 571 3056 discretum
606 2996 706 3056 virum
749 2997 914 3056 dominum
957 2999 1115 3077 Rogerum
1150 3001 1189 3060 de
1232 3001 1425 3080 Breyntone‚
1469 3001 1636 3061 Rectorem

400 3101 532 3161 ecclesie
557 3100 595 3161 de
613 3101 786 3180 Monytone
806 3111 913 3164 nostre
934 3104 1078 3176 diocesis,
1103 3113 1247 3165 nostrum
1270 3127 1378 3167 verum
1401 3114 1433 3168 et
1460 3107 1636 3185 legitimum

401 3214 637 3284 procuratorem
666 3207 810 3278 iacimus,
843 3208 1037 3280 ordinamus,
1061 3217 1093 3270 et
1119 3211 1343 3272 constituimus
1371 3232 1427 3291 per
1461 3219 1634 3292 presentes,

400 3311 513 3372 dautes
542 3311 641 3372 eidem
680 3313 808 3391 plenam
837 3320 1029 3392 potestatem
1068 3323 1099 3375 et
1134 3317 1269 3395 speciale
1298 3319 1495 3389 mandatum,
1534 3337 1637 3379 sacra·

401 3424 544 3477 mentum
568 3418 730 3478 fidelitatis
751 3417 879 3479 domino
915 3429 1024 3480 nostro
1048 3441 1173 3482 summo
1203 3423 1350 3483 Pontifici
1382 3433 1414 3484 et
1436 3435 1637 3486 sacrosancte

398 3523 541 3584 Romane
574 3523 704 3584 ecclesie
739 3525 772 3584 in
812 3525 951 3585 animam
978 3535 1120 3587 nostram
1151 3529 1323 3606 prestandi,
1351 3535 1428 3601 etc.;
1470 3545 1576 3590 ratum
1606 3536 1638 3591 et

397 3635 523 3706 gratum
552 3629 701 3702 habituri,
726 3637 786 3690 etc.
830 3630 870 3689 In
898 3629 990 3709 cujus
1011 3637 1071 3691 etc.
1114 3632 1234 3692 Datum
1257 3634 1335 3704 loco,
1358 3634 1418 3705 die,
1441 3640 1473 3696 et
1498 3654 1583 3695 anno
1603 3635 1635 3694 in

398 3735 613 3811 procuratorio
638 3736 779 3815 superius
801 3737 970 3798 contentis.

401 3991 465 4051 Oct.
487 3991 643 4052 ra-th
664 3990 783 4070 Bicbop
804 3990 948 4070 appointc
972 3991 1103 4053 Thomas
1124 3993 1161 4053 de
1184 3993 1302 4070 Tcfforrt
1323 4000 1352 4053 to
1375 3993 1408 4054 be
1434 3994 1483 4054 his
1508 3995 1638 4056 Proctor

522 4072 558 4132 ἐπ
579 4071 628 4132 the
651 4073 746 4132 Court
766 4072 801 4150 cs
824 4073 1025 4151 uanrertmp.

481 4215 763 4276 Paocuaarosrnnr
792 4233 910 4274 nournr
949 4233 984 4274 ru
1019 4216 1124 4276 Onera
1173 4215 1637 4278 Cnurnamnnsa-Universis

395 4327 517 4400 pateat,
540 4329 611 4386 etc..
634 4319 719 4400 quod
746 4339 814 4391 nos,
838 4319 951 4391 Adam,
974 4331 1045 4392 etc,
1074 4322 1107 4380 in
1132 4312 1278 4382 omnibus
1305 4322 1410 4382 causis
1438 4335 1470 4382 et
1499 4323 1637 4400 negociia

397 4445 456 4486 noe
492 4433 524 4485 et
573 4426 738 4486 ecclesiam
781 4431 921 4485 nostram
950 4426 1210 4506 qualitercunque
1256 4426 1522 4505 contingentibus,
1560 4437 1634 4499 etc..

398 4532 545 4611 qnotiens
572 4551 631 4592 nos
673 4530 784 4591 abesse
819 4531 868 4592 vel
913 4532 1024 4593 adesse
1065 4533 1240 4611 contigerit,
1282 4531 1434 4592 dilectum
1473 4532 1563 4592 nobis
1601 4532 1635 4592 in

399 4637 525 4698 Christo
547 4637 732 4715 magistrum
756 4637 910 4698 Thomam
933 4638 973 4697 de
998 4637 1152 4707 Teffunte,
1178 4638 1337 4709 clericum,
1360 4645 1503 4697 nostrum
1527 4657 1636 4698 verum

396 4755 428 4804 et
459 4743 633 4822 legitimum
661 4741 855 4813 ordinemne,
884 4751 957 4812 etc..
988 4748 1232 4821 procuratorem,
1256 4750 1315 4802 etc.
1372 4741 1411 4801 Iu
1447 4743 1547 4820 cujus,
1573 4753 1634 4804 etc.

398 4849 518 4910 Datum
548 4849 721 4910 Londoniis
745 4867 785 4908 xv
814 4849 885 4911 Kal.
915 4847 1114 4920 Novembris,
1141 4867 1235 4920 anno,
1259 4864 1331 4922 etc.³
1361 4849 1459 4927 xviij.⁰
