3850 5917
693 707 844 786 Episcopi
870 707 1115 788 Herefordeesis.
1465 709 1523 766 141

135 938 181 978 ΑΒ·
196 937 246 979 ¹³2⁰·
286 931 675 992 anncosa-Omnibus
696 936 805 992 sancte
833 932 944 992 matris
966 932 1095 993 ecclesie
1123 932 1196 992 filiis
1224 932 1264 992 ad
1291 952 1371 1011 quos
1391 950 1522 1010 presens

286 1039 439 1118 scriptum
466 1039 652 1118 pervenerit,
689 1039 793 1118 Hugo,
831 1039 891 1100 Dei
922 1040 1026 1118 gracia
1051 1039 1293 1100 Herefordensis
1333 1037 1521 1117 Episcopus,

287 1143 420 1205 salutem
455 1144 489 1202 in
520 1143 667 1204 Domino.
723 1144 855 1204 Noverit
881 1143 1071 1204 universitas
1102 1150 1207 1204 vestre
1238 1164 1296 1204 nos
1331 1143 1455 1204 dedisse
1490 1147 1523 1203 et

283 1249 476 1310 concessisse
496 1254 529 1310 et
549 1249 688 1329 presenti
710 1255 796 1309 certa
816 1253 925 1310 nostra
945 1249 1149 1310 confirmasse
1165 1249 1314 1320 Johanni,
1336 1249 1457 1318 clerico,
1480 1248 1520 1308 de

284 1354 459 1426 Hudecota‚
494 1374 552 1434 pro
586 1354 732 1434 homagio
760 1360 793 1414 et
817 1355 949 1415 servicio
977 1375 1035 1416 suo
1063 1355 1225 1415 dimidiam
1253 1354 1406 1433 virgatam
1436 1359 1518 1414 terre

283 1481 354 1521 cnm
383 1460 530 1521 omnibus
556 1460 759 1540 pertinenciis
788 1461 853 1522 suis
885 1461 918 1520 in
948 1461 1024 1522 villa
1043 1461 1083 1522 de
1114 1462 1256 1540 Eyhene‚
1285 1461 1371 1522 illem
1397 1460 1517 1521 scilicet

282 1589 376 1648 quam
410 1568 563 1628 Ricardus
594 1567 677 1628 filius
708 1567 893 1629 Theoderici
921 1568 1033 1638 tenuit,
1065 1573 1098 1629 et
1126 1567 1291 1628 duodecim
1320 1587 1409 1627 acres
1435 1571 1517 1626 terre

282 1675 315 1733 in
334 1675 445 1734 eadem
467 1674 540 1734 villa
560 1693 639 1753 quas
660 1673 833 1733 Nicholaus
855 1672 957 1733 Rufus
982 1673 1094 1745 tenuit,
1116 1672 1269 1733 tenendas
1293 1677 1326 1732 et
1355 1671 1516 1732 habendes

283 1780 342 1841 sibi
371 1786 403 1841 et
427 1781 594 1842 heredibus
622 1781 698 1853 suis,
720 1781 770 1840 vel
800 1780 851 1840 cui
875 1800 928 1841 ees
960 1780 1120 1859 assignare
1144 1779 1287 1851 voluerit,
1313 1779 1351 1838 de
1372 1777 1463 1839 nobis
1485 1782 1518 1838 et

283 1885 516 1947 successoribus
537 1887 653 1962 nostris
674 1885 706 1945 in
727 1885 821 1946 feudo
842 1891 874 1946 et
894 1885 1070 1946 hereditate
1090 1885 1186 1946 libere
1208 1890 1239 1944 et
1258 1884 1372 1963 quiete,
1395 1884 1516 1964 integre

283 1998 315 2052 et
339 1992 488 2071 plenarie,
509 1991 667 2052 reddendo
687 1992 760 2053 inde
782 1992 945 2051 annuatim
971 1991 1061 2052 nobis
1083 1995 1115 2051 et
1136 1989 1369 2052 successoribus
1397 1989 1516 2050 nostris

224 2141 230 2150 .
284 2096 352 2175 ipse
373 2100 405 2156 et
433 2096 564 2156 heredes
589 2095 647 2168 sui,
669 2095 718 2156 vel
739 2096 792 2157 ille
816 2097 866 2156 cui
888 2116 941 2157 eas
962 2096 1122 2175 assignare
1144 2095 1286 2168 voluerit,
1310 2100 1382 2156 octo
1403 2094 1521 2156 solidos

285 2201 325 2260 ed
348 2206 484 2280 quatuor
503 2201 664 2271 terminos,
686 2200 806 2262 scilicet
827 2202 867 2260 ad
885 2200 1002 2261 festum
1024 2200 1126 2260 sancti
1151 2199 1274 2260 Andree
1295 2201 1374 2261 duos
1396 2199 1523 2271 solidos,

285 2313 317 2368 et
339 2309 379 2367 ad
402 2307 692 2368 Annunciacionem
720 2308 811 2368 beate
832 2307 932 2368 Maris
953 2309 1033 2369 duos
1055 2307 1180 2379 solidos,
1202 2306 1290 2367 etad
1313 2306 1522 2366 Nativitatem

285 2414 387 2474 sancti
407 2411 563 2473 Johannis
577 2412 724 2491 Baptiste
740 2413 819 2474 duos
840 2413 966 2485 solidos,
988 2413 1079 2473 etad
1101 2411 1217 2474 festum
1239 2413 1340 2472 saneti
1355 2412 1522 2472 Michaelis

286 2511 365 2570 duos
395 2509 521 2580 solidos,
543 2529 600 2589 pro
628 2509 714 2570 omni
742 2509 874 2570 servicio
912 2515 944 2570 et
972 2511 1139 2571 exaccione
1172 2515 1204 2570 et
1233 2509 1460 2572 consuetudine
1488 2513 1522 2570 et

285 2616 442 2676 demanda
463 2633 525 2694 que
546 2615 586 2675 ed
607 2620 724 2675 terrem
748 2615 832 2675 illem
852 2615 1014 2695 pertinent
1037 2615 1087 2676 vel
1105 2616 1262 2696 pertinere
1284 2616 1417 2695 possint,
1432 2616 1521 2676 salvo

286 2720 419 2782 servicio
454 2720 573 2781 domini
611 2721 706 2800 Regis
740 2727 893 2800 quantum
927 2721 1065 2801 pertinet
1099 2723 1138 2782 ed
1171 2727 1294 2783 tentam
1333 2727 1449 2782 terrem
1485 2723 1518 2782 in

285 2826 397 2886 eadem
430 2825 514 2886 villa.
576 2825 729 2905 Quodque
759 2831 865 2886 ratum
895 2830 927 2886 et
955 2825 1179 2887 inconcussum
1207 2826 1300 2887 debet
1327 2847 1521 2906 permanere,

285 2930 425 3010 presenti
446 2930 478 2990 id
499 2930 617 3010 scripto
638 2937 670 2991 et
691 2931 784 3010 sigilli
808 2932 908 2992 nostri
933 2932 1108 2992 munimine
1132 2933 1262 3012 dignum
1287 2933 1433 2993 duximus
1456 2953 1521 2994 cor·

285 3036 441 3096 roborare.
497 3035 571 3096 Hiis
599 3035 742 3107 testibus,
766 3037 924 3097 Willelmo
948 3036 978 3098 le
1006 3039 1095 3110 Puer,
1121 3039 1275 3110 Johanne‚
1306 3038 1456 3099 canonico
1485 3039 1524 3099 de

285 3141 472 3219 Bromyard‚
511 3141 652 3202 Walters
689 3143 729 3202 de
766 3142 943 3215 Maurchin,
983 3144 1134 3224 Gregorio
1172 3144 1342 3224 capellano,
1382 3143 1521 3206 Roberto

285 3249 514 3320 elemosinario,
535 3249 711 3329 Rogero'de
733 3251 926 3330 Homptone,
948 3252 1076 3313 Brenon
1102 3253 1140 3314 de
1163 3254 1277 3326 Home,
1300 3253 1467 3333 Rednlpho
1482 3254 1522 3314 de

285 3355 478 3426 Houctonia,
507 3355 649 3416 Gilberto
673 3356 712 3416 de
736 3356 912 3435 Lntteleye,
934 3358 1090 3419 Nicholao
1113 3359 1152 3419 de
1170 3359 1363 3438 Homptone,
1379 3358 1521 3420 Waltero

285 3463 324 3522 de
346 3461 534 3541 Longeford,
556 3466 588 3522 et
613 3462 722 3523 multis
741 3462 820 3524 aliis.

287 3689 511 3770 Confirmation
531 3690 566 3769 of
584 3689 633 3751 the
653 3692 745 3752 above
764 3677 856 3770 proni
884 3692 922 3770 by
951 3692 1070 3773 Bishop
1098 3694 1195 3772 Haplr
1220 3693 1332 3755 Foliot.

368 3835 539 3904 Seourrun
558 3851 776 3898 commansere
798 3853 949 3896 mussan
971 3854 1072 3897 sacra
1089 3855 1153 3896 rue
1173 3856 1328 3900 conrnune
1350 3840 1524 3900 Hunorum

285 3941 417 4012 Fonror,
453 3957 610 4010 Quouoan
642 3957 824 4001 nerscorun
860 3942 1376 4006 Hanaroaonusnn.—Universis
1411 3951 1521 4006 sancte

285 4047 396 4106 matris
424 4045 555 4106 ecclesie
582 4045 655 4106 filiis
683 4046 723 4106 ad
754 4067 833 4126 quos
860 4067 991 4125 presens
1029 4049 1182 4128 scriptum
1209 4051 1396 4128 pervenerit,
1426 4051 1523 4130 Hugo

285 4151 398 4222 Folict,
419 4151 527 4212 divina
547 4151 752 4212 miseracione
780 4151 1023 4214 Herefordensis
1050 4154 1181 4215 ecclesie
1209 4155 1353 4217 minister
1380 4157 1520 4228 humilis,

287 4265 428 4318 eternam
453 4257 487 4316 in
511 4257 639 4318 domino
663 4258 807 4318 salutem.
850 4258 978 4320 Gartam
1005 4259 1087 4320 bone
1112 4261 1262 4321 memorie
1286 4262 1330 4322 H.
1351 4262 1390 4323 de
1410 4263 1519 4341 Maps-

285 4360 404 4431 nobria,
435 4361 665 4439 predecessoris
693 4363 803 4432 nostri,
838 4362 1033 4442 inspeximus
1061 4365 1093 4423 in
1121 4365 1196 4426 hec·
1215 4366 1331 4427 verba:
1366 4366 1522 4429 Omnibus

287 4472 395 4528 sancte
423 4467 534 4527 matris
561 4467 692 4528 ecclesie
720 4467 802 4540 filiis,
835 4475 905 4541 etc„
935 4475 971 4529 ut
1000 4490 1104 4550 supra.
1168 4471 1237 4532 Nos
1268 4473 1362 4551 igitur
1389 4474 1522 4534 eandem

287 4572 493 4633 donacionem
520 4577 553 4635 et
580 4573 817 4634 concessionem
843 4575 1055 4654 approbantes
1075 4582 1108 4637 et
1139 4583 1241 4638 ratem
1269 4577 1422 4640 habentes
1450 4600 1521 4641 eam

287 4677 425 4756 presenti
446 4678 564 4758 scripto
592 4684 624 4740 et
652 4680 744 4759 sigilli
768 4681 869 4742 nostri
894 4682 1070 4743 munimine
1097 4683 1329 4745 confirmamus.
1385 4684 1522 4765 Insuper

287 4784 385 4845 eciam
405 4784 619 4845 concessimus
633 4790 666 4845 et
685 4787 828 4847 dedimus
847 4786 970 4866 prefato
984 4788 1133 4860 Johandi,
1148 4789 1270 4860 clerico,
1285 4790 1324 4851 de
1341 4790 1519 4864 Hudeeote,

286 4908 382 4950 unam
409 4909 515 4949 acram
545 4909 655 4951 versus
682 4891 856 4970 prioratum
876 4912 938 4973 que
958 4899 1090 4954 vocatur
1120 4895 1258 4976 quinque
1286 4895 1452 4957 sellionum
1484 4900 1519 4958 in

288 4995 505 5058 erchambium
533 5015 590 5076 pro
618 4999 753 5077 quodam
777 4999 937 5078 mesuagio
960 4999 994 5058 in
1018 4999 1137 5079 Eyene,
1159 5001 1242 5080 quod
1266 5001 1349 5062 idem
1366 5001 1395 5062 J.
1419 5003 1523 5065 tenuit

288 5123 325 5164 ex
363 5102 568 5166 concessione
605 5104 738 5183 predicti
769 5105 812 5164 H.
843 5105 1057 5183 predecessori
1093 5106 1202 5168 nostri.
1265 5106 1338 5167 Hiis
1373 5108 1517 5182 testibus,
