3850 5917
138 872 188 910 etl).
202 871 256 912 lm

154 1671 196 1711 Fal.
208 1673 253 1714 ub.

704 644 855 724 Episcopi
881 645 1125 724 Heresordeasis.
1476 649 1533 707 125

296 867 442 929 dominus
471 869 621 948 magistro
645 870 683 929 R.
709 871 748 930 de
772 870 921 931 Vernoun
945 871 1056 931 domos
1081 871 1279 933 canonicales
1304 893 1437 953 quarum
1461 893 1532 951 pos·

296 973 428 1034 sessioni
453 974 607 1036 Ricardue
632 976 670 1037 de
698 975 893 1054 Nonyntone
920 976 1084 1037 incumbit.

296 1243 357 1304 The
381 1244 500 1324 Bishop
523 1245 637 1322 liuciae
658 1245 792 1306 received
813 1267 835 1306 o
858 1246 962 1325 Popol
986 1247 1135 1308 Morulote
1159 1255 1188 1308 to
1207 1248 1345 1327 provide,
1363 1250 1417 1329 for
1441 1251 1533 1311 Peter

415 1325 452 1386 de
478 1326 599 1396 Vossrcr,
620 1326 710 1398 clorli,
728 1327 764 1405 os
782 1326 831 1386 the
851 1327 979 1389 Diocesc
994 1329 1030 1406 os
1048 1328 1134 1400 Seres,
1156 1349 1177 1388 o
1198 1329 1323 1420 berreflce
1343 1349 1379 1389 cre
1401 1331 1450 1391 the
1470 1331 1531 1422 pist

415 1407 450 1485 of
475 1407 524 1467 tte
551 1407 648 1468 Abbot
676 1407 739 1467 ond
769 1407 903 1468 Conveni
930 1409 966 1486 of
989 1407 1132 1487 Rariscp,
1158 1411 1367 1470 commissione
1395 1412 1530 1474 Francis

414 1487 452 1547 de
471 1487 557 1548 Luco
578 1488 642 1548 ond
662 1488 776 1548 Robert
795 1489 833 1548 de
853 1488 965 1549 Pateto
987 1497 1016 1549 to
1036 1497 1087 1549 oct
1101 1490 1156 1569 for
1177 1491 1242 1550 him
1263 1490 1299 1550 irc
1320 1491 1369 1551 the
1389 1499 1509 1553 otetur.

374 1654 485 1726 Adam,
513 1660 583 1725 etc..
612 1661 760 1716 executor
783 1656 823 1716 ad
850 1655 1052 1736 infrascripta
1076 1678 1213 1719 unacum
1238 1659 1446 1739 infrascriptis
1469 1661 1531 1722 eol-

294 1758 371 1838 legis
405 1760 533 1830 nostris,
568 1779 642 1820 eum
669 1760 723 1820 ille
753 1760 894 1820 clausula
924 1762 1074 1839 quotiaco
1105 1783 1167 1834 eos,
1195 1764 1242 1824 vel
1272 1764 1333 1825 duo
1364 1772 1420 1825 out
1448 1785 1530 1827 unus

294 1873 436 1936 vestrisne,
468 1886 525 1945 per
555 1885 607 1926 cor
642 1865 742 1926 oliam
772 1887 826 1926 seu
855 1866 945 1939 olion,
977 1887 996 1928 a
1029 1868 1109 1929 Sede
1140 1869 1322 1948 Apostolica
1352 1870 1532 1950 specialiter

293 1971 472 2051 deputatus,
494 1971 639 2032 discretis
667 1972 751 2043 viris,
784 1972 934 2051 magistro
964 1972 1133 2035 Francisco
1161 1975 1199 2035 de
1221 1975 1317 2046 Luco,
1339 1983 1372 2037 et
1393 1976 1533 2038 Roberto

293 2077 332 2138 de
352 2078 475 2147 Patete,
501 2076 710 2137 Eboracensis
730 2098 766 2138 ac
783 2077 1007 2140 Ooventreneis
1026 2086 1059 2139 et
1080 2080 1310 2143 Lichieldensis
1329 2083 1533 2144 ecclesiarum

292 2184 462 2254 canonicis,
498 2183 633 2244 sulutem
668 2184 700 2242 in
737 2185 884 2256 Domino,
920 2191 952 2245 et
991 2186 1150 2246 mandetis
1185 2187 1366 2267 apostolicis
1400 2189 1534 2250 firmiter

292 2289 427 2350 obedire.
484 2289 622 2350 Litteras
654 2289 845 2350 sanctissimi
874 2291 975 2369 petris
1003 2291 1036 2350 in
1058 2291 1185 2353 Christo
1213 2298 1245 2354 et
1276 2294 1396 2354 domini
1431 2295 1534 2356 nostri
1582 2299 1584 2302 ’

292 2395 458 2465 Johannis,
490 2394 598 2454 divina
618 2395 820 2474 providencia
840 2397 927 2475 Pape
948 2397 1059 2468 XXII,
1081 2418 1219 2458 unacum
1247 2397 1309 2460 filie
1330 2400 1446 2470 sericis,
1470 2420 1532 2479 qne

292 2500 338 2562 sic
360 2500 526 2579 incipiunt¹
542 2500 754 2561 :—Johennes
779 2501 966 2580 Episcopus,
993 2522 1102 2563 servus
1127 2523 1289 2564 servorum
1318 2504 1387 2575 Dei,
1416 2505 1533 2566 dilecto

292 2605 367 2675 filio,
402 2605 498 2665 Petro
532 2605 572 2665 de
598 2604 747 2674 Vaaseur,
778 2605 891 2666 clerico
924 2605 1116 2668 Senonensis
1150 2607 1293 2680 diocesis,
1336 2608 1471 2670 salutem
1499 2616 1533 2671 et

291 2711 499 2790 apostolicam
527 2709 790 2771 benediccionem.
844 2712 919 2787 Tne,
937 2713 1055 2792 ¹merita
1082 2714 1258 2793 probitatis,
1295 2735 1390 2794 super
1417 2716 1532 2796 quibus

290 2818 439 2879 laudabili
467 2818 650 2878 testimonio
671 2801 911 2889 commendaris,
931 2825 1105 2898 exposcunt
1133 2825 1169 2880 ut
1191 2821 1231 2880 ed
1251 2841 1419 2900 personam
1442 2827 1530 2882 tuam

290 2924 462 3005 apostolice
490 2922 679 3003 provisionis
707 2923 867 2984 dexteram
905 2926 1136 2996 extendamus;
1168 2926 1311 2987 volentes
1346 2928 1442 3007 igitur
1472 2927 1531 2989 tibi

290 3031 502 3111 predictorum
534 3030 718 3090 meritorum
751 3036 885 3109 optentu
917 3031 1055 3110 greciam
1086 3031 1189 3093 facere
1223 3033 1401 3112 specialem,
1437 3033 1531 3095 bene-

290 3137 397 3198 ficium
423 3135 670 3197 ecclesiasticum
692 3155 765 3196 oum
789 3155 864 3195 cura
885 3137 969 3215 quod
990 3137 1101 3216 viginti
1122 3139 1271 3217 quinque,
1293 3138 1343 3198 vel
1364 3139 1431 3199 sine
1454 3159 1531 3200 cure

290 3243 375 3323 quod
403 3242 512 3303 decem
540 3247 573 3301 et
607 3247 679 3302 octo
708 3261 829 3301 marcas
857 3241 1080 3320 sterlingorum
1118 3242 1151 3301 in
1180 3242 1354 3303 redditibus
1390 3251 1423 3304 et
1458 3263 1530 3323 pro·

289 3346 449 3410 ventubus
477 3346 615 3407 valorem
646 3366 788 3406 annuum
821 3347 910 3425 juxta
930 3347 1128 3408 taxacionem
1156 3348 1277 3408 decime
1304 3367 1369 3408 non
1390 3349 1530 3422 excedet,

289 3459 478 3514 consuetum
506 3451 546 3512 ab
574 3451 647 3512 olim
670 3451 791 3512 clericis
819 3451 1012 3513 secularibus
1037 3453 1198 3532 assignari,
1228 3453 1305 3512 nulli
1327 3453 1380 3513 elii
1401 3455 1531 3534 dejure

289 3559 442 3628 debitum,
471 3557 510 3617 ed
540 3557 752 3627 collacionem,
780 3557 1061 3636 presentacionem,
1092 3559 1142 3619 vel
1173 3560 1317 3639 quemvis
1345 3561 1439 3621 aliem
1467 3563 1530 3623 dis-

288 3664 485 3743 posicionem
512 3662 698 3722 dilectorum
726 3661 871 3734 filiorum,
905 3662 1036 3724 Abbatis
1068 3669 1100 3725 et
1132 3664 1315 3726 Conventus
1346 3667 1531 3728 monasterii

288 3770 329 3831 de
370 3770 557 3848 Rameeeye,
597 3768 716 3829 ordinis
757 3770 859 3830 sancti
895 3770 1070 3843 Benedicti,
1112 3771 1344 3833 Lincolniensis
1385 3773 1529 3844 diocesis,

288 3875 452 3955 pertinens
476 3874 686 3935 communiter
712 3874 762 3935 vel
790 3875 924 3947 divisim,
954 3877 981 3937 si
1010 3878 1093 3957 quod
1122 3878 1155 3936 in
1183 3878 1311 3940 civitate
1334 3879 1384 3940 vel
1412 3879 1530 3941 diocesi

289 3979 505 4041 Linoolniensi
546 3985 637 4040 vacat
679 3980 719 4040 ad
759 4001 899 4060 presens,
942 3983 992 4042 vel
1034 3983 1267 4063 quamprimum
1306 4004 1417 4045 vacare
1455 4005 1528 4046 con-

288 4088 403 4166 tigerit,
433 4087 518 4166 quod
548 4106 604 4165 per
638 4092 670 4147 te
705 4087 754 4148 vel
789 4095 1025 4167 procuratorem
1057 4095 1149 4150 tuum
1181 4091 1221 4150 ad
1257 4090 1316 4150 hoc
1351 4091 1531 4170 specialiter

287 4193 509 4261 constitutum,
540 4191 623 4252 infre
646 4192 741 4253 unius
769 4195 888 4265 mensis
915 4195 1058 4273 spacium
1086 4201 1255 4275 postquam
1284 4195 1340 4255 tibi
1366 4197 1415 4258 vel
1443 4197 1529 4259 dicto

286 4297 484 4378 procuratori
504 4297 648 4359 beneficii
668 4298 850 4378 hujusmodi
867 4299 994 4360 vecacio
1015 4299 1197 4370 innotuerit,
1219 4300 1344 4362 duxeris
1362 4308 1528 4382 acceptan-

288 4404 373 4475 dum,
404 4403 629 4465 conferendum
657 4403 714 4464 tibi
745 4410 818 4483 post
847 4406 1100 4484 acceptacionem
1132 4407 1314 4485 hujusmodi
1345 4408 1529 4470 donacionis

287 4509 461 4589 apostolice
480 4529 685 4570 reservamus.
707 4510 750 4570 Et
767 4511 813 4571 sic
832 4510 1173 4572 difiniunt¹:-Datum
1193 4511 1357 4584 Avinione,
1377 4513 1435 4593 iiij⁰
1450 4514 1528 4575 Idus

289 4616 377 4687 Maii,
406 4615 614 4675 Pontificetus
638 4616 738 4675 nostri
764 4636 847 4676 anno
871 4616 982 4695 primo.
1042 4617 1086 4675 Et
1110 4616 1188 4676 alies
1213 4637 1285 4677 cum
1309 4617 1374 4678 filio
1399 4621 1528 4699 canapis

288 4724 374 4783 hunc
395 4727 541 4783 tenorum
568 4721 768 4783 continentes
781 4723 993 4784 :-Johennes
1018 4723 1207 4802 Episcopus,
1237 4742 1345 4784 servus
1365 4743 1527 4784 servorum

289 4829 359 4898 Dei,
395 4827 565 4888 venerabili
607 4826 710 4887 Fratri
752 4828 911 4908 Episcopo
949 4828 1185 4899 Herelordensi,
1224 4832 1257 4888 et
1296 4827 1419 4889 dilectis
1454 4829 1528 4890 liliis

289 4933 518 4994 Archidiacono
545 4932 746 5011 Majoricarii,
768 4954 805 4994 ac
832 4934 971 4994 Johenni
1000 4935 1039 4996 de
1063 4934 1211 5013 Jargolio,
1238 4935 1390 4995 canonico
1410 4935 1527 4996 Exoni·

486 5069 550 5110 l-ln
565 5069 615 5110 MS.
628 5067 730 5116 incipis.
1091 5071 1158 5111 2-tn
1172 5071 1223 5112 MS.
1237 5067 1332 5116 utfinis.
