3850 5917
384 668 422 727 12
755 672 935 751 qusrram
961 674 1028 736 Ade
1054 674 1092 736 dc
1121 675 1244 737 Orlcton

210 894 267 935 Al)-
282 894 338 936 ¹³¹⁷·
380 894 577 967 confidimus,
598 896 724 975 plenam
749 904 781 959 et
806 898 934 960 liberam
961 900 1190 961 committimus
1219 906 1251 962 et
1279 901 1481 963 concedimus
1509 908 1618 966 tenore

379 1001 577 1077 presencium
598 1007 799 1081 potestatem.
850 1004 953 1079 Quare
974 1026 1033 1067 nos
1061 1026 1184 1067 exnunc
1211 1027 1268 1068 vos
1298 1027 1423 1067 necnon
1453 1008 1619 1071 universos

380 1111 412 1166 et
433 1107 572 1187 singulos
594 1108 731 1171 Abbates
752 1116 784 1171 et
805 1110 883 1172 alios
914 1111 1062 1191 prelatos,
1091 1118 1238 1185 rectores,
1268 1114 1398 1175 clericos
1434 1120 1617 1196 ceterasque

378 1233 530 1293 personas
551 1215 788 1287 ecclesiasticas,
810 1218 967 1297 regulares
999 1223 1031 1278 et
1060 1218 1226 1291 seculares,
1258 1220 1426 1299 predictos,
1451 1227 1618 1301 exemptos

377 1324 410 1381 et
432 1340 496 1381 non
522 1327 694 1401 exemptos,
716 1330 891 1384 vestrarum
916 1324 1055 1385 civitatis
1075 1329 1108 1385 et
1131 1325 1265 1387 diocesis
1286 1327 1486 1406 presencium
1507 1334 1618 1390 tenore

378 1426 566 1505 requirimus
595 1431 627 1488 et
652 1448 825 1501 monemus,
854 1422 1005 1510 vobisque
1029 1435 1062 1491 et
1090 1431 1167 1510 ipsis
1188 1432 1376 1493 auctoritate
1403 1434 1526 1512 prefata
1553 1434 1615 1495 dis-

378 1533 469 1593 tricte
490 1534 680 1613 precipendo
701 1534 897 1607 mandamus,
919 1536 1070 1615 quatinus
1094 1556 1151 1598 vos
1179 1557 1236 1616 per
1263 1557 1320 1599 vos
1349 1538 1399 1598 vel
1430 1538 1528 1598 alium
1559 1558 1616 1599 seu

376 1641 455 1702 alios
476 1662 494 1702 a
514 1641 603 1703 vobis
624 1648 729 1703 vestro
750 1642 889 1722 periculo
914 1644 1112 1722 deputandos
1132 1644 1215 1704 infra
1234 1664 1275 1704 xx
1295 1645 1418 1706 dierum
1439 1644 1582 1724 spacium
1595 1666 1617 1706 a

375 1753 517 1827 tempore
551 1748 743 1828 recepcionis
784 1749 985 1829 presencium
1019 1750 1304 1829 computandorum
1347 1750 1497 1811 continue
1534 1770 1616 1830 quos

375 1853 463 1915 vobis
494 1874 551 1934 pro
582 1855 693 1935 primo,
726 1855 873 1927 secundo,
905 1860 938 1916 et
969 1856 1064 1917 tertio
1095 1877 1132 1916 ac
1162 1855 1374 1935 peremptorio
1412 1858 1546 1917 termino
1581 1861 1615 1918 et

375 1961 552 2021 monicione
587 1961 739 2021 canonica
773 1961 981 2041 assignamus,
1018 1982 1037 2022 s
1070 1962 1202 2042 singulis
1228 1961 1412 2034 Abbatibus,
1441 1963 1613 2036 Prioribus,

374 2065 521 2137 Decanis,
543 2066 726 2145 Propositis,
752 2065 998 2139 Archidiaconis,
1023 2068 1320 2148 Archipresbyteris,
1342 2074 1375 2129 et
1396 2069 1466 2130 aliis
1487 2069 1614 2130 ecclesi-

373 2192 463 2233 arum
488 2178 520 2234 et
544 2173 807 2234 monasteriorum
831 2174 961 2253 prelatis
986 2179 1019 2235 et
1044 2173 1218 2235 rectoribus
1239 2176 1419 2247 earundem,
1442 2195 1614 2256 eorumque

373 2279 519 2358 capitulis
541 2286 573 2339 et
601 2278 816 2350 conventibus,
839 2280 1014 2360 ceterisque
1035 2280 1178 2359 personis
1206 2279 1328 2340 clericis
1348 2284 1381 2340 et
1408 2279 1486 2341 locis
1514 2280 1613 2340 eccle·

372 2383 508 2444 siasticis
553 2384 697 2463 superius
735 2384 916 2464 designatis,
962 2404 1020 2463 pro
1062 2384 1202 2464 qualibet
1248 2404 1354 2445 marca
1389 2385 1612 2465 sterlingorum

374 2489 519 2550 videlicet
547 2490 623 2570 iiijd.
652 2490 793 2570 ejusdem
829 2497 955 2551 monete
989 2491 1028 2551 de
1059 2490 1206 2551 omnibus
1237 2495 1270 2551 et
1297 2490 1429 2570 singulis
1457 2489 1612 2551 fructibus

373 2596 546 2658 redditibus
581 2597 785 2676 proventibus
820 2603 852 2658 et
887 2597 1132 2659 obvencionibus
1170 2598 1400 2669 ecclesiasticis,
1437 2597 1611 2658 secundum

373 2704 569 2764 taxacionem
590 2704 711 2765 decime
731 2724 816 2764 nunc
837 2704 1001 2776 currentis,
1024 2704 1057 2763 in
1082 2704 1210 2765 civitate
1230 2708 1263 2765 et
1284 2704 1399 2765 diocesi
1422 2703 1612 2782 supradictis

371 2830 429 2889 pro
450 2810 726 2889 procuracionibus
750 2809 867 2871 nostris
892 2808 1074 2889 hujusmodi
1094 2829 1152 2889 pro
1176 2808 1267 2869 nobis
1289 2829 1325 2869 ac
1348 2814 1458 2869 nostro
1482 2808 1612 2869 nomine

370 2914 496 2994 petatis,
512 2915 660 2994 ipsosque
675 2913 812 2975 Abbates
826 2915 952 2986 electos,
964 2915 1119 2986 Decanos,
1135 2920 1166 2975 et
1181 2914 1259 2974 alios
1273 2914 1418 2994 superius
1429 2914 1610 2993 designatos

369 3026 402 3082 et
422 3041 530 3082 eorum
548 3021 687 3100 singulos
703 3020 815 3099 prime,
833 3021 980 3092 secundo,
995 3024 1027 3080 et
1046 3019 1140 3081 tertio
1157 3040 1194 3080 ac
1212 3020 1423 3099 peremptorie
1442 3038 1610 3080 monemus

369 3132 406 3187 ut
434 3127 495 3207 ipsi
520 3132 551 3188 et
583 3147 693 3187 eorum
718 3126 832 3206 singuli
861 3126 942 3186 inira
976 3146 1016 3185 xx
1043 3126 1164 3186 dierum
1193 3126 1335 3205 spacium
1357 3131 1525 3205 postquem
1552 3144 1611 3204 per

369 3238 502 3294 vosaut
526 3238 674 3312 exparte
699 3237 803 3293 vestra
825 3252 919 3311 super
944 3232 1004 3293 hoc
1031 3231 1174 3312 requisiti
1205 3230 1322 3292 fuerint
1350 3232 1607 3311 computandum,

369 3339 471 3400 dictos
488 3339 531 3419 iiij
551 3339 695 3400 denarios
713 3339 943 3418 sterlingorum,
961 3358 1041 3418 quos
1058 3358 1117 3399 nos
1133 3343 1200 3398 tam
1219 3337 1308 3398 vobis
1322 3357 1417 3417 quam
1434 3336 1609 3397 Abbatibus

369 3444 478 3505 electis
499 3450 531 3505 et
555 3444 624 3504 aliis
646 3444 834 3523 supradictis
856 3464 914 3523 pro
938 3464 1045 3504 marca
1068 3442 1207 3523 qualibet
1231 3443 1455 3522 persolvendos
1480 3443 1609 3503 racione

370 3549 603 3628 procuracionis
638 3549 818 3629 hujusmodi
847 3555 956 3611 tenore
983 3550 1181 3629 presencium
1210 3547 1411 3627 imponimus,
1440 3548 1528 3608 vobis
1556 3547 1607 3609 vel

370 3654 550 3734 deputando
575 3661 630 3715 aut
650 3655 838 3734 deputandis
860 3676 878 3715 a
899 3654 987 3717 vobis
1017 3654 1150 3725 solvant,
1172 3654 1240 3714 sine
1261 3652 1445 3713 difficultate
1465 3651 1606 3731 qualibet

371 3762 529 3839 assignare
544 3766 576 3821 et
591 3761 710 3821 solvere
724 3766 900 3833 teneantur,
912 3760 1136 3821 nichilominus
1146 3757 1356 3838 peremptorie
1369 3777 1426 3817 vos
1441 3762 1607 3817 monentes

370 3871 405 3926 ut
426 3866 619 3926 solucionem
640 3871 672 3926 et
696 3866 947 3927 satisfaccionem
971 3865 1231 3945 procuracionum
1254 3862 1435 3943 hujusmodi
1456 3882 1513 3941 per
1536 3881 1606 3941 pre·

370 3972 471 4033 dictos
493 3972 629 4033 Abbstes
648 3972 764 4033 electos
784 3977 816 4032 et
837 3972 915 4033 alios
936 3971 1142 4051 supradictos,
1164 3975 1200 4030 ut
1221 3968 1424 4049 premittitur,
1446 3967 1606 4028 faciendas

369 4096 426 4155 per
456 4096 512 4136 vos
543 4076 592 4136 vel
626 4096 683 4155 per
717 4075 812 4135 alium
851 4096 907 4136 seu
932 4074 1009 4135 alios
1043 4094 1101 4154 pro
1136 4074 1227 4135 nobis
1263 4078 1296 4134 et
1329 4078 1439 4133 nostro
1477 4072 1605 4133 nomine

370 4182 528 4262 recipiatis
553 4188 584 4243 et
613 4182 774 4261 colligatis,
801 4187 962 4261 totamque
991 4182 1157 4260 pecuniam
1189 4200 1284 4259 quam
1318 4178 1391 4239 inde
1425 4176 1606 4257 receperitis

371 4310 426 4349 seu
461 4288 646 4368 collegeritis
681 4308 817 4347 unacum
848 4292 937 4365 parte
969 4306 1025 4347 vos
1056 4286 1258 4363 contingente
1288 4283 1414 4343 racione
1445 4280 1605 4343 fructuum

369 4396 547 4456 reddituum
569 4394 772 4473 provencium
801 4396 833 4453 et
856 4392 1084 4453 obvencionum
1107 4396 1281 4451 vestrorum
1303 4393 1358 4449 aut
1390 4388 1430 4448 ad
1460 4408 1605 4448 mensam

369 4505 505 4561 vestram
538 4500 752 4580 spectancium
783 4499 872 4579 juxta
903 4498 1139 4577 imposicionem
1172 4502 1204 4556 et
1233 4496 1430 4556 taxacionem
1458 4494 1603 4573 superius

367 4626 547 4685 expressam
572 4605 646 4665 hinc
669 4606 709 4665 ad
730 4604 865 4683 primam
889 4604 973 4664 diem
998 4602 1116 4663 mensis
1141 4600 1295 4671 Octobris,
1319 4620 1414 4680 quem
1434 4599 1524 4660 vobis
1546 4618 1605 4678 pro

368 4710 578 4790 peremptorio
595 4711 730 4770 termino
745 4730 781 4769 ac
795 4708 973 4770 monicione
993 4707 1145 4768 canonica
1160 4707 1367 4786 assignamus,
1386 4705 1426 4766 ad
1443 4705 1604 4765 civitatem

368 4816 557 4886 Londoniae‚
596 4822 700 4876 vestro
738 4814 876 4894 periculo
915 4814 1167 4874 transmittentes
1207 4812 1308 4891 ipsam
1346 4810 1603 4890 procuratoribus

366 4922 484 4983 nostris
517 4942 574 5001 per
607 4940 666 4981 nos
701 4940 795 4998 super
829 4920 889 4980 hoc
924 4919 1113 4999 deputandis
1149 4919 1274 4991 ibidem,
1313 4924 1422 4979 nostro
1456 4918 1603 4979 videlicet

368 5027 540 5089 Gaucelino
568 5026 778 5097 medietatem,
804 5031 913 5087 nostro
937 5044 1011 5086 vero
1035 5026 1121 5086 Luce
1146 5023 1360 5085 cardinalium
1388 5024 1603 5103 predictorum
