3850 5917
677 708 827 789 Episcopi
854 707 1097 788 Hercsordcncia.
1464 709 1506 771 4‘1

118 941 161 980 w-
174 942 221 982 ¹³¹⁷-
264 951 346 992 nous
367 931 460 992 fioms
480 933 520 993 de
551 951 638 992 vous.
695 931 809 992 Denne
833 950 908 992 sous
928 936 1020 992 notre
1043 931 1132 1011 privo
1159 931 1225 992 scal
1249 951 1269 992 a
1296 931 1503 1011 Wyndesorc,

262 1036 291 1096 le
311 1037 354 1116 xij
376 1037 449 1116 jour
471 1037 512 1098 de
539 1035 722 1106 Decembre,
744 1035 806 1096 l’an
839 1036 878 1097 ds
901 1041 993 1097 notre
1017 1036 1126 1115 Regno
1158 1035 1310 1097 unzisme.
1364 1035 1407 1095 Et
1432 1035 1504 1096 ideo

264 1143 353 1204 vobis
378 1148 488 1204 tenore
511 1143 710 1223 presencium
731 1141 959 1203 committimus
985 1148 1018 1202 et
1042 1142 1230 1203 mandamus
1250 1141 1400 1221 quatinus
1424 1160 1504 1220 pon-

265 1249 374 1310 derata
408 1247 529 1309 domini
559 1248 660 1309 nostri
690 1248 786 1327 Regis
819 1247 952 1327 predicti
984 1246 1161 1325 indigencia
1194 1247 1388 1309 solucionem
1419 1248 1504 1309 dicte

264 1354 385 1415 decime
410 1355 442 1413 in
464 1353 609 1424 Ciuitate,
632 1353 787 1415 decanatu
811 1359 843 1414 et
868 1353 1124 1414 archidiaconatu
1149 1353 1434 1415 Hereiordensibus
1458 1353 1505 1414 ita

264 1464 424 1520 maturare
452 1459 568 1520 curetis
592 1463 628 1519 ut
653 1457 695 1518 sit
718 1463 865 1538 prompta
889 1463 922 1519 66
945 1463 1058 1538 parata
1083 1459 1124 1518 ad
1148 1458 1334 1519 solvendum
1358 1459 1391 1518 in
1416 1459 1503 1522 dicto

264 1565 345 1626 festo
367 1564 604 1626 Purificacionis
624 1564 714 1626 beate
736 1564 845 1636 Maris,
867 1569 961 1644 prout
982 1564 1128 1643 superius
1151 1565 1339 1626 continetur.
1382 1566 1505 1626 Datum

264 1672 348 1750 apud
370 1670 525 1750 Heybury
548 1671 636 1749 juxta
672 1670 861 1743 Londonias,
889 1671 952 1730 616ο
976 1670 1027 1731 die
1059 1671 1179 1732 mensis
1200 1670 1393 1742 Decembris,
1418 1690 1504 1732 anno

265 1777 394 1838 Domini
423 1775 590 1838 millesimo
619 1776 793 1857 coenan,
818 1782 878 1838 666.

264 2007 341 2086 drap.
371 2007 547 2068 1.-Larter
577 2006 613 2085 os
644 2005 693 2067 1166
723 2006 806 2085 Popc
837 2013 866 2066 t'o
898 2005 947 2066 the
978 2005 1098 2083 Birhop
1128 2005 1164 2084 os
1195 2005 1259 2082 aly
1289 2005 1353 2066 ond
1383 2005 1504 2066 certata

386 2087 472 2149 other
503 2086 646 2166 Bishopa,
681 2086 855 2166 ecprmaiop
891 2086 940 2146 his
974 2086 1097 2146 wocrdcr
1131 2085 1199 2146 thot
1234 2086 1303 2164 they
1339 2086 1414 2147 hooc
1448 2093 1503 2148 not

387 2169 504 2230 stricari
536 2188 617 2229 mora
651 2167 802 2246 camartly
837 2174 866 2227 to
900 2166 1036 2227 matraio
1070 2166 1119 2226 the
1154 2167 1239 2245 Kinp
1267 2167 1352 2246 from
1385 2186 1503 2246 wrong-

386 2249 489 2328 dcr'ap,
514 2249 577 2310 aad
601 2249 711 2326 oskiap
737 2249 817 2309 tlwm
842 2255 870 2309 1ο
895 2248 933 2308 do
959 2247 1040 2308 their
1062 2254 1176 2308 ctnwat
1201 2247 1272 2308 both
1297 2254 1326 2308 to
1351 2247 1502 2326 inflacncc

388 2330 438 2391 the
475 2331 559 2409 Kiaq
597 2329 710 2408 eripiat,
749 2329 812 2390 aad
848 2335 877 2389 to
912 2347 1078 2407 ancorarapc
1112 2328 1161 2388 tha
1189 2328 1329 2408 faithful
1363 2335 1393 2390 16
1427 2330 1504 2408 offer

384 2431 513 2490 propera
540 2431 580 2473 oa
609 2411 657 2472 aa
687 2410 799 2489 bctals.

345 2568 509 2629 lohannes
534 2567 721 2647 Episcopus,
747 2587 856 2628 servus
881 2586 1043 2627 servorum
1068 2566 1137 2638 Dei,
1163 2565 1333 2626 venerabili
1357 2565 1447 2626 fratri
1471 2565 1502 2626 J.

266 2673 424 2753 Episcopo
446 2672 567 2735 Eliensi
587 2673 731 2744 salutem,
757 2679 816 2733 etc.
873 2672 954 2747 Quia
978 2693 1017 2732 ax
1047 2673 1190 2752 injuncte
1221 2671 1277 2733 tibi
1302 2671 1504 2732 administra·

265 2781 364 2841 aionis
395 2779 498 2839 officio
529 2779 705 2838 animarum
739 2798 846 2839 curam
877 2779 996 2840 teneris
1030 2777 1196 2838 salubriter
1230 2797 1345 2857 gerere,
1377 2783 1410 2839 et
1443 2798 1503 2858 pro

263 2885 357 2946 domo
378 2884 509 2945 Domini
530 2883 772 2945 ascendentibus
803 2904 841 2944 ex
865 2885 996 2944 adverso
1022 2903 1146 2943 murum
1175 2882 1447 2962 inexpugnabilem
1469 2889 1503 2945 te

262 2991 401 3070 prebere,
423 2989 553 3050 verbum
575 2989 693 3050 domini
715 2990 747 3048 in
768 3009 822 3050 ore
844 2995 898 3050 tuo
919 2989 1082 3069 alligatum
1103 3010 1172 3051 esse
1193 3009 1257 3050 non
1276 2989 1403 3069 expedit
1424 2990 1502 3069 quin

262 3097 401 3178 loquaris
422 3097 456 3155 in
477 3095 590 3174 spiritu
617 3095 771 3156 libertatis
792 3095 875 3174 quod
900 3095 1035 3156 salutem
1056 3093 1231 3165 animabus,
1254 3072 1339 3173 duod
1360 3084 1500 3175 quietem

262 3203 396 3283 populis,
433 3202 517 3282 quod
551 3201 682 3262 ecclesie
709 3201 895 3272 libertatem,
920 3201 1073 3261 honorem
1098 3201 1176 3272 Deo,
1212 3205 1245 3260 et
1279 3200 1501 3262 liberacionem

261 3311 363 3390 patris
383 3309 535 3380 conferat,
557 3313 589 3369 et
614 3307 792 3386 specialiter
811 3307 1010 3368 carissimum
1026 3307 1059 3366 in
1077 3307 1205 3368 (lhristo
1226 3306 1326 3367 filium
1345 3313 1500 3380 nostrum,

262 3414 465 3484 Edwardum,
487 3413 605 3492 Regem
634 3413 744 3492 Anglie
775 3412 939 3484 illustrem,
965 3413 1005 3472 ad
1036 3413 1120 3473 viam
1141 3412 1283 3473 veritatis
1315 3418 1348 3474 66
1374 3413 1502 3492 justicie

262 3520 400 3582 Domino
422 3519 671 3598 improsperante
686 3519 824 3579 reducat.
867 3519 959 3590 Ecce,
978 3518 1082 3589 Pater,
1100 3524 1208 3598 aperte
1228 3518 1326 3590 vides,
1342 3519 1404 3580 nisi
1418 3519 1500 3581 forte

261 3624 452 3695 dissimules,
484 3623 567 3702 quod
592 3622 722 3684 ecclesia
747 3642 808 3702 que
832 3622 929 3683 libera
959 3643 1029 3683 6666
1053 3622 1146 3683 debet
1175 3622 1234 3683 sub
1258 3623 1339 3702 regis
1366 3624 1502 3703 predicti

262 3729 414 3810 regimine
439 3728 534 3788 variis
554 3727 774 3788 exaccionibus
806 3732 837 3788 66
862 3727 998 3807 angariis
1022 3727 1146 3788 infestis
1175 3728 1372 3807 opprimitur,
1394 3729 1503 3808 sicque

262 3835 430 3915 depressus
452 3839 501 3894 est
522 3837 625 3893 status
644 3834 713 3913 ejus
732 3854 750 3893 a
769 3833 869 3894 multo
887 3834 953 3913 jam
973 3839 1115 3912 tempore
1133 3838 1169 3893 ut
1188 3835 1350 3895 evidenter
1368 3836 1503 3896 anullari

261 3945 400 4020 cogatur.
444 3939 536 3998 Bona
556 3938 635 4017 ejus,
657 3939 697 3998 ad
728 3958 789 4018 que
820 3938 899 3998 laica
930 3958 1043 3999 manus
1075 3940 1202 4000 extendi
1223 3960 1287 4000 non
1310 3941 1411 4014 debet,
1442 3963 1502 4022 pro

262 4045 351 4107 libito
382 4045 453 4123 ejus
488 4043 686 4122 diripiuntur,
722 4043 755 4102 in
792 4043 942 4123 predictis
981 4043 1082 4105 clerus
1118 4051 1249 4105 vexatur
1289 4045 1436 4118 indebite,
1469 4054 1503 4109 66

261 4151 396 4212 babetur
413 4149 550 4228 proboso
570 4149 775 4228 contemptui,
797 4148 910 4229 vixque
929 4150 1084 4228 reperitur
1104 4151 1217 4231 aliquis
1238 4172 1331 4231 quem
1349 4153 1395 4213 sic
1414 4154 1502 4216 zelus

261 4257 375 4317 domus
397 4252 564 4315 Dominice
588 4253 732 4314 comedat
757 4258 792 4313 ut
824 4254 900 4315 velit
925 4274 1020 4334 super
1040 4253 1124 4316 illius
1146 4257 1352 4317 concussione
1372 4259 1502 4319 moveri.

262 4360 301 4421 In
336 4378 434 4439 regno
465 4357 600 4437 justicia,
632 4378 693 4438 que
727 4359 942 4437 principaliter
979 4359 1117 4420 relucere
1156 4359 1248 4421 debet
1283 4361 1316 4420 in
1350 4363 1501 4442 principe,

262 4467 367 4528 debito
400 4464 489 4525 cultu
513 4484 577 4524 non
606 4465 728 4536 colitur,
754 4466 808 4526 sed
833 4466 873 4525 ad
901 4465 1033 4544 injurias
1066 4472 1100 4527 et
1132 4467 1352 4545 oppressiones
1376 4469 1502 4549 iniquas

263 4573 386 4633 frenum
412 4569 583 4629 multorum
603 4569 732 4649 impune
754 4576 887 4641 taxatur,
905 4570 1053 4632 officiales
1074 4570 1150 4650 regii
1168 4572 1361 4651 regularibus
1379 4574 1503 4653 juribus

262 4699 325 4740 non
344 4677 488 4738 contenti
509 4676 591 4737 bona
612 4683 643 4737 66
664 4678 734 4757 jura
748 4677 896 4748 fidelium,
914 4677 1115 4754 tyrannidem
1134 4685 1324 4749 exercentes,
1346 4687 1503 4758 occupant

263 4791 294 4846 66
321 4787 488 4862 usurpant.
544 4781 633 4842 Inter
657 4783 715 4843 hec
736 4782 883 4843 terribilis
904 4782 937 4840 in
962 4782 1104 4842 conciliis
1126 4803 1221 4860 super
1240 4782 1313 4844 filiis
1338 4784 1504 4844 hominum

265 4911 380 4971 sponse
402 4909 459 4951 sue
481 4889 586 4950 zelans
603 4890 755 4952 bonorem
774 4896 806 4951 et
823 4885 1024 4950 commodum
1045 4909 1155 4968 guerre
1176 4890 1340 4970 dispendia
1360 4892 1503 4964 suscitat,

267 4997 299 5056 in
319 4995 435 5076 quibus
460 4994 591 5056 66616616
613 4996 780 5057 thesaurus
810 4995 928 5075 injuste
959 4994 1102 5074 direptus
1133 4997 1321 5075 expenditur
1339 5017 1398 5057 nec
1419 5017 1505 5058 com·

268 5103 363 5164 missa
383 5121 423 5163 ex
443 5101 506 5162 hiis
526 5101 624 5180 prelia
644 5107 877 5181 prosperantur,
899 5121 972 5162 cum
996 5120 1158 5180 nunquam
1180 5101 1310 5164 66616616
1331 5102 1432 5182 spolia
1453 5104 1505 5164 vel
