3850 5917
217 931 275 972 Ad).
290 932 347 972 1³21.

391 701 449 760 188
764 700 943 778 Rapistrnm
970 699 1036 760 Ado
1063 699 1099 760 da
1129 699 1253 760 oraton

471 926 538 986 Nos
570 926 665 1005 igitur
700 927 900 988 attendentes
928 927 1013 1006 quod
1041 925 1122 986 bone
1160 925 1311 986 memorie
1350 924 1497 984 dominus
1525 923 1554 984 J.
1587 924 1626 984 de

391 1032 602 1112 Aquablanca,
619 1035 778 1112 quondam
798 1034 945 1095 Decanus
964 1031 1214 1103 Hereiordensis,
1234 1031 1310 1091 dum
1329 1031 1415 1102 vixit,
1431 1030 1627 1110 capellanum

392 1137 510 1196 domini
538 1137 624 1216 Papa
652 1131 687 1198 se
707 1138 891 1208 nominavit,
914 1143 947 1198 et
967 1157 1025 1217 pro
1046 1137 1101 1197 tali
1126 1136 1288 1215 sogessit,
1314 1137 1460 1216 quodque
1481 1135 1627 1196 dominus

391 1248 501 1303 noster
521 1244 608 1323 Papa
627 1243 788 1322 predictus
809 1243 841 1302 in
870 1245 1033 1324 presencia
1054 1247 1163 1304 nostra
1192 1242 1298 1302 omnia
1320 1240 1471 1302 beneficia
1495 1240 1626 1320 capella-

391 1369 503 1408 norum
531 1368 658 1409 suorum
681 1348 796 1428 ubique
819 1349 1041 1409 decedencium
1063 1347 1226 1408 collacioni
1255 1345 1344 1407 Sedis
1362 1344 1541 1425 Apostolice
1561 1345 1627 1404 iore

390 1454 568 1534 specialiter
597 1460 756 1514 reservata
799 1454 977 1532 [decrevit],
1016 1459 1049 1515 et
1081 1453 1165 1533 quod
1189 1453 1371 1532 hujusmodi
1399 1452 1624 1513 reservacionis

391 1562 545 1639 pretextu¹
570 1560 609 1620 de
623 1560 769 1620 omuibus
791 1559 952 1620 beneficiis
974 1579 1035 1639 que
1056 1558 1184 1619 fuerunt
1205 1557 1281 1617 dicti
1303 1557 1423 1617 Decani
1445 1556 1628 1617 intendebat

390 1664 533 1743 personis
553 1663 685 1743 ydoneis
716 1662 888 1742 providere,
919 1663 1073 1742 prefatam
1105 1661 1369 1741 protestacionem
1400 1680 1456 1721 seu
1485 1661 1625 1741 proposi·

392 1769 514 1830 cionem
529 1770 569 1829 ad
583 1789 709 1845 omnem
723 1769 872 1830 effectum
887 1768 941 1849 qui
959 1788 997 1829 ex
1011 1789 1049 1829 ea
1065 1770 1103 1828 de
1117 1769 1184 1847 jure
1206 1767 1293 1846 sequi
1308 1767 1424 1846 poterit
1439 1767 1489 1827 vel
1503 1767 1628 1828 debebit

391 1864 789 1944 duximus'admittendam,
807 1876 980 1954 ipsamque,
995 1879 1149 1954 quantum
1167 1874 1206 1934 de
1226 1874 1295 1952 jure
1310 1873 1359 1933 vel
1374 1873 1412 1933 de
1432 1873 1536 1952 gracia
1556 1893 1627 1953 pos·

392 2001 510 2052 sumus,
540 1986 750 2060 acceptamus.
789 1981 948 2061 Vobisque
970 1980 1116 2042 omnibus
1137 1985 1169 2041 et
1189 1980 1320 2060 singulis
1339 1979 1523 2040 intimamus
1544 1981 1628 2060 quod

391 2092 498 2147 nostre
515 2086 704 2147 intencionis
719 2092 751 2147 et
770 2087 942 2148 voluntatis
956 2087 1062 2147 extitit
1076 2091 1108 2146 et
1122 2086 1229 2147 existit
1243 2086 1327 2165 quod
1348 2106 1413 2146 non
1427 2085 1626 2146 obstantibus

392 2193 619 2272 acceptacions,
646 2192 825 2262 collacione,
848 2197 880 2253 et
901 2192 971 2253 aliis
992 2192 1084 2253 iactis
1105 2212 1163 2271 pro
1183 2198 1273 2271 parte
1299 2191 1375 2251 dicti
1399 2191 1540 2270 magistri
1561 2190 1627 2251 Ade

390 2298 429 2358 de
463 2297 621 2378 prebenda
645 2298 684 2358 de
722 2297 950 2378 Bollynghops,
980 2297 1018 2358 de
1056 2298 1170 2378 quibus
1208 2299 1240 2356 in
1276 2297 1360 2358 dicta
1391 2296 1623 2376 protestacione

391 2405 515 2484 plenius
537 2404 725 2476 continetur,
748 2405 831 2464 idem
853 2405 1002 2484 magister
1016 2403 1117 2464 Adam
1131 2403 1180 2464 vel
1195 2423 1271 2464 suus
1291 2408 1475 2482 procurator
1489 2402 1628 2482 legitime

392 2510 584 2570 constitutus
606 2510 699 2569 aliam
721 2510 913 2590 prebendam
932 2510 965 2568 in
982 2508 1104 2588 prefata
1121 2508 1253 2570 ecclesia
1275 2515 1383 2568 nostra
1402 2507 1627 2568 Hereiordensi

390 2616 480 2696 juxta
500 2615 573 2685 vim,
596 2615 738 2686 formam,
764 2622 796 2676 et
818 2615 968 2676 effectum
990 2615 1092 2694 gracie
1115 2634 1171 2675 sue
1196 2614 1255 2675 sibi
1281 2613 1320 2674 ab
1344 2613 1523 2692 Apostolica
1547 2613 1628 2674 Sede

392 2741 540 2782 concesse
554 2720 656 2781 valeat
683 2726 855 2800 acceptare,
877 2726 910 2781 et
937 2727 1042 2781 cetera
1062 2739 1210 2800 peragere
1231 2724 1263 2780 et
1285 2719 1351 2780 lieri
1374 2739 1541 2798 procurare
1563 2739 1625 2799 que

393 2828 432 2887 ad
467 2828 701 2888 assecucionem
736 2827 916 2907 hujusmodi
947 2826 1105 2906 prebende
1136 2825 1195 2886 sibi
1227 2825 1340 2885 viderit
1371 2825 1524 2904 expedire.
1589 2824 1629 2883 In

392 2953 526 3012 quorum
575 2933 717 2993 omnium
762 2933 980 2994 testimonium
1029 2937 1192 3012 presentes
1241 2930 1362 2992 litteras
1402 2951 1460 3009 per
1500 2949 1629 2990 manum

392 3039 556 3118 Reginsldi
585 3039 624 3099 de
652 3039 854 3109 Monselowe,
883 3044 952 3108 etc,
989 3037 1104 3098 notarii
1132 3037 1240 3108 nostri,
1275 3037 1314 3097 de
1343 3037 1492 3097 mandato
1519 3041 1629 3097 nostro

392 3145 525 3223 scriptas
545 3143 646 3223 sigillo
671 3150 779 3204 nostro
807 3143 939 3204 lecimus
962 3142 1159 3204 communiri.
1203 3141 1318 3202 Actum
1342 3146 1375 3202 et
1403 3141 1512 3201 datum
1535 3161 1628 3212 anno,

393 3269 511 3319 mense,
546 3249 606 3321 dis,
645 3249 828 3319 indiccione,
868 3255 900 3311 et
938 3249 1007 3309 loco
1042 3248 1201 3328 predictis,
1230 3247 1264 3306 in
1297 3247 1460 3326 presencia
1498 3247 1628 3307 testium

392 3355 640 3434 subscriptorum
686 3361 755 3425 etc,
797 3355 951 3425 videlicet,
996 3353 1152 3414 Johannis
1194 3353 1232 3413 de
1271 3351 1468 3423 Ertecombe,
1513 3352 1627 3412 notarii

390 3460 516 3540 publici,
539 3467 572 3521 et
601 3461 763 3540 Reginaldi
787 3461 862 3521 dicti
892 3461 995 3530 Perot,
1025 3459 1267 3520 Hereiordensis
1300 3459 1444 3519 diocesis.
1498 3459 1542 3518 Et
1569 3477 1628 3538 ego

393 3565 584 3644 Reginaldus
605 3566 644 3626 de
667 3566 869 3635 Monselowe,
895 3571 964 3636 etc,
979 3564 1142 3645 premissis
1163 3563 1386 3644 protestacioni
1411 3583 1467 3624 seu
1488 3563 1627 3642 proposi-

392 3673 484 3742 cioni,
513 3672 696 3734 admissioni
726 3673 955 3753 acceptacionis
984 3673 1134 3752 ejusdem,
1165 3677 1197 3732 et
1225 3671 1295 3732 aliis
1326 3672 1470 3752 superius
1492 3691 1548 3750 per
1578 3692 1629 3733 me

393 3778 519 3857 scriptis
554 3798 690 3838 unacum
718 3779 901 3858 prescriptis
929 3779 1063 3840 testibus
1100 3777 1201 3838 adhoc
1236 3777 1354 3838 notatis
1386 3777 1564 3856 specialiter
1596 3785 1630 3840 et

392 3885 510 3964 rogatis
531 3905 661 3964 presens
691 3885 828 3955 interfui,
854 3905 946 3957 anno,
973 3904 1090 3954 mense,
1116 3884 1175 3954 die,
1201 3883 1385 3954 indiccione,
1411 3888 1443 3943 et
1467 3883 1536 3945 loco
1560 3903 1628 3964 pre·

394 3991 495 4061 dictis,
527 4011 625 4070 eaque
658 3991 703 4052 sic
732 3991 795 4051 vidi
830 3991 896 4051 fieri
929 3997 961 4052 et
993 3990 1107 4061 audivi,
1136 3995 1169 4050 et
1200 4009 1237 4050 ea
1268 3989 1374 4050 omnia
1402 3989 1441 4050 de
1479 3991 1629 4050 mandato

392 4097 468 4157 dicti
490 4098 589 4177 patris
616 4118 653 4158 ac
677 4097 796 4158 domini
826 4099 887 4158 mei
915 4097 1075 4177 Episcopi,
1098 4102 1130 4157 et
1155 4095 1194 4155 ad
1217 4100 1361 4174 rogatum
1382 4095 1458 4156 dicti
1484 4097 1627 4176 magistri

394 4203 460 4264 Ado
483 4203 515 4262 in
543 4204 625 4264 hanc
652 4203 810 4283 publicam
839 4203 972 4264 formam
1001 4202 1104 4282 redegi
1129 4209 1161 4262 et
1185 4206 1257 4281 post
1280 4201 1513 4280 apposicionem
1536 4202 1628 4281 sigilli

393 4300 493 4380 ipsius
515 4301 614 4380 patris
633 4321 670 4360 ec
691 4300 810 4361 domini
832 4300 893 4361 mei
916 4301 977 4360 hoc
997 4301 1244 4360 instrumentum
1267 4298 1427 4379 publicum
1449 4318 1520 4360 msc
1539 4299 1629 4378 signo

395 4405 546 4458 consueto
567 4398 696 4477 signavi.

394 4614 471 4674 Non.
503 4613 727 4674 19.-Tlromos
757 4615 795 4674 dc
825 4613 1017 4692 Portington,
1039 4613 1151 4674 Rector
1181 4614 1216 4692 os
1245 4613 1394 4690 Taynton,
1429 4612 1546 4691 resigna
1580 4613 1629 4675 tis

517 4693 651 4772 beraefioe,
696 4715 731 4755 or
761 4695 810 4755 the
836 4715 970 4775 purpose
999 4695 1034 4775 of
1064 4693 1209 4772 carrying
1238 4700 1292 4754 out
1322 4714 1365 4754 an
1384 4693 1535 4772 cremnos
1554 4694 1633 4755 willa

522 4776 636 4835 Walter
684 4796 699 4836 e
726 4776 876 4846 Bomvill,
905 4776 1017 4836 Rector
1043 4776 1078 4856 of
1108 4775 1218 4852 Wclby.

476 4923 691 4982 Paauusaoro
730 4941 958 4983 ucenasuauu
1000 4941 1043 4982 us
1086 4923 1263 4982 Tururouu
1302 4939 1344 4980 ur
1379 4939 1422 4980 us
1458 4893 1638 4983 Wunnrnf

395 5019 675 5080 Hanaroaoausrs
711 5039 752 5079 ur
797 5021 1052 5080 Liuoonumnsrs
1088 5017 1359 5079 mocianum—In
1396 5018 1456 5079 Dei
1491 5019 1629 5093 nornine,

869 5140 934 5180 l-ln
948 5139 999 5180 MS.
1016 5137 1145 5186 bredextu.
