3850 5917
681 702 833 784 Episcopi
859 702 1104 783 Hcrcsordcruir.
1470 705 1511 768 88

122 938 231 978 tum&
271 929 435 989 Edmundi
463 928 559 1008 Regis
586 936 618 988 et
646 927 805 1007 martyris,
834 927 959 988 litteras
987 928 1133 988 ordinum
1162 947 1289 989 suorum
1319 947 1357 988 ac
1385 928 1509 990 iustitu·
1564 969 1567 975 ‚

270 1037 398 1096 cionum
433 1044 465 1095 et
501 1034 724 1095 iuduccionum
760 1053 900 1104 suarum,
934 1053 1057 1094 necnon
1087 1034 1113 1094 si
1141 1033 1218 1114 quid
1244 1033 1381 1113 speciale
1417 1054 1512 1114 super

271 1141 580 1221 appropriacionibus
601 1141 814 1211 ecclesiarum,
834 1141 1031 1221 porciouum,
1046 1141 1245 1220 pensionum,
1267 1146 1299 1200 et
1318 1142 1512 1202 decimarum

270 1249 457 1326 parcialium
485 1248 696 1327 predictarum
724 1247 929 1326 percepcione
954 1247 1130 1326 optineant,
1152 1266 1209 1326 pro
1234 1248 1369 1308 termino
1391 1247 1512 1326 preciso

272 1362 304 1415 et
320 1355 533 1435 peremptorio
547 1353 670 1415 divisim
687 1353 867 1424 exhibituri,
883 1353 1051 1424 ostensuri,
1073 1353 1273 1432 proposituri,
1289 1358 1332 1426 et,
1352 1361 1511 1434 quatenus

272 1463 323 1540 jus
354 1463 485 1540 patitur,
516 1459 687 1538 probaturi.
745 1460 889 1520 Citamus
918 1460 1019 1520 eciam
1049 1480 1114 1531 vos,
1143 1463 1227 1539 quod
1255 1459 1373 1520 eisdem
1402 1459 1452 1520 die
1480 1465 1512 1520 et

274 1569 343 1628 loco
366 1566 577 1646 compareatis
600 1586 705 1626 coram
730 1565 821 1625 nobis
838 1585 894 1625 seu
917 1565 1135 1625 commissario
1156 1571 1265 1627 nostro
1287 1565 1510 1636 institucionis,

272 1673 479 1744 iuducciouis,
504 1684 536 1732 et
559 1671 704 1733 ordinum
727 1677 900 1732 vestrorum
925 1671 1047 1731 litteras
1069 1670 1274 1730 consimiliter
1297 1691 1355 1750 pro
1377 1671 1514 1731 termino

273 1779 484 1858 peremptorio
513 1777 694 1848 exhibituri,
731 1786 764 1837 et
795 1777 965 1838 ostensuri.
1027 1777 1093 1838 Vos
1124 1794 1199 1838 vero
1226 1783 1259 1838 et
1288 1777 1341 1837 alii
1368 1777 1513 1855 superius

274 1884 428 1945 nominati
449 1903 487 1945 ea
516 1883 624 1944 omnia
644 1891 677 1944 et
706 1883 829 1962 singula
856 1902 918 1963 que
947 1883 1092 1962 superius
1119 1882 1330 1954 continentur,
1355 1890 1513 1961 quatenus

275 1991 315 2051 ad
343 1991 429 2070 ipsos
467 2009 574 2051 eorum
614 1990 754 2068 singulos
789 1997 822 2050 et
858 2007 915 2051 vos
943 1990 1059 2049 attinet
1096 2009 1168 2050 cum
1205 1990 1447 2050 continuacione
1480 1997 1513 2050 et

273 2096 496 2175 prorogacione
519 2095 640 2155 dierum
670 2095 933 2174 subsequencium
962 2095 1086 2165 facturi,
1126 2106 1158 2155 et
1182 2095 1316 2156 ulterius
1345 2097 1510 2175 recepturi,

270 2201 353 2282 quod
390 2201 552 2262 canonicis
587 2201 734 2262 convenit
772 2200 937 2271 institutis,
978 2201 1208 2261 denunciantes
1239 2219 1296 2261 scu
1329 2201 1513 2261 denunciari

272 2308 425 2368 iacientes
446 2307 575 2378 eisdem,
605 2317 638 2366 et
666 2326 774 2367 eorum
799 2306 937 2378 cuilibet,
966 2307 1061 2385 quod,
1086 2308 1151 2367 sive
1175 2308 1320 2367 venerint
1345 2308 1411 2368 sive
1437 2327 1512 2378 non,

274 2413 363 2474 vobis
387 2414 516 2491 insuper
544 2412 773 2473 denunciamus
797 2412 881 2493 quod
907 2413 973 2473 sive
1001 2413 1151 2474 veneritis
1175 2414 1241 2474 sive
1268 2433 1342 2485 non,
1372 2415 1511 2493 ipsorum

271 2539 327 2579 seu
370 2521 465 2578 vestri
502 2518 667 2598 presencia
693 2519 822 2578 minime
850 2525 1029 2597 expectata.
1059 2519 1092 2578 in
1119 2519 1282 2598 premissis
1319 2526 1352 2580 et
1382 2521 1512 2599 premis·

272 2645 378 2686 sorum
408 2625 548 2702 singulis,
578 2625 629 2684 dis
656 2630 689 2684 et
718 2625 786 2684 loco
815 2625 955 2696 statutis,
986 2630 1115 2684 auctore
1139 2623 1279 2684 Domino
1306 2625 1513 2702 procedemus

270 2739 429 2810 quatenus
458 2731 587 2808 dejure
611 2730 702 2807 juxta
729 2729 941 2808 predictorum
970 2730 1157 2809 qualitatem
1186 2737 1219 2791 et
1247 2737 1395 2790 naturam
1418 2731 1513 2791 fuerit

270 2835 515 2914 procedendum.
559 2835 724 2896 Terminos
753 2854 844 2897 veros
873 2835 918 2895 ita
940 2834 1051 2895 breves
1075 2842 1107 2895 et
1128 2835 1356 2914 peremptorios
1383 2841 1513 2914 propter

269 2940 399 3001 evidens
428 2939 602 3018 periculum
632 2940 809 2999 animarum
837 2939 877 3000 de
916 2959 979 3018 quo
1014 2939 1217 3000 virisimiliter
1244 2939 1431 3000 formidatur
1466 2939 1511 2999 sic

269 3047 418 3106 duximus
455 3045 692 3106 abbreviandos.
739 3045 831 3120 Quid
859 3054 971 3104 autum
999 3045 1033 3104 in
1061 3046 1233 3124 premissis.
1272 3052 1332 3107 etc.
1390 3046 1512 3106 Datum

270 3153 355 3232 apud
387 3153 529 3230 Sugwas,
555 3151 612 3230 xij⁰
632 3152 682 3212 die
707 3153 825 3212 mensis
850 3151 1050 3222 Novembris,
1076 3170 1161 3212 anno
1185 3152 1315 3212 Domini
1344 3152 1512 3213 millesimo

270 3259 495 3320 trecentesimo
523 3257 769 3328 octavodecimo,
795 3268 856 3319 etc.

272 3577 534 3641 Nov.12.-Thc
558 3577 649 3638 Deua
668 3577 732 3638 and
759 3577 893 3657 Chapter
913 3577 1023 3657 ccrttfy
1045 3577 1095 3638 the
1116 3577 1236 3657 Bishcp
1257 3577 1324 3638 that
1346 3577 1415 3656 they
1437 3578 1514 3640 huuc

399 3659 477 3736 duty
499 3658 579 3720 cited
609 3658 745 3718 William
764 3659 801 3719 ds
821 3659 993 3738 Kaapctoa,
1014 3679 1050 3719 ar
1070 3658 1222 3737 required.

353 3841 659 3904 Csamrrcauomuu
693 3857 798 3901 surus
832 3857 1004 3900 orrscroua
1034 3856 1189 3900 uaorsrar
1223 3839 1274 3900 W.
1303 3857 1347 3900 na
1381 3839 1510 3900 Kurra

272 3946 597 4008 roua-Reverendo
645 3946 678 4005 in
715 3946 842 4008 Christo
876 3945 969 4026 patri,
1010 3945 1139 4007 domino
1180 3945 1256 4017 Ade,
1297 3951 1367 4017 etc,
1402 3946 1511 4026 ejusve

273 4052 492 4114 commissario
509 4051 542 4112 in
561 4052 621 4112 hac
649 4057 748 4132 parte,
765 4050 870 4112 devoti
888 4051 937 4112 sui
955 4052 1103 4112 Decanus
1130 4057 1163 4112 et
1179 4051 1360 4131 Capitulum
1381 4051 1512 4112 ecclesie

272 4159 419 4229 salutem,
462 4163 522 4218 etc.
589 4157 728 4218 Litteras
760 4163 891 4228 vestras,
913 4157 968 4236 vj⁸⁰
1004 4155 1074 4217 Kal.
1110 4156 1308 4228 Novembris,
1336 4156 1513 4236 recepimus

273 4269 417 4326 tenorem
443 4263 643 4324 continentes
670 4262 916 4342 infrascriptum.
969 4261 1079 4333 Adam,
1102 4267 1172 4334 etc,
1196 4267 1234 4322 ut
1263 4262 1296 4321 in
1331 4263 1510 4341 precedenti

273 4369 357 4431 lolio.
416 4367 511 4430 Unde
544 4387 604 4428 nos
623 4368 771 4428 Decanus
795 4373 828 4428 et
868 4366 1050 4447 Capitulum
1078 4366 1229 4428 antedicti
1257 4367 1376 4428 dictum
1399 4367 1511 4447 magis·

274 4482 359 4535 trum
397 4473 593 4536 Willalmum
621 4473 828 4554 personaliter
855 4493 920 4534 non
948 4473 1113 4533 inventum
1141 4473 1175 4533 in
1202 4473 1334 4534 ecclesia
1361 4473 1511 4552 predicta,

274 4580 440 4641 citacionis
462 4585 566 4641 vestre
583 4578 684 4640 forma
704 4579 738 4639 in
763 4579 855 4641 stallo
878 4598 936 4640 suo
958 4579 1097 4648 dimissa,
1114 4577 1324 4658 peremptorie
1345 4578 1513 4639 citavimus

273 4689 358 4768 quod
385 4687 437 4747 die
462 4690 494 4746 at
521 4686 591 4747 loco
618 4685 651 4745 in
679 4685 798 4746 eisdem
831 4684 989 4746 contentis
1017 4703 1122 4744 coram
1145 4683 1236 4744 vobis
1263 4689 1407 4744 vestrove
1427 4703 1510 4744 com-

276 4793 422 4855 missario
435 4777 635 4854 'sufficienter
659 4795 848 4870 compareat,
870 4790 1011 4851 lauturus
1033 4795 1065 4851 et
1085 4795 1278 4869 recepturus,
1298 4794 1357 4850 etc.
1393 4789 1513 4848 Datum

273 4899 308 4959 in
328 4898 469 4980 capitulo
493 4902 602 4958 nostro
624 4896 858 4967 Heraiordensi,
884 4895 905 4975 ij
935 4895 983 4955 Id.
1006 4894 1204 4967 Novembris,
1226 4915 1309 4956 anno
1329 4895 1479 4974 predicto.
