3850 5917
714 677 866 759 Episcopi
892 677 1136 758 Herascrdensis.
1483 682 1544 743 259

97 909 182 949 M)-
200 910 262 949 ¹³2³·
305 902 412 964 fratris
435 904 485 963 W.
507 905 548 964 ad
569 904 742 965 Officialem
763 910 904 965 vestrum
925 904 1071 985 congruis
1087 904 1156 967 loco
1177 911 1209 967 et
1230 910 1371 986 tempore
1392 907 1544 968 accedens

129 1008 191 1047 F⁰l
206 1009 244 1047 ⁷¹·
305 1016 339 1068 et
352 1027 408 1088 per
428 1007 533 1087 ipsum
555 1008 594 1068 ad
615 1008 796 1087 hujusmodi
817 1009 1064 1088 appellacionem
1086 1031 1176 1071 suam
1197 1010 1351 1071 informa
1371 1012 1450 1092 juris
1471 1032 1542 1073 con-

305 1118 430 1192 ceptam
465 1114 594 1175 rescribi
628 1134 701 1175 cum
735 1114 892 1175 instancia
922 1113 1028 1176 debita
1061 1116 1235 1196 petivisset,
1281 1116 1363 1178 idem
1403 1117 1545 1179 officialis

305 1220 408 1298 ipsam
439 1224 562 1299 partem
601 1219 646 1280 sic
676 1224 838 1299 petentem
872 1220 1028 1291 exaudire,
1064 1221 1263 1302 debitamque
1289 1222 1450 1300 justiciam
1484 1223 1543 1284 sibi

304 1326 407 1388 iacere
441 1328 473 1386 in
510 1326 570 1387 hac
600 1333 690 1406 parte
718 1347 783 1387 non
815 1326 945 1398 curavit,
978 1328 1054 1408 quin
1085 1328 1191 1408 potius
1215 1329 1371 1390 recusavit
1405 1329 1542 1409 injuste;

305 1438 435 1512 propter
455 1433 539 1513 quod
559 1452 598 1493 ex
617 1438 707 1513 parte
728 1432 870 1512 ejusdem
894 1432 985 1494 iratis
1013 1433 1073 1506 W,
1102 1434 1272 1495 sencientis
1293 1455 1327 1495 se
1348 1455 1385 1495 ex
1406 1435 1467 1496 hoc
1486 1455 1544 1515 per

305 1539 424 1598 dictum
466 1538 640 1599 Officialem
678 1524 828 1599 vestrum‘
846 1539 985 1600 indebite
1014 1540 1200 1620 pregravari,
1231 1541 1270 1600 ad
1302 1540 1428 1601 (iuriam
1463 1542 1542 1603 Oan-

306 1645 497 1706 tuariensem
518 1645 631 1717 extitit,
652 1652 689 1705 ut
709 1646 869 1717 asseritur,
890 1646 1029 1725 legitime
1050 1635 1251 1725 appellatum,
1277 1652 1326 1707 set
1346 1667 1412 1717 vos,
1434 1648 1541 1727 hujus-

305 1750 390 1809 modi
412 1748 634 1830 appellacione,
656 1751 695 1811 de
716 1770 778 1829 qua
799 1749 889 1811 vobis
910 1749 1102 1811 sufficienter
1129 1751 1277 1821 innotuit,
1298 1771 1362 1811 ncn
1387 1751 1542 1823 obstante,

304 1876 342 1916 ac
362 1861 482 1935 postet
503 1860 613 1917 contra
631 1876 702 1917 eam
722 1856 880 1936 prefatum
895 1856 1036 1917 Priorem
1054 1858 1093 1917 ad
1115 1857 1285 1917 terminum
1307 1857 1402 1918 nimis
1416 1858 1542 1919 brevem

305 1969 337 2022 et
358 1960 614 2040 peremptorium,
636 1961 688 2021 vix
715 1961 857 2041 spacium
885 1960 1018 2021 duorum
1046 1962 1167 2022 dierum
1195 1962 1419 2034 continentem,
1449 1982 1543 2041 super

305 2067 487 2145 hujusmodi
525 2066 759 2127 ministracione
787 2066 956 2127 eukaristie
983 2067 1123 2146 predicte
1151 2066 1283 2139 mulieri,
1312 2073 1349 2128 ut
1377 2069 1540 2146 pretende-

304 2172 395 2243 batis,
418 2171 501 2233 iacta
521 2192 559 2233 ex
580 2172 682 2234 officio
709 2192 933 2251 responsurum
955 2191 1062 2233 coram
1082 2172 1171 2233 vobis
1203 2172 1235 2231 in
1256 2173 1350 2233 domo
1378 2174 1542 2253 capitulari

305 2384 425 2445 fecistis
452 2384 492 2444 ad
519 2384 672 2463 judicium
699 2383 831 2450 evocari,
856 2388 889 2443 et
909 2382 943 2442 in
966 2384 1076 2444 eodem
1097 2384 1223 2464 negotio
1243 2403 1407 2465 perperam
1435 2404 1541 2464 proce·

305 2492 415 2551 dentes
436 2490 541 2570 ipsum
564 2489 693 2550 tratrem
722 2489 782 2560 W,
803 2488 908 2550 libello
929 2508 986 2550 seu
1017 2488 1149 2549 articulo
1169 2508 1235 2549 non
1257 2488 1373 2560 oblato,
1395 2490 1449 2551 lite
1477 2510 1542 2550 uon

304 2600 490 2667 contestata,
518 2594 597 2674 juris
618 2594 727 2655 ordine
747 2594 802 2674 qui
825 2593 859 2654 in
888 2594 948 2655 hac
979 2599 1067 2673 parte
1099 2593 1314 2673 requirebatur
1341 2594 1375 2654 in
1395 2594 1542 2656 omnibus

301 2701 514 2782 pretermisso,
535 2700 569 2759 in
584 2700 779 2761 sentenciam
807 2699 1144 2761 excommunicacionis
1172 2700 1300 2779 majoris
1328 2700 1540 2780 supradictam

302 2806 449 2867 incidisse
485 2805 718 2867 sentencialiter
751 2810 784 2865 et
819 2804 984 2865 diffinitive
1017 2805 1259 2883 pronunciastis,
1289 2810 1322 2866 et
1356 2806 1460 2885 ipsum
1495 2806 1541 2867 sic

302 2913 608 2974 excommunicatum
630 2910 755 2990 publice
780 2910 962 2971 denunciari
984 2910 1198 2971 demandastis
1227 2910 1344 2989 pariter
1366 2916 1398 2971 et
1422 2909 1542 2972 fecistis

300 3019 406 3080 minus
433 3020 527 3098 juste,
562 3018 593 3077 in
639 3016 739 3097 ipsius
770 3014 877 3077 fratris
914 3015 965 3074 W.
1002 3014 1219 3094 prejudicium,
1261 3015 1434 3095 dampnum
1475 3035 1539 3075 non

302 3124 469 3195 modicum,
491 3128 524 3184 et
550 3142 728 3203 gravamen.
784 3122 879 3184 Unde
899 3141 937 3183 ex
965 3125 1056 3200 parte
1084 3120 1226 3199 ejusdem
1254 3120 1359 3181 fratris
1384 3121 1444 3193 W,
1469 3141 1538 3182 sen-

301 3229 414 3291 cientis
435 3248 469 3290 se
489 3248 528 3289 ex
548 3228 610 3289 hiis
630 3232 663 3289 et
684 3247 793 3288 corum
812 3225 952 3307 quolibet
973 3246 1029 3307 per
1049 3246 1105 3287 vos
1126 3226 1264 3287 indebite
1294 3226 1471 3307 pregravari
1499 3226 1540 3287 ad

301 3335 418 3395 dictam
440 3334 567 3396 Curiam
589 3332 849 3395 (lantuariensem
869 3332 983 3403 extitit,
1005 3338 1041 3392 ut
1070 3332 1220 3393 asseritur
1240 3331 1378 3411 legitime
1403 3332 1538 3411 appella-

302 3446 381 3501 tum.
423 3440 527 3515 Quare
547 3439 636 3500 vobis
657 3458 730 3499 cum
759 3458 797 3499 ea
825 3458 888 3518 qua
908 3439 998 3498 decet
1019 3437 1196 3498 reverencia
1220 3436 1408 3507 inhibemus,
1430 3442 1462 3498 et
1481 3457 1539 3518 per

302 3567 359 3608 vcs
380 3546 465 3607 dicto
497 3545 629 3607 Officiali
650 3549 765 3615 vestro,
786 3564 823 3604 ac
847 3542 959 3605 ceteris
981 3542 1127 3603 omnibus
1148 3547 1180 3603 et
1202 3541 1332 3621 singulis
1353 3542 1466 3622 quibus
1487 3542 1539 3621 jus

302 3652 397 3733 exigit
414 3651 548 3713 inhiberi
564 3649 709 3711 volumus
730 3656 763 3710 et
783 3650 971 3710 mandamus
992 3668 1041 3720 ue,
1060 3647 1272 3728 pendentibus
1292 3648 1325 3707 in
1346 3648 1430 3708 dicta
1445 3648 1539 3709 Curia

301 3756 483 3839 hujusmodi
504 3756 753 3837 appellacionum
782 3755 895 3827 causis,
924 3755 1092 3835 quicquam
1128 3755 1187 3815 hac
1208 3754 1370 3815 occasione
1393 3754 1424 3814 in
1455 3754 1538 3815 dicte

300 3864 399 3944 partis
413 3863 601 3943 appellantis
621 3862 829 3942 prejudicium
848 3861 1054 3941 attemptatis,
1073 3865 1250 3939 attemptet,
1265 3860 1314 3920 vel
1337 3864 1537 3939 attemptent,

300 3970 433 4041 faciatis,
464 3968 568 4038 faciat,
590 3973 646 4029 aut
674 3968 792 4029 iaciant
820 3966 997 4047 aliqualiter
1021 3965 1211 4045 attemptari,
1238 3966 1407 4045 quominus
1435 3966 1536 4026 eidem

299 4076 382 4155 parti
410 4074 582 4155 appellanti
614 4072 711 4135 libera
741 4078 849 4152 pateat
869 4091 943 4133 suas
971 4071 1200 4152 appellaciones
1221 4071 1403 4149 hujusmodi
1431 4090 1536 4150 prose·

299 4180 415 4260 quendi
434 4178 576 4240 facultas.
619 4179 739 4240 Tenore
755 4176 855 4239 eciam
870 4177 1068 4257 presencium
1089 4176 1298 4257 peremptorie
1315 4196 1370 4237 vos
1392 4176 1535 4249 citamus

299 4294 333 4347 et
352 4305 409 4366 per
429 4305 486 4345 vos
507 4284 627 4344 dictum
652 4282 826 4344 Officialem
846 4286 987 4343 vestrum
1012 4282 1102 4342 citari
1118 4281 1264 4343 volumus
1291 4286 1323 4342 et
1340 4282 1535 4355 mandamus,

301 4393 386 4473 quod
399 4390 608 4471 compareatis
629 4394 661 4451 et
675 4393 856 4469 compareat
875 4407 982 4448 coram
1003 4386 1093 4448 nobis
1115 4393 1169 4447 ant
1190 4391 1299 4447 nostro
1314 4386 1536 4449 Commissario

301 4497 334 4558 in
367 4496 500 4560 ecclesia
534 4495 625 4557 beate
659 4494 760 4555 Maria
794 4494 833 4555 de
868 4492 1154 4553 Aldemarichirche
1189 4492 1361 4553 Londoniis
1394 4492 1537 4571 proximo

301 4604 352 4665 die
385 4601 518 4683 juridico
546 4604 620 4680 post
654 4600 771 4660 festum
796 4604 905 4659 sancte
933 4596 1020 4659 Fidis
1041 4596 1179 4675 Virginis
1207 4596 1239 4655 in
1274 4596 1367 4657 dictis
1401 4594 1535 4675 appella-

300 4709 427 4771 cionum
461 4707 564 4768 causis
596 4706 782 4787 processuri,
816 4704 1012 4784 ulteriusque
1049 4702 1162 4763 facturi
1194 4708 1227 4764 et
1264 4703 1419 4782 recepturi
1453 4702 1537 4782 qnod

299 4813 428 4893 justicia
448 4811 600 4874 suadebit.
657 4812 706 4872 De
727 4811 778 4871 die
798 4830 872 4871 veru
893 4808 1085 4888 recepcicnis
1112 4808 1310 4888 presencium
1335 4813 1367 4868 et
1399 4806 1474 4887 quid
1502 4806 1536 4868 in

300 4917 473 5000 premissis,
507 4922 567 4979 eto.
622 4917 742 4977 Datum
776 4914 959 4987 Londoniis,
994 4923 1026 4975 v⁰
1057 4913 1134 4974 Idus
1168 4913 1254 4985 Julii,
1289 4932 1372 4973 anno
1407 4912 1536 4973 Domini

302 5024 442 5088 M⁸000⁶
459 5022 609 5086 vicesimo
628 5022 732 5085 tertio.
