3850 5917
686 702 837 784 spiam
864 704 1107 785 sessorum.
1454 710 1514 772 197

117 957 172 996 Α-ῠ-
185 958 237 999 ¹⁸²¹·
277 948 353 1027 Jaty
375 949 486 1009 1.-R.
510 951 603 1022 Petit,
628 951 740 1012 Rector
763 953 798 1031 of
818 954 989 1032 Accedam,
1014 955 1132 1033 recipias
1158 956 1225 1016 that
1249 955 1382 1034 benefice,
1411 957 1513 1018 retich

396 1029 424 1091 ic
452 1031 671 1111 appropriated
699 1040 728 1093 to
757 1033 806 1094 the
833 1034 931 1095 Abbot
957 1035 1022 1095 aad
1052 1036 1186 1097 Goavcat
1213 1036 1249 1116 of
1273 1037 1363 1098 Dora.

360 1181 524 1243 Eccnusm
559 1202 602 1243 na
633 1185 1084 1250 Aeaeum-Memorandum
1109 1192 1193 1270 quod
1219 1192 1322 1272 prima
1349 1192 1399 1254 die
1426 1193 1513 1266 Julii,

279 1307 362 1348 anno
390 1288 520 1348 Domini
547 1290 736 1370 supradicte,
768 1293 852 1371 apud
879 1293 1117 1368 Whitebourne,
1146 1297 1338 1377 accceptavit
1366 1299 1513 1361 dominus

279 1392 525 1472 resignacionem
546 1393 664 1454 domini
686 1395 723 1454 R.
745 1395 850 1475 Petyt,
869 1397 973 1457 ultimi
993 1399 1136 1461 Rectoris
1153 1401 1283 1462 ecclesie
1304 1403 1342 1462 de
1357 1403 1512 1483 Avebury,

278 1498 411 1560 diocesis
442 1498 692 1572 Herefordensis,
718 1502 757 1562 de
788 1502 857 1581 ipsa
877 1503 1010 1565 ecclesia
1044 1504 1077 1563 in
1105 1505 1250 1566 manibus
1286 1506 1351 1567 suis
1386 1507 1512 1581 iactam,

278 1609 310 1665 et
338 1604 442 1684 ipsum
463 1610 540 1666 tunc
560 1605 694 1666 absolvit
722 1627 741 1667 a
768 1628 843 1668 cura
870 1609 1047 1669 animarum
1070 1610 1152 1672 dicte
1173 1610 1312 1683 ecclesie,
1334 1617 1367 1673 et
1394 1613 1513 1674 eisdem

278 1713 328 1772 die
362 1717 395 1773 et
428 1712 497 1773 loco
538 1713 722 1774 litteratorie
757 1715 913 1775 concessit
947 1715 1130 1776 facultatem
1168 1717 1304 1778 dominis
1338 1717 1452 1778 Abbati
1480 1725 1514 1780 et

278 1817 455 1879 Conventui
489 1819 528 1879 de
559 1819 654 1891 Dora,
686 1820 803 1880 ordinis
828 1821 1057 1893 Oisterciencis,
1090 1823 1282 1902 ingrediendi
1317 1825 1510 1904 corporalem

277 1925 509 2004 possessionem
530 1925 630 2005 ipsius
654 1925 792 1997 ecclesie,
814 1927 860 1987 eis
881 1926 958 1988 alias
979 1947 1036 2006 per
1057 1929 1220 1989 dominum
1246 1929 1511 1992 Herefordensem

277 2031 472 2111 Episcopum
506 2031 544 2093 de
578 2051 734 2092 consensu
762 2031 898 2111 Capituli
930 2033 981 2093 sui
1012 2033 1253 2096 Herefordensis
1281 2036 1430 2098 canonice
1458 2057 1511 2116 ap-

277 2137 444 2216 propriata.

277 2379 354 2456 July
388 2377 520 2438 a-rhe
550 2376 676 2456 Bisbop,
709 2376 823 2455 dariae
858 2377 908 2437 the
940 2379 1089 2458 minoritas
1117 2381 1152 2459 of
1182 2381 1268 2442 Alica
1301 2381 1423 2462 Rocals,
1458 2384 1508 2445 tra

398 2465 469 2518 neat
494 2457 615 2528 beiress,
642 2457 724 2536 pices
750 2457 799 2518 the
825 2458 923 2531 ands,
949 2459 1042 2538 letelp
1068 2461 1136 2521 talc
1164 2461 1197 2521 in
1224 2463 1327 2542 capite
1349 2464 1434 2542 from
1458 2466 1507 2526 aa

398 2538 563 2618 Bishopric
591 2538 628 2616 by
664 2539 747 2599 John
780 2540 887 2610 Irwc'a,
915 2540 982 2601 icto
1011 2541 1059 2601 the
1087 2543 1212 2620 custody
1243 2544 1279 2623 of
1311 2543 1364 2604 her
1387 2545 1504 2624 father,

402 2619 541 2680 William
567 2619 681 2699 Roculj
707 2620 742 2700 os
769 2619 927 2698 Wipmorc.

358 2777 521 2838 Oueroma
541 2793 718 2835 rarraaauu
739 2795 781 2835 nr
802 2795 1075 2837 rnunnsnroaurr
1095 2777 1124 2838 J.
1152 2779 1419 2853 Iulus-Adam,
1440 2787 1511 2854 eta,

276 2881 423 2944 omnibus
443 2881 483 2940 ad
504 2901 583 2960 quos
601 2885 763 2959 presentes
784 2880 888 2940 littere
909 2882 1109 2960 pervenerint
1130 2883 1273 2954 salutem,
1294 2889 1352 2944 etc.
1396 2885 1510 2946 Sciatis

275 3010 334 3051 nos
358 2988 550 3049 concessisse
574 2987 733 3047 Willelmo
753 2985 866 3046 Reculi
890 2987 929 3046 de
950 2987 1129 3066 Wygmore,
1155 2989 1330 3049 custodiam
1355 2995 1510 3051 terrarum

275 3102 308 3158 et
338 3100 591 3156 tenementorum
625 3113 686 3172 que
717 3092 844 3153 fuerunt
874 3092 1030 3153 Johannis
1059 3093 1167 3164 Iwein,
1199 3093 1312 3166 clerici,
1348 3095 1387 3156 de
1418 3095 1510 3158 nobis

275 3206 436 3262 tentorum
456 3199 489 3258 in
510 3198 622 3277 capite,
646 3217 706 3277 que
734 3198 859 3277 quidem
890 3203 1071 3258 tenementa
1095 3199 1219 3260 racione
1259 3200 1389 3261 minoris
1414 3202 1508 3263 etatis

275 3305 383 3375 Alicie,
403 3303 466 3364 filie
487 3303 636 3364 Willelmi
658 3303 798 3381 predicti,
820 3308 852 3363 et
872 3302 995 3363 heredis
1015 3302 1090 3363 dicti
1111 3304 1276 3376 Johannis,
1299 3306 1332 3364 in
1358 3307 1508 3368 Werham

274 3419 307 3474 et
331 3410 480 3473 suburbio
504 3408 698 3479 Herefordie,
722 3408 755 3467 in
777 3428 873 3468 manu
894 3414 1003 3469 nostra
1030 3409 1178 3481 existunt,
1202 3409 1345 3472 habenda
1373 3418 1405 3472 et
1441 3417 1508 3474 ten-

275 3517 356 3578 enda
390 3534 463 3575 cum
499 3513 645 3574 omnibus
674 3512 714 3572 ad
748 3511 834 3571 illam
869 3513 1045 3573 custodiam
1081 3515 1296 3592 spectantibus
1334 3536 1434 3598 usque
1468 3519 1509 3578 ad

274 3621 447 3702 legitimam
467 3622 584 3679 etatem
605 3617 729 3677 heredis
749 3616 907 3695 predicte;
929 3617 1087 3678 reddendo
1108 3617 1181 3679 inde
1201 3619 1292 3681 nobis
1313 3639 1369 3699 per
1389 3641 1508 3683 annum

274 3835 313 3895 ad
347 3832 429 3893 festa
470 3829 654 3890 Natiuitatis
691 3828 775 3889 beati
814 3827 975 3889 Johannis
1005 3827 1159 3908 Baptista,
1196 3830 1303 3890 Sancti
1332 3833 1506 3907 Michaelis,

274 3938 399 4001 Natalis
425 3935 563 4007 Domini,
588 3940 621 3996 et
646 3934 911 3995 Annunciacionis
942 3934 1033 3994 beate
1055 3935 1163 4006 Maria,
1195 3955 1252 4014 per
1282 3937 1408 4015 equales
1436 3959 1507 4018 por·

272 4047 389 4115 cioues,
421 4042 507 4103 salvo
537 4040 628 4101 nobis
655 4039 819 4118 maritagio
854 4039 993 4118 corporis
1021 4039 1145 4100 heredis
1172 4040 1321 4118 predicte,
1350 4047 1382 4102 et
1407 4045 1507 4105 eciam

273 4150 399 4213 dotibus
427 4153 459 4210 et
480 4147 549 4208 aliis
569 4145 799 4208 reversionibus
824 4150 978 4205 terrarum
1002 4150 1034 4204 et
1063 4150 1314 4206 tenementorum
1343 4167 1404 4227 que
1427 4150 1506 4210 acci·

272 4260 345 4319 dere
374 4253 562 4333 contigerint
591 4251 715 4311 racione
747 4251 888 4311 custodie
919 4249 1003 4311 illius
1036 4270 1073 4311 ea
1104 4251 1246 4311 custodia
1282 4252 1327 4312 sic
1364 4254 1506 4319 durante.

272 4365 322 4426 De
342 4383 405 4443 qua
425 4360 551 4441 quidem
572 4377 678 4419 annua
694 4357 853 4418 solucione
869 4357 1029 4436 predictus
1051 4355 1227 4418 Willelmus
1248 4358 1339 4420 nobis
1354 4361 1507 4424 satisfecit

272 4469 413 4532 totaliter
426 4486 525 4545 usque
539 4465 579 4524 ad
599 4463 716 4524 iestum
731 4462 916 4522 Nativitatis
937 4461 1020 4522 beati
1035 4462 1054 4522 J
1056 4461 1190 4522 ohannis
1205 4462 1351 4542 Baptista
1364 4468 1507 4544 proxime

272 4575 413 4636 {uturum
434 4577 506 4652 post
527 4570 611 4631 diem
632 4568 841 4629 conieccionis
858 4567 1066 4647 presencium,
1088 4568 1127 4627 ad
1142 4569 1225 4646 quod
1240 4569 1356 4630 festum
1378 4572 1507 4653 incipiet

270 4681 373 4761 prima
391 4677 509 4738 solucio
529 4673 662 4754 pecunie
683 4678 862 4734 memorate.
906 4673 950 4732 Et
973 4672 999 4733 si
1021 4672 1183 4751 contingat
1207 4673 1365 4752 prelatum
1387 4677 1505 4740 Willel-

272 4805 360 4846 mum
389 4784 423 4843 in
457 4781 616 4843 solucione
646 4779 786 4859 predicta
817 4780 857 4839 ad
888 4779 1024 4859 aliquem
1053 4779 1222 4838 terminum
1248 4779 1279 4838 in
1312 4785 1379 4842 toto
1401 4783 1450 4844 vel
1472 4784 1506 4844 in

272 4895 361 4971 parte
382 4887 522 4957 deficere,
544 4891 620 4946 tunc
641 4884 720 4945 bene
738 4883 844 4945 licebit
864 4884 955 4945 nobis
973 4883 1078 4944 omnia
1095 4883 1235 4963 predicta
1253 4889 1442 4960 tenementa,
1464 4891 1504 4950 ad

272 5012 474 5077 quaecunque
494 5009 608 5051 manus
628 4987 819 5060 devenerint,
849 4987 978 5067 ingredi,
1000 4994 1032 5048 et
1053 4988 1159 5048 omnia
1180 4987 1262 5048 bona
1283 4993 1315 5050 et
1337 4991 1450 5054 catalla
1470 4993 1504 5056 in

272 5102 391 5163 eisdem
421 5099 550 5159 inventa
580 5095 774 5174 distringere,
806 5099 839 5154 et
870 5093 1086 5155 districciones
1116 5093 1249 5155 firmiter
1279 5095 1414 5159 retinere
1443 5118 1503 5179 pro
