3850 5917
408 696 467 757 354
781 696 961 775 susem
987 698 1053 757 su
1079 696 1116 757 u
1146 697 1270 757 crum

237 950 294 991 ffl-
310 950 368 993 ¹³²⁸·
408 946 480 1007 Feb.
505 946 676 1007 16.—-Tido
699 947 736 1008 de
764 946 894 1019 Varisio,
919 947 1115 1008 Arcbdeueon
1138 948 1174 1025 os
1197 946 1302 1019 Beris,
1329 946 1412 1027 pices
1435 946 1641 1008 imtruotionc

524 1028 663 1169 firman
698 1027 920 1107 sequestratim
954 1048 995 1090 oa
1035 1028 1085 1090 tiu
1120 1028 1243 1090 Choreb
1280 1028 1315 1109 ⁰s
1343 1028 1496 1107 Stinfield
1532 1036 1562 1090 to
1605 1028 1641 1089 be

491 1262 679 1323 Ruuaxacro
700 1281 851 1323 neusnmr
873 1281 1053 1334 sucessum
1083 1282 1147 1324 rau
1178 1262 1582 1324 decemremem—lide
1601 1264 1644 1325 de

409 1370 541 1441 Verisic,
583 1369 828 1431 Archidiaconns
873 1369 1032 1441 Barkerie,
1074 1373 1226 1449 perpetuo
1270 1369 1386 1429 vicario
1430 1369 1560 1431 ecclesie
1601 1369 1645 1430 de

410 1474 654 1555 Wyneksielde,²
678 1474 820 1536 sulutem.
864 1474 944 1548 Quia
964 1479 1161 1554 sequestrum
1181 1473 1215 1532 in
1234 1473 1325 1535 bonis
1344 1474 1489 1535 Rectorie
1507 1474 1640 1535 ecclesie

408 1580 587 1661 supradicte
618 1600 718 1660 nuper
748 1601 805 1660 per
835 1600 893 1642 nos
924 1580 1063 1660 legitime
1091 1579 1313 1659 interpositum
1344 1581 1438 1642 certis
1466 1600 1505 1641 ex
1535 1582 1640 1641 causis

409 1687 555 1748 duximus
575 1686 786 1758 relaxandum,
801 1686 889 1747 vobis
918 1687 1104 1747 mandamus
1125 1685 1274 1765 quatinus
1298 1686 1418 1747 dictum
1442 1692 1640 1767 sequestrum

409 1792 562 1863 relaxetis,
583 1812 619 1853 ac
638 1792 737 1853 eciam
756 1792 929 1852 relaxatum
950 1812 1019 1852 csse
1036 1789 1241 1863 denuncietis,
1269 1792 1489 1871 permittentes
1512 1792 1640 1853 Rectori

410 1897 540 1959 ecclesie
575 1902 746 1958 memorate
783 1917 841 1977 pro
882 1896 1010 1958 arbitrio
1045 1896 1216 1958 voluntatis
1264 1896 1360 1958 libere
1395 1897 1560 1976 disponere
1600 1898 1641 1959 dc

409 2003 536 2075 eisdem,
566 2003 665 2064 donec
695 2002 779 2063 alind
810 2022 905 2082 super
933 2003 994 2064 hoc
1023 2001 1196 2063 habueritis
1227 2001 1260 2061 in
1296 2003 1463 2064 mandatis.
1518 2002 1639 2065 Vslsta.

409 2108 528 2168 Datum
550 2108 678 2179 Oxonie,
700 2108 778 2188 xiiij⁰
803 2108 872 2168 Kal.
894 2108 1015 2179 Marcii,
1040 2128 1124 2169 anno
1145 2107 1274 2167 Domini
1295 2108 1515 2171 M⁰OGG⁰xxv⁰.

409 2400 481 2462 Feb.
502 2400 649 2461 eu-sir
671 2400 808 2479 Geoffrey
829 2400 866 2461 de
889 2399 1065 2470 Oorrrewall,
1089 2398 1137 2459 tte
1151 2406 1274 2478 patron,
1297 2400 1352 2460 bos
1369 2401 1529 2480 presented
1548 2402 1639 2461 Peter

530 2480 567 2542 de
587 2481 733 2559 Belqrave
755 2489 783 2542 tc
804 2502 824 2541 a
841 2481 1009 2559 prehendat
1024 2479 1150 2559 portion
1170 2480 1206 2540 ia
1224 2480 1273 2540 the
1289 2480 1412 2541 Gbcrch
1424 2482 1459 2560 os
1477 2482 1636 2561 Burjord,·

530 2561 638 2633 which,
660 2561 799 2632 however,
815 2561 842 2622 is
865 2560 934 2621 held
955 2562 993 2639 by
1017 2560 1146 2621 lemos
1167 2560 1204 2621 de
1226 2560 1451 2622 Gheddewortlr.
1497 2562 1638 2623 Williom

530 2642 567 2703 de
587 2642 765 2721 Fowrebope,
787 2641 1016 2703 commissimzed
1035 2648 1064 2701 to
1080 2640 1151 2702 hold
1164 2661 1207 2701 aa
1220 2641 1347 2719 inquiry
1361 2641 1427 2703 into
1449 2641 1497 2702 the
1517 2650 1637 2715 mcor,

531 2722 658 2801 certifies
674 2724 723 2783 the
741 2722 858 2801 Bisbop
874 2723 941 2783 that
956 2722 1011 2783 Sir
1027 2723 1164 2801 Geoffrey
1177 2722 1214 2783 de
1230 2722 1399 2783 Oomrewcll
1411 2723 1440 2783 is
1456 2723 1505 2784 tire
1513 2731 1638 2803 petrea,

532 2804 585 2865 bct
607 2804 674 2865 rtur
694 2803 721 2864 e't
741 2803 769 2865 ia
790 2811 843 2863 cot
863 2802 982 2863 certain
1002 2803 1070 2863 thot
1091 2803 1140 2863 the
1155 2802 1323 2882 prehendet
1334 2804 1461 2883 portica
1473 2804 1501 2865 is
1515 2812 1637 2866 vocem.

493 2985 793 3047 Ousrmrcsromuu
815 3002 1047 3054 muursmmnrs
1068 3001 1172 3045 surus
1202 3000 1380 3044 vacacrons
1402 3002 1571 3045 Poncronrs
1591 3003 1637 3045 ns

411 3090 847 3157 Etruseorum-Reverendo
875 3090 908 3149 in
937 3089 1064 3151 Christo
1091 3089 1173 3169 patri
1199 3095 1231 3149 et
1258 3090 1386 3150 domino
1416 3109 1483 3161 suc,
1511 3090 1639 3152 domino

410 3196 486 3267 Ade,
507 3200 577 3267 etc,
608 3195 783 3256 Willelmus
816 3195 854 3256 ds
887 3196 1073 3274 Fowehope,
1094 3199 1164 3266 etc,
1193 3193 1415 3267 obedienciam,
1444 3200 1503 3257 etc.
1546 3196 1636 3257 Man-

410 3304 519 3363 datum
551 3306 689 3363 vestrum
718 3320 818 3380 nuper
854 3300 957 3380 recepi
985 3305 1126 3361 tenorem
1150 3300 1315 3361 continens
1343 3300 1575 3381 infrascriptum
1588 3323 1640 3363 :-

410 3407 519 3478 Adsm,
542 3411 610 3478 etc,
633 3406 746 3467 dilecto
767 3406 800 3465 in
822 3404 948 3466 Christo
968 3404 1042 3475 filio,
1063 3404 1213 3484 magistro
1227 3404 1278 3465 W.
1299 3405 1338 3465 de
1359 3404 1545 3485 Fowebope,
1566 3412 1637 3478 etc,

409 3512 553 3584 salutem,
584 3518 642 3573 etc.
692 3512 891 3572 Presentavit
919 3510 1010 3571 nobis
1045 3510 1192 3571 dominns
1219 3509 1378 3571 Galfridus
1402 3512 1442 3573 de
1469 3511 1637 3585 Gomubia,

410 3617 508 3689 miles,
539 3617 668 3677 Petrum
696 3616 735 3677 de
765 3616 936 3695 Belegrave
968 3615 1008 3675 ad
1035 3613 1216 3694 porcionem
1243 3615 1276 3674 in
1304 3614 1436 3677 ecclesie
1466 3616 1505 3678 de
1537 3617 1636 3677 Bure·

410 3723 487 3795 iord,
509 3726 615 3782 nostre
640 3721 780 3792 diocesis,
803 3740 897 3800 qnam
918 3724 1006 3780 tenet
1026 3720 1172 3780 dominus
1193 3719 1329 3780 Thomas
1348 3720 1387 3780 de
1406 3720 1637 3782 Cbeddeworth

409 3828 442 3887 in
473 3827 591 3898 eadem,
620 3830 793 3897 vacantem,
823 3831 856 3886 at
884 3826 923 3885 ad
951 3844 1042 3886 suam
1071 3824 1341 3904 presentacicnem
1368 3830 1575 3905 spectantem,
1600 3834 1638 3888 nt

409 3932 495 3993 dicit.
550 3930 702 4005 Quocirca
740 3929 828 3991 vobis
863 3930 1090 3991 committimus
1125 3935 1158 3991 et
1190 3930 1376 3991 mandamus
1407 3933 1558 4011 quatinus
1596 3953 1637 3993 an

409 4037 493 4099 dicta
526 4037 632 4118 porcio
665 4041 762 4107 vacet,
789 4042 820 4096 et
856 4036 882 4097 si
914 4036 958 4096 sic
989 4036 1123 4116 qualiter
1154 4040 1252 4107 vacet,
1281 4041 1313 4097 et
1348 4057 1368 4097 a
1400 4057 1462 4118 quo
1495 4044 1638 4119 tempore

408 4143 492 4223 cepit
530 4162 648 4213 vacare,
690 4140 761 4221 quis
802 4141 844 4202 sit
879 4142 947 4221 ejus
979 4161 1071 4203 verus
1111 4146 1271 4221 patronus,
1315 4142 1386 4222 quis
1420 4142 1532 4204 ultimo
1565 4165 1634 4224 pre-

408 4248 545 4310 sentavit
587 4247 626 4308 ad
657 4248 797 4318 eandem,
830 4268 870 4307 an
905 4248 947 4309 sit
977 4247 1113 4327 litigiosa
1143 4268 1184 4307 cn
1213 4247 1421 4327 pensionaris,
1456 4254 1488 4309 et
1519 4250 1546 4310 si
1581 4250 1637 4320 sic,

408 4356 458 4417 cui
488 4361 520 4416 et
547 4354 581 4414 in
612 4358 739 4434 quanto,
772 4354 862 4433 cujus
896 4352 1109 4415 estimacionis
1142 4352 1265 4424 existat,
1294 4372 1331 4414 ao
1371 4354 1410 4415 de
1448 4356 1570 4417 meritis
1604 4363 1637 4417 et

407 4459 568 4522 ordinibus
596 4458 778 4538 presentati,
810 4461 842 4518 et
877 4478 918 4518 an
954 4457 1027 4518 elibi
1062 4457 1265 4519 beneficiatus
1301 4457 1424 4531 existat,
1457 4466 1490 4520 et
1522 4461 1550 4521 si
1579 4460 1634 4530 sic,

408 4571 514 4626 utrum
535 4584 634 4625 unum
662 4562 712 4624 vel
742 4564 832 4643 plura
852 4563 967 4624 habeat
987 4564 1146 4636 beneficia,
1176 4569 1208 4624 et
1238 4582 1300 4644 que
1330 4570 1362 4625 et
1382 4565 1488 4645 qualia
1518 4566 1636 4629 fuerint

407 4671 588 4751 hujusmodi
609 4670 768 4740 beneficia,
790 4689 912 4730 necnon
933 4670 972 4730 de
992 4670 1105 4732 ceteris
1126 4670 1266 4731 articulis
1288 4671 1446 4733 consuetis
1469 4678 1502 4733 et
1523 4672 1637 4735 debitis

407 4778 440 4838 in
471 4779 530 4838 hac
554 4780 643 4857 parte
670 4775 908 4855 inquisicionem
933 4775 999 4837 fieri
1029 4774 1151 4837 iacietis
1179 4775 1213 4836 in
1234 4775 1327 4854 pleno
1354 4774 1413 4837 loci
1445 4778 1633 4841 consistorio
1677 4804 1684 4817 .
1742 4806 1748 4817 ·

407 4883 598 4963 diligentem.
650 4880 694 4941 Et
718 4879 792 4960 quid
821 4879 854 4939 in
876 4880 1047 4959 premissis,
1078 4885 1138 4942 etc.
1194 4881 1313 4941 Datum
1341 4882 1424 4961 apud
1454 4882 1635 4966 Sebenyng-

407 4990 497 5062 lelde,
526 4988 604 5066 xiiij⁰
625 4988 675 5048 die
702 4986 820 5048 mensis
847 4986 1017 5058 Februarii,
1045 5006 1128 5048 anno
1157 4987 1286 5049 Domini
1320 4986 1458 5050 M⁰ccc⁰
1485 4990 1636 5053 vicesimo

850 5120 915 5163 l—ln
929 5122 980 5163 tls.
994 5119 1194 5168 schamem
