3850 5917
670 751 821 830 Episcopi
848 750 1092 831 Heresordensis.
1442 755 1500 813 121

112 981 159 1020 Μ)-
172 981 220 1024 ¹³2⁰·
260 976 401 1036 munitas
423 974 455 1034 in
476 975 689 1055 predictorum
703 976 921 1038 testimonium
937 977 1154 1037 concedentes.
1191 978 1311 1037 Datum
1327 975 1501 1056 Avynione,

259 1101 342 1142 anno
375 1081 504 1141 Domini
536 1102 554 1141 a
582 1081 758 1143 Nativitate
787 1081 998 1152 M⁰occ0xixa
1027 1082 1077 1142 die
1106 1083 1171 1162 xvj⁰
1191 1082 1343 1152 Januarii,
1369 1082 1500 1142 Pontifi-

258 1193 348 1249 catus
375 1188 568 1250 sanctissimi
593 1189 703 1268 patris,
728 1189 849 1251 domini
873 1189 1031 1250 Johannis
1057 1191 1142 1269 Pape
1167 1189 1278 1260 XXII,
1304 1209 1388 1250 anno
1413 1190 1490 1269 iiije.

259 1454 396 1515 Another
417 1456 503 1534 form
525 1457 579 1534 sor
607 1455 656 1516 tlte
683 1476 775 1516 conec.

342 1613 429 1671 Iran
451 1629 552 1672 aaron
574 1609 968 1674 araneosa-Universa
982 1617 1146 1691 presentes
1166 1612 1288 1672 litteras
1309 1612 1502 1691 inspecturis

260 1717 395 1778 salutem
424 1717 457 1777 in
496 1717 635 1778 Domino
662 1722 695 1778 et
729 1717 929 1797 presentibus
965 1717 1039 1778 dare
1071 1717 1176 1778 fidem.
1227 1716 1388 1779 Noveritis
1416 1718 1500 1798 quod

259 1843 318 1882 nos
360 1821 562 1883 attendentes
604 1827 636 1883 et
677 1822 783 1882 debita
828 1821 1082 1912 consideracione
1127 1827 1299 1901 pensantes
1339 1828 1429 1901 grata
1468 1827 1501 1884 et

261 1927 423 1988 fructuose
458 1947 495 1988 ac
521 1927 607 2005 jueta
641 1927 817 2007 patrocinia
840 1947 897 2006 per
923 1926 1131 1988 reverendum
1158 1932 1291 2005 patrem,
1320 1933 1379 1998 etc,
1409 1926 1501 1988 nobis

260 2039 432 2112 nostroque
463 2033 615 2112 prioratui
647 2033 767 2094 utiliter
793 2033 858 2113 jam
888 2032 1041 2112 impensa,
1077 2037 1109 2093 et
1141 2053 1202 2112 que
1232 2053 1289 2093 sua
1316 2033 1421 2113 gracia
1452 2034 1498 2092 in-

261 2144 422 2200 cessanter
443 2139 606 2218 impendit,
629 2159 665 2198 ac
687 2138 829 2200 volentes
850 2145 886 2200 ut
907 2145 1054 2200 tenemur
1073 2144 1203 2218 propter
1224 2139 1284 2199 hoc
1312 2139 1351 2200 de
1372 2139 1499 2220 aliquali

259 2245 554 2323 recompensacione
590 2245 658 2315 sibi,
688 2265 751 2304 non
787 2250 822 2304 ut
857 2245 1043 2306 deberemus
1078 2251 1126 2305 set
1161 2250 1197 2304 ut
1232 2265 1410 2323 possumus,
1453 2266 1499 2306 re·

240 2331 426 2428 spondere,
450 2369 490 2411 ne
511 2369 584 2429 erge
605 2349 719 2429 ipsum,
742 2371 760 2410 a
781 2370 843 2429 quo
868 2349 1110 2410 innumerabilia
1134 2350 1300 2411 commoda
1324 2351 1501 2430 recepimus

258 2475 314 2535 pro
350 2455 441 2517 nobis
470 2460 503 2516 et
531 2457 671 2536 prioratu
705 2456 856 2535 predicto,
891 2456 930 2516 de
965 2456 1046 2516 vicio
1076 2455 1312 2535 ingratitudinis
1340 2457 1498 2535 possimus

258 2561 370 2632 notari,
401 2581 539 2621 annuam
568 2561 753 2640 pensionem
788 2565 917 2621 centum
944 2559 1135 2621 florenorum
1165 2560 1239 2621 boni
1268 2566 1301 2621 et
1330 2561 1401 2640 p'uri
1429 2563 1497 2622 auri

165 2705 170 2717 ·
219 2709 225 2719 ·
265 2667 323 2727 sibi
340 2667 373 2725 in
392 2667 536 2727 Romana
550 2666 644 2728 Curia
661 2667 753 2726 annis
767 2665 899 2745 singulis
914 2665 1062 2744 deinceps
1077 2665 1206 2727 infesto
1229 2711 1235 2725 .
1259 2712 1265 2725 .
1289 2712 1296 2725 .
1318 2666 1502 2727 solvendam

262 2792 318 2851 per
338 2792 398 2832 nos
419 2772 458 2833 de
479 2771 570 2833 bonis
590 2771 667 2832 dicti
687 2772 845 2851 prioratus
866 2771 1090 2832 constituimus
1112 2775 1144 2831 et
1167 2771 1366 2850 assignamus
1386 2772 1498 2843 eidem,

261 2883 292 2938 et
327 2897 397 2939 eam
433 2877 492 2938 sibi
524 2878 652 2938 reddere
689 2883 721 2938 et
749 2877 869 2937 solvere
904 2875 1120 2955 promittimus
1154 2875 1188 2935 in
1219 2877 1360 2955 predicta
1395 2879 1499 2949 (turia,

262 2983 413 3063 quamdiu
439 2983 609 3044 vixerimus
640 2987 673 3044 et
704 2983 824 3043 dictum
852 2981 1027 3061 prioratum
1055 2981 1242 3053 tenebimus,
1271 2983 1437 3042 annuatim
1465 2984 1499 3043 in

261 3090 397 3151 termino
425 3089 615 3169 supradicto,
647 3086 706 3150 nos
744 3094 776 3149 et
812 3087 895 3149 bona
919 3089 1062 3168 ejusdem
1090 3088 1247 3167 prioratus
1275 3089 1335 3150 sibi
1370 3094 1499 3169 propter

260 3196 319 3256 hoc
344 3194 563 3274 sollempniter
599 3201 632 3255 et
654 3194 822 3255 efficaciter
856 3193 1031 3273 obligantes
1066 3193 1125 3254 sub
1155 3195 1348 3255 coeroicione
1375 3215 1499 3256 camere

263 3301 383 3361 domini
404 3300 490 3379 Pape
511 3305 544 3360 et
564 3299 711 3360 omnibus
732 3298 1027 3359 renunciacionibus
1047 3304 1080 3359 et
1101 3298 1241 3360 cautelis.
1294 3299 1343 3359 Ad
1365 3320 1499 3379 quorum

261 3404 483 3485 probacionem
502 3409 666 3483 presentes
687 3404 809 3464 litteras
837 3403 905 3464 fieri
926 3403 1067 3474 lecimus,
1090 3410 1149 3465 etc.

256 3672 328 3732 Feb.
358 3669 563 3747 22-pr
595 3669 633 3729 dc
664 3669 799 3739 Voleoce,
834 3669 916 3728 Earl
942 3669 978 3748 of
1008 3667 1181 3739 Pembrolre,
1207 3676 1347 3748 presente
1383 3677 1412 3730 to
1449 3671 1498 3732 the

381 3752 513 3828 Rectory
534 3751 569 3829 of
594 3749 794 3810 Wlaa'tohorch
820 3749 928 3827 Heorp
950 3749 1090 3809 Boniour
1111 3750 1147 3827 of
1167 3749 1497 3828 Newcostle-on·Tync.

383 3833 446 3892 lta
466 3831 585 3911 Basbop
606 3831 815 3892 commissione
839 3831 886 3890 hie
911 3830 1032 3908 Officiol
1053 3837 1082 3890 to
1103 3830 1246 3891 instituta
1265 3831 1329 3890 ond
1351 3832 1468 3892 induet.

340 3989 507 4048 Eocaasra
549 4005 593 4046 on
633 3983 1131 4047 ernoesacsa-Venerabili
1166 3985 1199 4044 in
1239 3985 1366 4047 Christo
1405 3989 1497 4066 patri,

259 4094 389 4154 domino
424 4093 471 4163 A.,
505 4093 566 4153 Dei
607 4093 712 4171 gracia
746 4091 973 4152 Hereiordensi
1015 4091 1184 4169 Episcopo,
1228 4091 1415 4154 Adomarius
1458 4095 1497 4155 de

257 4199 417 4269 Valencia,
444 4199 557 4259 Comes
585 4197 780 4268 Pembrolrie,
809 4196 956 4257 dominus
981 4197 1020 4257 de
1044 4196 1221 4257 Weiseiord
1243 4204 1276 4258 et
1300 4198 1497 4260 Montiniaco

257 4306 393 4366 salutem
416 4306 448 4364 in
471 4305 617 4366 Domino.
661 4304 708 4364 Ad
729 4304 894 4364 ecclesiam
916 4304 955 4364 de
975 4303 1207 4381 Wytecbircbe,
1227 4309 1332 4364 vestre
1353 4304 1495 4376 diocesis,

259 4433 315 4492 per
337 4413 585 4492 resignaciouem
610 4411 716 4472 dilecti
744 4410 848 4471 clerici
879 4410 989 4479 nostri,
1011 4409 1131 4469 Thoms
1156 4409 1195 4470 de
1218 4410 1330 4472 Castro
1358 4410 1495 4482 Godrici,

258 4538 360 4598 nuper
394 4517 538 4578 Rectoris
573 4517 724 4597 ejusdem,
759 4521 934 4585 vacantem,
970 4520 1003 4575 et
1039 4515 1078 4574 ad
1113 4519 1254 4574 nostram
1290 4514 1495 4576 donacionem

257 4629 465 4704 spectantem,
488 4623 637 4683 dilectum
657 4621 748 4682 nobis
770 4622 801 4680 in
817 4621 945 4682 Christo
966 4620 1139 4691 dominum,
1166 4620 1340 4680 Henricum
1355 4621 1498 4682 Boniour

258 4731 297 4790 de
314 4729 344 4790 N
347 4749 407 4789 ovo
425 4728 537 4788 Castro
554 4747 649 4808 super
665 4727 796 4806 Tynam,
813 4726 955 4786 caritatis
974 4725 1092 4784 intuitu
1110 4731 1339 4804 presentamus,
1359 4727 1495 4805 paterni-

258 4841 356 4897 tatem
397 4839 535 4894 vestram
567 4833 730 4894 humiliter
766 4838 914 4912 rogantes
942 4832 1092 4911 quatinus
1119 4831 1296 4911 predictum
1333 4832 1496 4891 dominum

259 4940 436 5001 Henrioum
457 4938 497 4998 ad
521 4939 653 4999 eandem
685 4937 860 5008 admittere,
893 4941 925 4998 et
946 4937 980 4996 in
1011 4937 1121 4996 eadem
1153 4935 1302 4995 canonice
1330 4935 1496 4998 instituere

258 5046 371 5106 velitis.
436 5044 476 5103 In
503 5043 594 5123 cujus
625 5043 678 5113 rei,
716 5049 775 5104 eto.
832 5044 951 5103 Datum
983 5042 1164 5113 Londoniis,
1193 5041 1269 5120 xxij⁰
1290 5041 1341 5101 die
1377 5043 1496 5104 mensis

260 5149 432 5220 Februarii,
461 5169 544 5210 anno
573 5149 703 5210 Domini
731 5149 942 5210 M⁰coo⁰xixa
