3850 5917
414 695 455 756 34
788 695 967 774 maman
992 695 1059 757 Aa
1084 695 1122 757 a
1150 695 1276 757 oasa

243 925 371 967 A·1³·¹³¹⁷·
414 919 498 998 apud
528 919 657 999 Sugwas
692 918 769 979 visis
803 917 918 980 litteris
953 918 1194 999 dispensatoriis
1227 918 1309 980 bone
1342 917 1492 980 memorie
1528 918 1650 978 domini

414 1025 549 1096 Ricardi,
564 1045 665 1104 nuper
686 1023 928 1086 Herelordensis
944 1024 1105 1105 Episcopi,
1124 1025 1164 1085 de
1180 1022 1318 1085 triennio
1337 1043 1489 1085 concesso
1508 1023 1651 1084 Jobanni

413 1131 453 1191 de
476 1130 630 1200 Stratone,
656 1129 782 1191 Rectori
808 1129 937 1190 ecclesie
962 1130 1001 1190 de
1025 1130 1179 1210 Eetbope,
1208 1129 1249 1190 ad
1273 1130 1450 1190 vacandum
1472 1129 1651 1192 scolasticis

413 1235 597 1315 disciplinis,
619 1241 689 1306 etc,
711 1234 905 1314 dispensavit
925 1235 1113 1296 venerabilis
1131 1240 1223 1315 pater
1235 1235 1346 1306 Adam,
1360 1240 1431 1306 etc„
1446 1255 1519 1295 cum
1538 1235 1651 1296 eodem

413 1362 471 1423 per
496 1361 595 1402 unum
624 1361 742 1402 annum
770 1341 912 1421 proximo
939 1345 1014 1421 post
1047 1342 1168 1402 dictum
1202 1341 1374 1403 trienninm
1407 1341 1513 1402 dando
1547 1341 1650 1403 eidem

413 1467 489 1509 suas
509 1453 656 1528 patentes
683 1447 815 1508 litteras.

412 1702 532 1763 Lettcrs
562 1701 763 1762 Testimoniol
784 1702 852 1762 that
881 1701 966 1763 John
993 1701 1021 1763 lc
1048 1702 1132 1780 Royc
1155 1702 1218 1762 bod
1243 1703 1314 1764 bean
1341 1702 1418 1781 duty
1439 1703 1590 1764 ordoined
1611 1703 1650 1781 by

465 1799 466 1804 ’
525 1781 656 1862 'Botop
679 1782 849 1862 Swiaficld.

497 1942 644 2001 Lirenas
679 1958 939 2004 rusmuosnnus
974 1958 1080 2002 suana
1113 1958 1292 2002 oanrsraos
1326 1942 1489 2002 Josannrs
1517 1941 1653 2002 Rora—

416 2047 591 2119 Universis,
631 2053 690 2109 eto.
731 2046 841 2119 Adam,
882 2053 951 2120 etc,
991 2047 1126 2108 salutem
1166 2047 1199 2106 in
1238 2047 1377 2108 Domino
1414 2047 1651 2126 sempiternam.

415 2151 624 2215 Universitati
639 2157 743 2213 vestre
763 2152 991 2214 innotescimus
1006 2173 1062 2232 per
1081 2157 1246 2233 presentes
1260 2153 1344 2232 quod
1365 2152 1479 2214 ebone
1500 2151 1652 2214 memorie

415 2257 543 2319 domino
564 2258 707 2330 Ricardo,
722 2278 823 2338 nuper
845 2258 1069 2320 Herelordensi
1084 2258 1253 2339 Episcopo,
1267 2258 1410 2339 proximo
1430 2257 1652 2339 predecessore

414 2369 532 2435 nostro,
568 2363 702 2426 dilectus
742 2363 776 2423 in
807 2363 934 2425 Ohrieto
967 2363 1051 2425 filius
1086 2363 1249 2426 Johannes
1283 2364 1387 2425 dictus
1421 2364 1451 2425 le
1487 2363 1575 2442 Roys
1611 2363 1652 2426 dc

413 2469 553 2549 Dylewe,
575 2468 740 2548 presbyter
768 2469 807 2531 de
841 2474 950 2530 nostra
971 2469 1087 2530 diocesi
1109 2469 1270 2540 oriundus,
1300 2469 1495 2550 temporibus
1519 2469 1651 2531 statutis

413 2595 432 2635 a
472 2574 541 2654 jure
582 2574 759 2656 debitisque
801 2575 985 2637 intersticiis
1027 2583 1206 2656 temporum
1241 2576 1424 2648 observatis,
1460 2577 1500 2637 sd
1539 2595 1652 2639 omnes

414 2700 521 2742 sacros
549 2681 674 2742 ordines
699 2680 739 2741 sd
762 2681 892 2742 titulum
915 2681 1099 2761 patrimonii
1124 2680 1183 2752 sui,
1207 2685 1302 2762 prout
1329 2680 1421 2743 nobis
1445 2687 1572 2744 conant
1595 2701 1653 2761 per

413 2786 645 2866 inspectionem
666 2786 789 2866 registri
811 2786 929 2847 domini
953 2787 1185 2867 predecessoris
1205 2786 1307 2848 nostri
1331 2787 1473 2867 predicti,
1499 2788 1651 2850 canonice

414 2896 464 2955 est
483 2897 658 2972 promotus.
701 2891 741 2951 In
765 2891 865 2971 cujus,
887 2897 947 2952 etc.
1004 2891 1134 2964 Datum,
1163 2897 1223 2953 etc.

412 3159 520 3222 Lettar
540 3160 576 3239 os
592 3159 642 3220 tlte
664 3158 783 3239 Br'ctop
803 3166 833 3220 to
856 3159 906 3220 tlte
929 3157 1024 3220 Prin
1041 3158 1106 3220 and
1127 3159 1262 3220 Gonoeat
1276 3160 1312 3239 of
1331 3158 1471 3220 Wadoclc
1485 3179 1528 3220 oc
1547 3159 1655 3241 bchclf

537 3241 572 3320 of
588 3260 609 3301 o
628 3239 748 3302 certain
774 3239 922 3313 william,
944 3259 966 3300 o
988 3259 1066 3320 poor
1088 3239 1253 3320 perstem
1276 3241 1312 3320 of
1330 3240 1379 3301 tho
1409 3240 1554 3302 Conveni.

496 3409 643 3469 errnns
675 3425 814 3469 nmscrl
846 3408 963 3468 Pnroar
987 3426 1030 3468 nr
1051 3408 1245 3470 Oosvsnnur
1269 3425 1313 3468 ns
1344 3407 1652 3471 weston-veno-

414 3515 512 3576 rande
532 3514 691 3594 religionis
718 3514 803 3586 viris,
836 3514 909 3575 liliis
943 3521 977 3575 et
1003 3513 1115 3575 amicis
1149 3513 1183 3574 in
1216 3513 1345 3576 Christo
1374 3514 1498 3576 dilectis
1522 3515 1653 3577 domino

415 3619 565 3691 Henrico‚
587 3619 686 3681 Priori
709 3619 748 3681 de
769 3619 914 3690 Wenlok,
936 3624 969 3681 et
989 3619 1131 3699 ejusdem
1152 3619 1213 3680 loci
1234 3619 1422 3691 conventui,
1444 3620 1555 3692 Adam,
1580 3627 1652 3694 etc,

414 3723 563 3804 quicquid
584 3725 721 3803 pertinet
742 3724 883 3786 amicicie
905 3729 937 3786 et
965 3724 1086 3785 salutis.
1128 3725 1243 3786 Preces
1270 3744 1332 3804 que
1363 3724 1527 3786 continent
1555 3745 1653 3804 opera

414 3829 542 3908 pietatis
583 3849 620 3890 eo
655 3827 743 3890 vobis
779 3829 955 3891 fiducialius
984 3829 1172 3910 porrigimus
1199 3849 1263 3909 quo
1294 3849 1350 3891 vos
1384 3829 1531 3910 operibus
1573 3831 1653 3911 ipsis

414 3935 554 3996 intentes
582 3955 636 3996 eas
672 3935 828 3996 credimus
863 3935 986 3997 facilius
1024 3935 1179 3997 exaudire.
1231 3935 1316 3996 Sane
1350 3955 1388 3996 ex
1422 3935 1651 4016 lidcdignorum

415 4039 570 4102 relacione
599 4039 803 4119 cognovimus
831 4040 915 4121 quod
935 4061 993 4102 vos
1024 4041 1064 4101 sd
1094 4045 1239 4120 rogatum
1267 4039 1493 4102 venerabilium
1523 4047 1652 4120 patrum

414 4152 524 4207 sancte
563 4145 712 4206 memorie
743 4145 942 4206 dominorum
984 4145 1105 4206 Thome
1139 4150 1172 4205 et
1214 4143 1350 4216 Ricardi,
1393 4145 1652 4224 predecessorum

415 4259 604 4322 nostrorum,
620 4251 814 4313 Willelmum
836 4252 969 4314 latorem
992 4251 1201 4331 presencium,
1215 4251 1271 4330 qui
1290 4269 1348 4330 per
1364 4250 1476 4312 denote
1490 4251 1651 4313 lamiliari-

414 4360 491 4420 tatis
511 4358 703 4419 laboriosum
730 4357 915 4438 obsequium
944 4357 1022 4437 ipsis
1042 4357 1119 4416 dum
1138 4356 1281 4418 viverent
1301 4355 1424 4417 studuit
1445 4356 1651 4436 complacere,

414 4465 480 4526 vite
501 4463 677 4525 necessaria
697 4463 889 4543 aliquamdiu
917 4463 1059 4524 caritatis
1083 4462 1202 4523 intuitu
1224 4461 1468 4523 misericorditer
1487 4464 1651 4543 erogastis

417 4571 478 4633 Sed
499 4591 536 4631 ea
557 4569 777 4648 refrigescente
807 4570 1005 4649 quorundam
1025 4569 1157 4630 caritate
1187 4569 1256 4629 sine
1277 4567 1370 4646 culpa
1398 4588 1456 4629 sua
1482 4569 1541 4629 sibi
1562 4577 1650 4649 post

416 4677 545 4738 modum
587 4679 662 4736 sunt
704 4675 872 4737 subtracta.
930 4675 1011 4737 (tum
1052 4675 1148 4756 igitur
1188 4674 1271 4736 idern
1304 4673 1482 4736 Willelmus
1522 4685 1654 4756 propter

416 4782 555 4863 corporis
576 4781 770 4843 debilitatem
791 4789 824 4842 et
846 4782 1018 4844 senectutis
1049 4781 1249 4842 incommoda
1282 4779 1343 4840 sibi
1374 4785 1511 4860 nequeat
1530 4781 1652 4842 victum

417 4909 547 4970 querere
568 4887 700 4948 artificio
721 4888 771 4949 vel
792 4886 906 4958 labore,
928 4893 961 4948 st
982 4886 1052 4948 ideo
1073 4885 1207 4966 graviori
1227 4863 1356 4965 presens
1378 4891 1518 4964 egestate
1538 4888 1654 4951 vestris

417 5000 567 5057 noscatur
593 4994 742 5056 subsidiis
763 4995 898 5074 amplius
930 4995 1078 5074 indigere,
1110 4992 1285 5054 amiciciam
1313 4997 1452 5054 vestram
1479 4992 1653 5058 affectuose

416 5101 604 5182 requirimus
630 5105 663 5162 et
686 5119 833 5180 rogamus
861 5099 1012 5174 quatinus
1032 5117 1114 5178 opus
1141 5097 1260 5158 boum
1285 5095 1372 5177 quod
1399 5095 1432 5156 in
1459 5116 1498 5158 eo
1522 5099 1653 5178 cepisu's
