3850 5917
685 709 835 789 Episcopi
862 710 1107 790 Herefordencis.
1454 710 1514 772 377

97 940 158 981 M>-
181 941 236 981 ¹³2⁸·
280 935 455 1007 eeclesiam,
487 941 564 996 tuno
588 940 620 996 et
652 934 754 996 adhuc
782 935 821 995 de
848 934 933 996 dicto
960 934 1089 995 domino
1116 934 1292 1014 Radulpho,
1320 954 1394 994 vero
1416 933 1515 1013 ipsius

282 1042 413 1103 ecclesie
451 1042 585 1103 Rectore
621 1046 654 1102 et
688 1040 839 1102 canonico
879 1060 1062 1120 possessore
1096 1040 1135 1100 de
1169 1039 1237 1117 jure
1278 1043 1310 1099 et
1349 1038 1387 1098 de
1421 1038 1514 1108 facto,

277 1147 404 1227 plenam
436 1147 553 1227 pariter
580 1152 612 1209 et
640 1146 826 1217 consultam,
855 1146 1035 1225 procuravit
1065 1150 1098 1207 et
1125 1144 1200 1206 fecit
1228 1146 1267 1205 de
1294 1144 1377 1205 iacto
1405 1149 1516 1204 contra

276 1252 436 1330 justiciam
464 1252 648 1332 presentari,
674 1252 856 1331 dictumque
880 1251 1047 1312 Rectorem
1068 1250 1151 1311 circa
1170 1251 1324 1330 prefatam
1349 1250 1514 1310 ecclesiam

278 1378 369 1418 suam
398 1378 434 1418 ac
462 1358 513 1436 jus
549 1363 581 1419 et
608 1357 839 1437 possessionem
868 1376 929 1436 que
966 1356 1104 1435 optinuit
1138 1356 1172 1415 in
1208 1356 1318 1417 eadem
1346 1356 1515 1435 quominus

278 1464 396 1525 eisdem
417 1462 512 1524 libere
531 1464 665 1543 gaudere
681 1462 828 1543 potnerit,
846 1461 1011 1523 occasione
1026 1461 1274 1542 presentacionis
1289 1462 1438 1541 predicte,
1453 1481 1515 1541 que

280 1591 318 1630 ex
349 1590 443 1631 causa
467 1570 622 1649 premissa
646 1569 731 1628 nulla
755 1568 816 1628 init
843 1573 876 1629 et
900 1573 957 1639 est,
981 1568 1050 1647 ipso
1071 1567 1140 1644 jure
1163 1567 1300 1627 indebite
1325 1567 1513 1637 molestavit,

281 1675 477 1756 inquietavit,
517 1680 549 1736 et
588 1674 734 1744 turbavit,
768 1674 800 1733 in
837 1674 935 1753 ipsius
964 1672 1083 1733 domini
1111 1672 1269 1753 Radulphi
1297 1672 1514 1753 prejudicium,

279 1780 452 1860 dampnum
481 1800 543 1840 non
578 1780 745 1849 modicum,
775 1784 807 1839 et
834 1798 1013 1857 gravamen.
1069 1778 1163 1840 Unde
1190 1798 1228 1838 ex
1255 1783 1345 1857 parte
1372 1778 1513 1856 ejusdem

281 1886 400 1947 domini
429 1886 597 1965 Radulphi,
627 1886 797 1947 sencientis
825 1904 859 1946 se
897 1904 934 1944 ex
975 1884 1137 1963 premissis
1168 1888 1201 1944 et
1238 1903 1346 1943 eorum
1374 1882 1515 1961 quolibet

276 2013 334 2073 per
361 1992 478 2053 dictum
520 1992 704 2071 magistrum
744 1990 918 2052 Henricum
958 1988 1097 2049 indebite
1131 1988 1317 2069 pregravari‚
1345 1988 1385 2047 ad
1413 1988 1513 2048 dictas

280 2098 392 2161 sedem
422 2103 453 2159 et
482 2098 608 2158 Curiam
637 2097 750 2167 extitit,
779 2102 815 2156 nt
836 2095 995 2166 asseritur,
1021 2094 1159 2174 legitime
1187 2094 1388 2174 appellatum.
1431 2094 1513 2168 Quo·

277 2206 362 2265 circa
385 2204 474 2265 vobis
497 2224 569 2263 cum
593 2223 629 2263 ea
644 2223 706 2282 qua
724 2203 814 2263 decet
836 2202 1015 2262 reverencia
1034 2201 1262 2261 committimus
1281 2205 1313 2261 et
1328 2201 1515 2261 mandamus

277 2311 410 2371 firmiter
431 2310 632 2389 injungentes
660 2308 809 2389 quatinus
838 2308 960 2387 prelato
989 2308 1138 2386 magistro
1167 2307 1315 2377 Henrico,
1345 2327 1381 2367 ao
1402 2307 1515 2368 ceteris

278 2415 425 2476 omnibus
465 2421 497 2476 et
526 2414 657 2493 singulis
694 2414 807 2494 quibus
845 2415 897 2492 jus
925 2414 1022 2492 exigit
1050 2412 1192 2483 inhiberi,
1221 2414 1408 2474 auctoritate
1432 2414 1514 2474 dicte

279 2524 373 2585 Curie
412 2523 580 2583 inhibeatis
619 2542 689 2583 seu·
722 2521 856 2582 inhiberi
897 2522 1021 2581 faciatis
1062 2541 1111 2591 ne,
1150 2522 1307 2599 pendente
1345 2522 1377 2579 in
1420 2521 1514 2582 Curia

278 2628 499 2689 cantuariensi
520 2627 701 2706 hujusmodi
720 2627 847 2688 tuitorie
867 2627 1090 2707 appellacionis
1109 2628 1247 2707 negocio,
1265 2627 1432 2707 quicquam
1454 2628 1514 2687 hac

277 2734 442 2794 occasione
478 2733 510 2791 in
547 2734 629 2793 dicte
665 2732 764 2811 partis
797 2732 986 2811 appellantis
1018 2733 1225 2811 prejudicium
1262 2738 1430 2812 attemptet
1464 2732 1514 2793 vel

281 2843 483 2918 attemptent,
522 2839 617 2898 iaciat
655 2844 710 2898 aut
747 2838 864 2899 faciant
899 2839 1075 2919 aliqualiter
1112 2839 1303 2917 attemptari,
1346 2840 1516 2918 quominus

276 2944 406 3005 liberam
430 2944 544 3005 habeat
561 2944 784 3023 appellacionis
806 2963 861 3005 sue
883 2944 1147 3023 prosecncionem,
1167 2952 1261 3023 prout
1279 2945 1399 3022 justum
1419 2945 1515 3005 fuerit

277 3049 449 3129 utriusque.
501 3049 613 3110 (litetis
642 3050 740 3109 eciam
770 3069 826 3110 seu
850 3049 940 3110 citari
968 3049 1091 3110 faciatis
1118 3050 1328 3129 peremptorie
1355 3050 1511 3130 prefatum

276 3156 462 3235 magistrum
486 3155 661 3215 Henricum
690 3156 729 3215 de
750 3156 895 3226 Cliftone,
921 3162 1052 3234 partem,
1082 3162 1117 3215 ut
1145 3157 1347 3235 premittitur,
1376 3157 1511 3236 appella-

275 3268 342 3321 tam
364 3262 447 3341 quod
470 3267 650 3340 compareat
678 3281 783 3321 coram
812 3261 902 3322 nobis
937 3266 993 3320 aut
1013 3262 1075 3321 alio
1102 3262 1185 3321 dicte
1214 3262 1306 3323 Curis
1334 3263 1513 3341 presidente

275 3368 308 3426 in
342 3366 474 3426 ecclesia
505 3367 595 3427 beate
627 3366 728 3426 Mario
766 3365 1076 3436 Aldermarichirche,
1111 3366 1292 3437 Londoniis,
1330 3368 1427 3427 torcio
1463 3368 1513 3428 die

274 3472 408 3552 juridico
422 3480 495 3552 post
515 3472 713 3532 Dominicam
736 3491 798 3550 qua
820 3476 967 3532 cantatur
983 3472 1119 3531 officinm
1139 3472 1355 3532 Misericordia
1374 3474 1511 3545 Domini,

275 3580 308 3638 in
344 3580 428 3639 dicto
460 3578 587 3639 tuitorie
616 3577 838 3657 appellacionis
866 3578 996 3658 negocio
1027 3598 1239 3657 processurus,
1269 3585 1328 3639 etc.
1385 3581 1434 3639 De
1462 3581 1512 3641 die

277 3704 351 3745 vero
382 3684 582 3763 recepoionis,
615 3691 673 3744 etc.
731 3684 850 3743 Datum
876 3684 1057 3754 Londoniis,
1090 3694 1142 3745 xv⁰
1170 3686 1239 3745 Kal.
1272 3685 1396 3764 Aprilis,
1428 3706 1512 3747 anno

277 3791 406 3851 Domini
430 3790 674 3867 moctensis

280 4059 362 4119 Mor.
388 4058 712 4118 30.-Memovoriduoi
740 4058 807 4117 thot
835 4058 944 4127 Adam,
973 4059 1092 4138 Bisbop
1116 4059 1151 4138 os
1179 4060 1351 4130 Worccster‚
1378 4061 1514 4121 received

403 4160 422 4197 c
448 4138 543 4197 Milrc
568 4139 631 4197 and
655 4139 740 4198 other
764 4139 887 4199 articles
912 4140 947 4219 os
971 4140 1059 4199 celric
1078 4140 1163 4219 from
1186 4140 1298 4201 Roscii
1322 4142 1358 4200 de
1385 4141 1511 4221 elisios,

400 4219 512 4281 socrist
536 4220 570 4298 os
596 4220 644 4279 the
671 4220 794 4279 Obareis
814 4221 849 4298 of
877 4220 1049 4280 Worcester.

361 4376 601 4436 Memorandnm
634 4375 717 4453 quod
747 4374 892 4435 dominus
918 4374 1027 4444 Adam,
1057 4374 1235 4454 Episcopus
1264 4375 1511 4455 WygorniensiS,

277 4481 396 4561 recepit
420 4481 503 4561 apud
525 4480 681 4541 Beaumes
706 4499 761 4559 per
785 4500 898 4540 manus
919 4480 1024 4540 fratris
1047 4480 1175 4540 Roberti
1197 4481 1235 4540 de
1261 4481 1405 4551 Oliftone,
1429 4482 1512 4542 dicte

279 4586 409 4648 ecclesie
435 4586 574 4657 sacriste,
600 4586 646 4665 iij⁰
671 4586 739 4644 Kal.
767 4584 891 4664 Aprilis,
917 4605 1000 4645 anno
1025 4585 1153 4644 Domini
1179 4586 1432 4665 bl⁰CCC⁰xxviij⁰,
1458 4608 1515 4667 per

277 4692 441 4771 quandam
471 4692 669 4751 indenturam
699 4710 756 4770 pro
785 4710 841 4750 sua
869 4690 988 4769 capella
1010 4697 1195 4751 ornamenta
1216 4692 1400 4773 subscripta,
1429 4694 1512 4755 vide·

276 4798 359 4868 licet,
386 4798 395 4875 j
423 4796 549 4855 mitram
572 4815 665 4875 quam
691 4796 837 4855 dominus
866 4794 1025 4856 Walterus
1056 4796 1095 4857 de
1127 4798 1333 4867 Maidestane,
1354 4800 1513 4877 quondam

278 4904 457 4983 Episcopus
480 4901 609 4962 ecclesie
627 4902 793 4971 antedicta,
817 4901 952 4961 dominis
975 4901 1075 4961 Priori
1100 4908 1132 4962 et
1157 4901 1332 4961 Conventui
1356 4903 1509 4981 Wigorni-

277 5008 405 5070 ensibus
434 5027 505 5067 cum
527 5027 584 5067 sua
605 5006 716 5066 ultima
740 5007 901 5067 voluntate
923 5005 1047 5085 legavit.
1090 5008 1190 5081 Quam
1213 5008 1338 5087 quidem
1363 5009 1509 5070 dominus

278 5114 425 5183 Thomas,
459 5112 659 5191 predecessor
693 5113 853 5191 proximus
882 5112 957 5172 dicti
986 5114 1084 5191 patris
1122 5112 1196 5185 ride,
1232 5135 1289 5175 suo
1327 5117 1509 5189 successori,
