<?xml version="1.0" encoding="UTF-8"?>
<!DOCTYPE html PUBLIC "-//W3C//DTD XHTML 1.0 Transitional//EN"
    "http://www.w3.org/TR/xhtml1/DTD/xhtml1-transitional.dtd">
<html xmlns="http://www.w3.org/1999/xhtml" xml:lang="en" lang="en">
 <head>
  <title>
</title>
<meta http-equiv="Content-Type" content="text/html;charset=utf-8" />
  <meta name='ocr-system' content='tesseract 3.04.00' />
  <meta name='ocr-capabilities' content='ocr_page ocr_carea ocr_par ocr_line ocrx_word'/>
</head>
<body>
  <div class='ocr_page' id='page_1' title='image "./registrumadedeo00banngoog_0298.png"; bbox 0 0 3850 5917; ppageno 0'>
   <div class='ocr_carea' id='block_1_1' title="bbox 129 911 267 951">
    <p class='ocr_par' dir='ltr' id='par_1_1' title="bbox 129 911 267 951">
     <span class='ocr_line' id='line_1_1' title="bbox 129 911 267 951; baseline -0.014 0"><span class='ocrx_word' id='word_1_1' title='bbox 129 911 194 951; x_wconf 71' lang='grc' dir='ltr'><em>Μ).</em></span> <span class='ocrx_word' id='word_1_2' title='bbox 210 912 267 949; x_wconf 67' lang='lat' dir='ltr'><em>lm</em></span> 
     </span>
    </p>
   </div>
   <div class='ocr_carea' id='block_1_2' title="bbox 151 1788 269 1833">
    <p class='ocr_par' dir='ltr' id='par_1_2' title="bbox 151 1788 269 1833">
     <span class='ocr_line' id='line_1_2' title="bbox 151 1788 269 1833; baseline -0.051 0"><span class='ocrx_word' id='word_1_3' title='bbox 151 1792 204 1833; x_wconf 73' lang='lat' dir='ltr'><em>ent.</em></span> <span class='ocrx_word' id='word_1_4' title='bbox 219 1788 269 1831; x_wconf 60' lang='grc' dir='ltr'><em>ωδ.</em></span> 
     </span>
    </p>
   </div>
   <div class='ocr_carea' id='block_1_3' title="bbox 717 680 1545 761">
    <p class='ocr_par' dir='ltr' id='par_1_3' title="bbox 717 680 1545 761">
     <span class='ocr_line' id='line_1_3' title="bbox 717 680 1545 761; baseline 0.005 -22"><span class='ocrx_word' id='word_1_5' title='bbox 717 680 869 761; x_wconf 78' lang='lat' dir='ltr'><strong><em>Episcopi</em></strong></span> <span class='ocrx_word' id='word_1_6' title='bbox 896 680 1139 760; x_wconf 80' lang='lat' dir='ltr'><em>Herefordensc&#39;s.</em></span> <span class='ocrx_word' id='word_1_7' title='bbox 1486 684 1545 744; x_wconf 80' lang='lat'><em>233</em></span> 
     </span>
    </p>
   </div>
   <div class='ocr_carea' id='block_1_4' title="bbox 308 905 1547 1089">
    <p class='ocr_par' dir='ltr' id='par_1_4' title="bbox 308 905 1547 1089">
     <span class='ocr_line' id='line_1_4' title="bbox 309 905 1547 985; baseline 0.002 -21"><span class='ocrx_word' id='word_1_8' title='bbox 309 905 492 984; x_wconf 89' lang='lat' dir='ltr'><em>dampnum,</em></span> <span class='ocrx_word' id='word_1_9' title='bbox 519 910 589 975; x_wconf 85' lang='lat' dir='ltr'><em>etc,</em></span> <span class='ocrx_word' id='word_1_10' title='bbox 611 910 644 965; x_wconf 90' lang='lat' dir='ltr'><em>et</em></span> <span class='ocrx_word' id='word_1_11' title='bbox 664 911 775 965; x_wconf 90' lang='lat' dir='ltr'><em>contra</em></span> <span class='ocrx_word' id='word_1_12' title='bbox 795 925 905 985; x_wconf 90' lang='lat' dir='ltr'><em>pacem</em></span> <span class='ocrx_word' id='word_1_13' title='bbox 935 912 1086 975; x_wconf 87' lang='lat' dir='ltr'><em>nostram,</em></span> <span class='ocrx_word' id='word_1_14' title='bbox 1109 911 1167 967; x_wconf 89' lang='lat' dir='ltr'><em>etc.</em></span> <span class='ocrx_word' id='word_1_15' title='bbox 1211 907 1255 967; x_wconf 84' lang='lat' dir='ltr'><em>Et</em></span> <span class='ocrx_word' id='word_1_16' title='bbox 1276 907 1392 968; x_wconf 88' lang='lat' dir='ltr'><em>habeas</em></span> <span class='ocrx_word' id='word_1_17' title='bbox 1414 907 1465 978; x_wconf 90' lang='lat' dir='ltr'><em>ibi,</em></span> <span class='ocrx_word' id='word_1_18' title='bbox 1488 912 1547 969; x_wconf 90' lang='lat' dir='ltr'><em>etc.</em></span> 
     </span>
     <span class='ocr_line' id='line_1_5' title="bbox 308 1010 666 1089; baseline 0.003 -21"><span class='ocrx_word' id='word_1_19' title='bbox 308 1010 402 1071; x_wconf 82' lang='lat' dir='ltr'><em>Teste</em></span> <span class='ocrx_word' id='word_1_20' title='bbox 422 1015 459 1069; x_wconf 89' lang='lat' dir='ltr'><em>ut</em></span> <span class='ocrx_word' id='word_1_21' title='bbox 480 1029 585 1089; x_wconf 89' lang='lat' dir='ltr'><em>supra,</em></span> <span class='ocrx_word' id='word_1_22' title='bbox 607 1015 666 1071; x_wconf 91' lang='lat' dir='ltr'><em>etc.</em></span> 
     </span>
    </p>
   </div>
   <div class='ocr_carea' id='block_1_5' title="bbox 312 1277 1554 1681">
    <p class='ocr_par' dir='ltr' id='par_1_5' title="bbox 312 1277 1554 1681">
     <span class='ocr_line' id='line_1_6' title="bbox 312 1277 1554 1359; baseline 0.001 -21"><span class='ocrx_word' id='word_1_23' title='bbox 312 1278 394 1339; x_wconf 82' lang='lat' dir='ltr'><em>June</em></span> <span class='ocrx_word' id='word_1_24' title='bbox 421 1277 577 1339; x_wconf 66' lang='lat' dir='ltr'><em>tri-The</em></span> <span class='ocrx_word' id='word_1_25' title='bbox 605 1278 724 1358; x_wconf 77' lang='lat' dir='ltr'><em>Bishop</em></span> <span class='ocrx_word' id='word_1_26' title='bbox 752 1277 900 1338; x_wconf 80' lang='lat' dir='ltr'><em>instrnots</em></span> <span class='ocrx_word' id='word_1_27' title='bbox 932 1278 1074 1339; x_wconf 77' lang='lat' dir='ltr'><em>Wiltionr</em></span> <span class='ocrx_word' id='word_1_28' title='bbox 1101 1278 1137 1338; x_wconf 86' lang='lat' dir='ltr'><em>de</em></span> <span class='ocrx_word' id='word_1_29' title='bbox 1166 1279 1345 1358; x_wconf 81' lang='lat' dir='ltr'><em>Fowntope,</em></span> <span class='ocrx_word' id='word_1_30' title='bbox 1377 1278 1489 1339; x_wconf 87' lang='lat' dir='ltr'><em>Rector</em></span> <span class='ocrx_word' id='word_1_31' title='bbox 1518 1280 1554 1359; x_wconf 83' lang='lat' dir='ltr'><em>os</em></span> 
     </span>
     <span class='ocr_line' id='line_1_7' title="bbox 439 1358 1549 1439; baseline 0.002 -21"><span class='ocrx_word' id='word_1_32' title='bbox 439 1358 608 1437; x_wconf 79' lang='lat' dir='ltr'><em>Westlrnry,</em></span> <span class='ocrx_word' id='word_1_33' title='bbox 635 1366 664 1419; x_wconf 94' lang='lat' dir='ltr'><em>to</em></span> <span class='ocrx_word' id='word_1_34' title='bbox 688 1366 739 1419; x_wconf 87' lang='lat' dir='ltr'><em>aot</em></span> <span class='ocrx_word' id='word_1_35' title='bbox 757 1359 811 1438; x_wconf 80' lang='lat' dir='ltr'><em>for</em></span> <span class='ocrx_word' id='word_1_36' title='bbox 836 1358 902 1418; x_wconf 76' lang='lat' dir='ltr'><em>trini</em></span> <span class='ocrx_word' id='word_1_37' title='bbox 925 1358 961 1418; x_wconf 80' lang='lat' dir='ltr'><em>in</em></span> <span class='ocrx_word' id='word_1_38' title='bbox 990 1358 1038 1419; x_wconf 79' lang='lat' dir='ltr'><em>tlte</em></span> <span class='ocrx_word' id='word_1_39' title='bbox 1066 1366 1177 1419; x_wconf 85' lang='lat' dir='ltr'><em>matter</em></span> <span class='ocrx_word' id='word_1_40' title='bbox 1200 1359 1235 1438; x_wconf 85' lang='lat' dir='ltr'><em>os</em></span> <span class='ocrx_word' id='word_1_41' title='bbox 1259 1380 1279 1419; x_wconf 88' lang='lat' dir='ltr'><em>o</em></span> <span class='ocrx_word' id='word_1_42' title='bbox 1306 1360 1428 1439; x_wconf 78' lang='lat' dir='ltr'><em>disputo</em></span> <span class='ocrx_word' id='word_1_43' title='bbox 1456 1380 1490 1419; x_wconf 87' lang='lat' dir='ltr'><em>os</em></span> <span class='ocrx_word' id='word_1_44' title='bbox 1521 1366 1549 1421; x_wconf 93' lang='lat' dir='ltr'><em>to</em></span> 
     </span>
     <span class='ocr_line' id='line_1_8' title="bbox 435 1439 1550 1519; baseline 0.001 -20"><span class='ocrx_word' id='word_1_45' title='bbox 435 1440 484 1500; x_wconf 78' lang='lat' dir='ltr'><em>tte</em></span> <span class='ocrx_word' id='word_1_46' title='bbox 511 1439 635 1500; x_wconf 71' lang='lat' dir='ltr'><em>oraret</em></span> <span class='ocrx_word' id='word_1_47' title='bbox 659 1440 695 1519; x_wconf 81' lang='lat' dir='ltr'><em>of</em></span> <span class='ocrx_word' id='word_1_48' title='bbox 719 1441 845 1519; x_wconf 86' lang='lat' dir='ltr'><em>Hopton</em></span> <span class='ocrx_word' id='word_1_49' title='bbox 877 1439 995 1519; x_wconf 84' lang='lat' dir='ltr'><em>Wesers</em></span> <span class='ocrx_word' id='word_1_50' title='bbox 1021 1440 1148 1500; x_wconf 78' lang='lat' dir='ltr'><em>between</em></span> <span class='ocrx_word' id='word_1_51' title='bbox 1176 1440 1317 1499; x_wconf 79' lang='lat' dir='ltr'><em>Willinnc</em></span> <span class='ocrx_word' id='word_1_52' title='bbox 1340 1440 1377 1500; x_wconf 81' lang='lat' dir='ltr'><em>de</em></span> <span class='ocrx_word' id='word_1_53' title='bbox 1403 1440 1550 1517; x_wconf 77' lang='lat' dir='ltr'><em>Schepne-</em></span> 
     </span>
     <span class='ocr_line' id='line_1_9' title="bbox 433 1520 1551 1600; baseline 0 -19"><span class='ocrx_word' id='word_1_54' title='bbox 433 1529 528 1591; x_wconf 90' lang='lat' dir='ltr'><em>stone,</em></span> <span class='ocrx_word' id='word_1_55' title='bbox 549 1521 710 1600; x_wconf 75' lang='lat' dir='ltr'><em>presented</em></span> <span class='ocrx_word' id='word_1_56' title='bbox 735 1521 772 1598; x_wconf 80' lang='lat' dir='ltr'><em>tp</em></span> <span class='ocrx_word' id='word_1_57' title='bbox 799 1520 848 1580; x_wconf 84' lang='lat' dir='ltr'><em>the</em></span> <span class='ocrx_word' id='word_1_58' title='bbox 872 1521 970 1581; x_wconf 80' lang='lat' dir='ltr'><em>Atoor</em></span> <span class='ocrx_word' id='word_1_59' title='bbox 994 1521 1058 1580; x_wconf 85' lang='lat' dir='ltr'><em>ond</em></span> <span class='ocrx_word' id='word_1_60' title='bbox 1084 1521 1218 1581; x_wconf 83' lang='lat' dir='ltr'><em>Conoent</em></span> <span class='ocrx_word' id='word_1_61' title='bbox 1242 1521 1277 1600; x_wconf 86' lang='lat' dir='ltr'><em>os</em></span> <span class='ocrx_word' id='word_1_62' title='bbox 1304 1521 1462 1598; x_wconf 80' lang='lat' dir='ltr'><em>Wipnrorc,</em></span> <span class='ocrx_word' id='word_1_63' title='bbox 1488 1522 1551 1581; x_wconf 84' lang='lat' dir='ltr'><em>and</em></span> 
     </span>
     <span class='ocr_line' id='line_1_10' title="bbox 438 1601 1390 1681; baseline 0 -21"><span class='ocrx_word' id='word_1_64' title='bbox 438 1602 581 1662; x_wconf 80' lang='lat' dir='ltr'><em>thttam</em></span> <span class='ocrx_word' id='word_1_65' title='bbox 603 1602 640 1662; x_wconf 81' lang='lat' dir='ltr'><em>de</em></span> <span class='ocrx_word' id='word_1_66' title='bbox 664 1602 813 1673; x_wconf 85' lang='lat' dir='ltr'><em>Moreton,</em></span> <span class='ocrx_word' id='word_1_67' title='bbox 837 1601 904 1662; x_wconf 82' lang='lat' dir='ltr'><em>who</em></span> <span class='ocrx_word' id='word_1_68' title='bbox 928 1608 962 1662; x_wconf 88' lang='lat' dir='ltr'><em>ot</em></span> <span class='ocrx_word' id='word_1_69' title='bbox 982 1609 1105 1681; x_wconf 82' lang='lat' dir='ltr'><em>present</em></span> <span class='ocrx_word' id='word_1_70' title='bbox 1132 1602 1186 1661; x_wconf 81' lang='lat' dir='ltr'><em>hes</em></span> <span class='ocrx_word' id='word_1_71' title='bbox 1207 1601 1390 1681; x_wconf 73' lang='lat' dir='ltr'><em>possession.</em></span> 
     </span>
    </p>
   </div>
   <div class='ocr_carea' id='block_1_6' title="bbox 307 1756 1551 2895">
    <p class='ocr_par' dir='ltr' id='par_1_6' title="bbox 307 1756 1551 2895">
     <span class='ocr_line' id='line_1_11' title="bbox 392 1756 1551 1818; baseline -0.003 0"><span class='ocrx_word' id='word_1_72' title='bbox 392 1757 574 1818; x_wconf 82' lang='lat' dir='ltr'><em>Oounresro</em></span> <span class='ocrx_word' id='word_1_73' title='bbox 588 1774 650 1816; x_wconf 72' lang='lat' dir='ltr'><em>vno</em></span> <span class='ocrx_word' id='word_1_74' title='bbox 664 1774 872 1815; x_wconf 73' lang='lat' dir='ltr'><em>eunenuriro</em></span> <span class='ocrx_word' id='word_1_75' title='bbox 886 1774 929 1815; x_wconf 74' lang='lat' dir='ltr'><em>An</em></span> <span class='ocrx_word' id='word_1_76' title='bbox 944 1773 1127 1815; x_wconf 81' lang='lat' dir='ltr'><em>noonnsuu</em></span> <span class='ocrx_word' id='word_1_77' title='bbox 1142 1773 1185 1813; x_wconf 84' lang='lat' dir='ltr'><em>nn</em></span> <span class='ocrx_word' id='word_1_78' title='bbox 1201 1756 1360 1816; x_wconf 79' lang='lat' dir='ltr'><em>Hornoun</em></span> <span class='ocrx_word' id='word_1_79' title='bbox 1373 1757 1551 1817; x_wconf 77' lang='lat' dir='ltr'><em>warns.-</em></span> 
     </span>
     <span class='ocr_line' id='line_1_12' title="bbox 312 1861 1551 1942; baseline 0.001 -19"><span class='ocrx_word' id='word_1_80' title='bbox 312 1862 423 1933; x_wconf 87' lang='lat' dir='ltr'><em>Adam,</em></span> <span class='ocrx_word' id='word_1_81' title='bbox 444 1868 515 1933; x_wconf 81' lang='lat' dir='ltr'><em>etc,</em></span> <span class='ocrx_word' id='word_1_82' title='bbox 536 1862 651 1923; x_wconf 88' lang='lat' dir='ltr'><em>dilecto</em></span> <span class='ocrx_word' id='word_1_83' title='bbox 672 1861 746 1930; x_wconf 89' lang='lat' dir='ltr'><em>filio,</em></span> <span class='ocrx_word' id='word_1_84' title='bbox 768 1861 920 1941; x_wconf 84' lang='lat' dir='ltr'><em>magistro</em></span> <span class='ocrx_word' id='word_1_85' title='bbox 937 1862 988 1921; x_wconf 90' lang='lat' dir='ltr'><em>W.</em></span> <span class='ocrx_word' id='word_1_86' title='bbox 1010 1862 1049 1922; x_wconf 90' lang='lat' dir='ltr'><em>de</em></span> <span class='ocrx_word' id='word_1_87' title='bbox 1067 1862 1253 1942; x_wconf 80' lang='lat' dir='ltr'><em>Fowehope,</em></span> <span class='ocrx_word' id='word_1_88' title='bbox 1273 1863 1400 1923; x_wconf 87' lang='lat' dir='ltr'><em>Rectori</em></span> <span class='ocrx_word' id='word_1_89' title='bbox 1420 1864 1551 1924; x_wconf 88' lang='lat' dir='ltr'><em>ecclesie</em></span> 
     </span>
     <span class='ocr_line' id='line_1_13' title="bbox 309 1968 1549 2046; baseline 0 -17"><span class='ocrx_word' id='word_1_90' title='bbox 309 1970 348 2029; x_wconf 91' lang='lat' dir='ltr'><em>de</em></span> <span class='ocrx_word' id='word_1_91' title='bbox 369 1968 550 2046; x_wconf 89' lang='lat' dir='ltr'><em>Westbury,</em></span> <span class='ocrx_word' id='word_1_92' title='bbox 579 1974 687 2027; x_wconf 88' lang='lat' dir='ltr'><em>nostre</em></span> <span class='ocrx_word' id='word_1_93' title='bbox 716 1968 858 2039; x_wconf 89' lang='lat' dir='ltr'><em>diocesis,</em></span> <span class='ocrx_word' id='word_1_94' title='bbox 889 1974 998 2028; x_wconf 89' lang='lat' dir='ltr'><em>nostro</em></span> <span class='ocrx_word' id='word_1_95' title='bbox 1033 1968 1065 2025; x_wconf 93' lang='lat' dir='ltr'><em>in</em></span> <span class='ocrx_word' id='word_1_96' title='bbox 1096 1968 1245 2028; x_wconf 88' lang='lat' dir='ltr'><em>Officialis</em></span> <span class='ocrx_word' id='word_1_97' title='bbox 1274 1968 1374 2029; x_wconf 78' lang='lat' dir='ltr'><em>nostri</em></span> <span class='ocrx_word' id='word_1_98' title='bbox 1403 1969 1549 2029; x_wconf 76' lang='lat' dir='ltr'><em>absencia</em></span> 
     </span>
     <span class='ocr_line' id='line_1_14' title="bbox 310 2073 1549 2153; baseline -0.001 -17"><span class='ocrx_word' id='word_1_99' title='bbox 310 2074 528 2136; x_wconf 89' lang='lat' dir='ltr'><em>commissario</em></span> <span class='ocrx_word' id='word_1_100' title='bbox 548 2074 695 2153; x_wconf 86' lang='lat' dir='ltr'><em>generali,</em></span> <span class='ocrx_word' id='word_1_101' title='bbox 717 2074 862 2144; x_wconf 88' lang='lat' dir='ltr'><em>salutem,</em></span> <span class='ocrx_word' id='word_1_102' title='bbox 877 2080 936 2133; x_wconf 89' lang='lat' dir='ltr'><em>etc.</em></span> <span class='ocrx_word' id='word_1_103' title='bbox 980 2073 1029 2132; x_wconf 85' lang='lat' dir='ltr'><em>Ad</em></span> <span class='ocrx_word' id='word_1_104' title='bbox 1050 2075 1301 2151; x_wconf 82' lang='lat' dir='ltr'><em>cognoscendum</em></span> <span class='ocrx_word' id='word_1_105' title='bbox 1323 2075 1356 2134; x_wconf 91' lang='lat' dir='ltr'><em>in</em></span> <span class='ocrx_word' id='word_1_106' title='bbox 1378 2096 1472 2135; x_wconf 84' lang='lat' dir='ltr'><em>causa</em></span> <span class='ocrx_word' id='word_1_107' title='bbox 1493 2096 1549 2137; x_wconf 89' lang='lat' dir='ltr'><em>seu</em></span> 
     </span>
     <span class='ocr_line' id='line_1_15' title="bbox 311 2180 1550 2260; baseline 0.002 -21"><span class='ocrx_word' id='word_1_108' title='bbox 311 2180 441 2260; x_wconf 86' lang='lat' dir='ltr'><em>negocio</em></span> <span class='ocrx_word' id='word_1_109' title='bbox 463 2200 523 2260; x_wconf 88' lang='lat' dir='ltr'><em>que</em></span> <span class='ocrx_word' id='word_1_110' title='bbox 543 2180 593 2239; x_wconf 88' lang='lat' dir='ltr'><em>vel</em></span> <span class='ocrx_word' id='word_1_111' title='bbox 621 2180 706 2259; x_wconf 89' lang='lat' dir='ltr'><em>quod</em></span> <span class='ocrx_word' id='word_1_112' title='bbox 733 2180 867 2239; x_wconf 85' lang='lat' dir='ltr'><em>vertitur</em></span> <span class='ocrx_word' id='word_1_113' title='bbox 900 2198 958 2240; x_wconf 85' lang='lat' dir='ltr'><em>seu</em></span> <span class='ocrx_word' id='word_1_114' title='bbox 985 2180 1066 2239; x_wconf 89' lang='lat' dir='ltr'><em>verti</em></span> <span class='ocrx_word' id='word_1_115' title='bbox 1087 2186 1232 2258; x_wconf 88' lang='lat' dir='ltr'><em>speratur</em></span> <span class='ocrx_word' id='word_1_116' title='bbox 1252 2180 1335 2241; x_wconf 89' lang='lat' dir='ltr'><em>inter</em></span> <span class='ocrx_word' id='word_1_117' title='bbox 1355 2182 1550 2241; x_wconf 88' lang='lat' dir='ltr'><em>Willelmum</em></span> 
     </span>
     <span class='ocr_line' id='line_1_16' title="bbox 314 2285 1550 2367; baseline 0.002 -21"><span class='ocrx_word' id='word_1_118' title='bbox 314 2288 353 2348; x_wconf 87' lang='lat' dir='ltr'><em>de</em></span> <span class='ocrx_word' id='word_1_119' title='bbox 386 2286 632 2365; x_wconf 86' lang='lat' dir='ltr'><em>Scheynestone,</em></span> <span class='ocrx_word' id='word_1_120' title='bbox 661 2285 819 2357; x_wconf 89' lang='lat' dir='ltr'><em>clericum,</em></span> <span class='ocrx_word' id='word_1_121' title='bbox 849 2289 1066 2365; x_wconf 79' lang='lat' dir='ltr'><em>presentatum</em></span> <span class='ocrx_word' id='word_1_122' title='bbox 1097 2285 1136 2344; x_wconf 91' lang='lat' dir='ltr'><em>ad</em></span> <span class='ocrx_word' id='word_1_123' title='bbox 1164 2286 1327 2346; x_wconf 87' lang='lat' dir='ltr'><em>ecclesiam</em></span> <span class='ocrx_word' id='word_1_124' title='bbox 1351 2287 1389 2347; x_wconf 90' lang='lat' dir='ltr'><em>de</em></span> <span class='ocrx_word' id='word_1_125' title='bbox 1418 2287 1550 2367; x_wconf 86' lang='lat' dir='ltr'><em>Hopton</em></span> 
     </span>
     <span class='ocr_line' id='line_1_17' title="bbox 314 2390 1550 2472; baseline 0.001 -19"><span class='ocrx_word' id='word_1_126' title='bbox 314 2392 422 2453; x_wconf 85' lang='lat' dir='ltr'><em>Walre</em></span> <span class='ocrx_word' id='word_1_127' title='bbox 443 2412 499 2472; x_wconf 91' lang='lat' dir='ltr'><em>per</em></span> <span class='ocrx_word' id='word_1_128' title='bbox 520 2390 682 2471; x_wconf 87' lang='lat' dir='ltr'><em>religiosos</em></span> <span class='ocrx_word' id='word_1_129' title='bbox 702 2392 797 2462; x_wconf 87' lang='lat' dir='ltr'><em>viros,</em></span> <span class='ocrx_word' id='word_1_130' title='bbox 820 2390 975 2451; x_wconf 87' lang='lat' dir='ltr'><em>Abbatem</em></span> <span class='ocrx_word' id='word_1_131' title='bbox 998 2396 1030 2451; x_wconf 90' lang='lat' dir='ltr'><em>et</em></span> <span class='ocrx_word' id='word_1_132' title='bbox 1053 2391 1251 2451; x_wconf 69' lang='lat' dir='ltr'><em>Contentum</em></span> <span class='ocrx_word' id='word_1_133' title='bbox 1275 2392 1314 2452; x_wconf 89' lang='lat' dir='ltr'><em>de</em></span> <span class='ocrx_word' id='word_1_134' title='bbox 1342 2392 1550 2471; x_wconf 86' lang='lat' dir='ltr'><em>Wiggemore,</em></span> 
     </span>
     <span class='ocr_line' id='line_1_18' title="bbox 309 2497 1549 2578; baseline -0.001 -19"><span class='ocrx_word' id='word_1_135' title='bbox 309 2518 348 2559; x_wconf 81' lang='lat' dir='ltr'><em>ex</em></span> <span class='ocrx_word' id='word_1_136' title='bbox 385 2504 476 2578; x_wconf 89' lang='lat' dir='ltr'><em>parte</em></span> <span class='ocrx_word' id='word_1_137' title='bbox 509 2518 583 2569; x_wconf 87' lang='lat' dir='ltr'><em>una,</em></span> <span class='ocrx_word' id='word_1_138' title='bbox 617 2504 651 2558; x_wconf 89' lang='lat' dir='ltr'><em>et</em></span> <span class='ocrx_word' id='word_1_139' title='bbox 689 2498 883 2558; x_wconf 90' lang='lat' dir='ltr'><em>Willelmum</em></span> <span class='ocrx_word' id='word_1_140' title='bbox 922 2499 960 2559; x_wconf 88' lang='lat' dir='ltr'><em>de</em></span> <span class='ocrx_word' id='word_1_141' title='bbox 1000 2497 1138 2569; x_wconf 89' lang='lat' dir='ltr'><em>Morton,</em></span> <span class='ocrx_word' id='word_1_142' title='bbox 1176 2498 1367 2577; x_wconf 86' lang='lat' dir='ltr'><em>possessioni</em></span> <span class='ocrx_word' id='word_1_143' title='bbox 1407 2499 1549 2578; x_wconf 86' lang='lat' dir='ltr'><em>ejusdem</em></span> 
     </span>
     <span class='ocr_line' id='line_1_19' title="bbox 309 2603 1550 2677; baseline 0.001 -12"><span class='ocrx_word' id='word_1_144' title='bbox 309 2604 440 2665; x_wconf 78' lang='lat' dir='ltr'><em>ecclesie</em></span> <span class='ocrx_word' id='word_1_145' title='bbox 465 2603 700 2665; x_wconf 87' lang='lat' dir='ltr'><em>incumbentem</em></span> <span class='ocrx_word' id='word_1_146' title='bbox 725 2624 763 2666; x_wconf 85' lang='lat' dir='ltr'><em>ex</em></span> <span class='ocrx_word' id='word_1_147' title='bbox 787 2604 894 2674; x_wconf 89' lang='lat' dir='ltr'><em>altera,</em></span> <span class='ocrx_word' id='word_1_148' title='bbox 920 2609 953 2664; x_wconf 87' lang='lat' dir='ltr'><em>et</em></span> <span class='ocrx_word' id='word_1_149' title='bbox 976 2604 1038 2664; x_wconf 88' lang='lat' dir='ltr'><em>fine</em></span> <span class='ocrx_word' id='word_1_150' title='bbox 1061 2604 1166 2664; x_wconf 90' lang='lat' dir='ltr'><em>debito</em></span> <span class='ocrx_word' id='word_1_151' title='bbox 1192 2604 1434 2677; x_wconf 88' lang='lat' dir='ltr'><em>terminandum,</em></span> <span class='ocrx_word' id='word_1_152' title='bbox 1460 2604 1550 2666; x_wconf 90' lang='lat' dir='ltr'><em>vobis</em></span> 
     </span>
     <span class='ocr_line' id='line_1_20' title="bbox 310 2709 1549 2791; baseline 0 -21"><span class='ocrx_word' id='word_1_153' title='bbox 310 2716 419 2771; x_wconf 87' lang='lat' dir='ltr'><em>tenore</em></span> <span class='ocrx_word' id='word_1_154' title='bbox 446 2710 644 2790; x_wconf 88' lang='lat' dir='ltr'><em>presencium</em></span> <span class='ocrx_word' id='word_1_155' title='bbox 673 2710 902 2770; x_wconf 86' lang='lat' dir='ltr'><em>committimus</em></span> <span class='ocrx_word' id='word_1_156' title='bbox 927 2709 1013 2770; x_wconf 89' lang='lat' dir='ltr'><em>vices</em></span> <span class='ocrx_word' id='word_1_157' title='bbox 1038 2715 1172 2779; x_wconf 86' lang='lat' dir='ltr'><em>nostrus,</em></span> <span class='ocrx_word' id='word_1_158' title='bbox 1201 2714 1260 2770; x_wconf 88' lang='lat' dir='ltr'><em>etc.</em></span> <span class='ocrx_word' id='word_1_159' title='bbox 1318 2710 1436 2777; x_wconf 74' lang='lat' dir='ltr'><em>Datum</em></span> <span class='ocrx_word' id='word_1_160' title='bbox 1466 2711 1549 2791; x_wconf 90' lang='lat' dir='ltr'><em>apud</em></span> 
     </span>
     <span class='ocr_line' id='line_1_21' title="bbox 307 2815 1424 2895; baseline -0.002 -18"><span class='ocrx_word' id='word_1_161' title='bbox 307 2816 463 2894; x_wconf 86' lang='lat' dir='ltr'><em>Bosbury,</em></span> <span class='ocrx_word' id='word_1_162' title='bbox 485 2816 572 2894; x_wconf 85' lang='lat' dir='ltr'><em>xviij⁰</em></span> <span class='ocrx_word' id='word_1_163' title='bbox 598 2816 649 2876; x_wconf 90' lang='lat' dir='ltr'><em>die</em></span> <span class='ocrx_word' id='word_1_164' title='bbox 672 2815 790 2875; x_wconf 87' lang='lat' dir='ltr'><em>mensis</em></span> <span class='ocrx_word' id='word_1_165' title='bbox 817 2815 914 2885; x_wconf 79' lang='lat' dir='ltr'><em>iunii,</em></span> <span class='ocrx_word' id='word_1_166' title='bbox 943 2835 1027 2875; x_wconf 90' lang='lat' dir='ltr'><em>anno</em></span> <span class='ocrx_word' id='word_1_167' title='bbox 1050 2815 1179 2876; x_wconf 90' lang='lat' dir='ltr'><em>Domini</em></span> <span class='ocrx_word' id='word_1_168' title='bbox 1203 2816 1424 2895; x_wconf 79' lang='lat' dir='ltr'><em>M00000xxij0.</em></span> 
     </span>
    </p>
   </div>
   <div class='ocr_carea' id='block_1_7' title="bbox 308 3116 1550 3522">
    <p class='ocr_par' dir='ltr' id='par_1_7' title="bbox 308 3116 1550 3522">
     <span class='ocr_line' id='line_1_22' title="bbox 308 3116 1549 3198; baseline 0.002 -19"><span class='ocrx_word' id='word_1_169' title='bbox 308 3120 391 3180; x_wconf 84' lang='lat' dir='ltr'><em>Jnne</em></span> <span class='ocrx_word' id='word_1_170' title='bbox 415 3118 570 3180; x_wconf 73' lang='lat' dir='ltr'><em>ru-Tte</em></span> <span class='ocrx_word' id='word_1_171' title='bbox 596 3119 714 3198; x_wconf 79' lang='lat' dir='ltr'><em>Bishop</em></span> <span class='ocrx_word' id='word_1_172' title='bbox 735 3119 770 3197; x_wconf 87' lang='lat' dir='ltr'><em>os</em></span> <span class='ocrx_word' id='word_1_173' title='bbox 791 3118 942 3197; x_wconf 80' lang='lat' dir='ltr'><em>Hereford</em></span> <span class='ocrx_word' id='word_1_174' title='bbox 967 3117 1038 3177; x_wconf 75' lang='lat' dir='ltr'><em>astes</em></span> <span class='ocrx_word' id='word_1_175' title='bbox 1062 3117 1110 3177; x_wconf 86' lang='lat' dir='ltr'><em>the</em></span> <span class='ocrx_word' id='word_1_176' title='bbox 1131 3116 1250 3197; x_wconf 83' lang='lat' dir='ltr'><em>Bishop</em></span> <span class='ocrx_word' id='word_1_177' title='bbox 1270 3118 1306 3197; x_wconf 84' lang='lat' dir='ltr'><em>os</em></span> <span class='ocrx_word' id='word_1_178' title='bbox 1330 3117 1494 3179; x_wconf 84' lang='lat' dir='ltr'><em>Worcester</em></span> <span class='ocrx_word' id='word_1_179' title='bbox 1519 3128 1549 3181; x_wconf 93' lang='lat' dir='ltr'><em>to</em></span> 
     </span>
     <span class='ocr_line' id='line_1_23' title="bbox 428 3197 1549 3279; baseline 0.001 -19"><span class='ocrx_word' id='word_1_180' title='bbox 428 3200 582 3279; x_wconf 80' lang='lat' dir='ltr'><em>proctaim</em></span> <span class='ocrx_word' id='word_1_181' title='bbox 607 3200 656 3260; x_wconf 86' lang='lat' dir='ltr'><em>the</em></span> <span class='ocrx_word' id='word_1_182' title='bbox 679 3207 814 3259; x_wconf 87' lang='lat' dir='ltr'><em>sentence</em></span> <span class='ocrx_word' id='word_1_183' title='bbox 834 3200 870 3278; x_wconf 81' lang='lat' dir='ltr'><em>of</em></span> <span class='ocrx_word' id='word_1_184' title='bbox 889 3197 1183 3259; x_wconf 77' lang='lat' dir='ltr'><em>encornmnnioatc&#39;on</em></span> <span class='ocrx_word' id='word_1_185' title='bbox 1203 3200 1399 3277; x_wconf 83' lang='lat' dir='ltr'><em>prononnced</em></span> <span class='ocrx_word' id='word_1_186' title='bbox 1423 3200 1549 3277; x_wconf 78' lang='lat' dir='ltr'><em>opoinst</em></span> 
     </span>
     <span class='ocr_line' id='line_1_24' title="bbox 432 3279 1550 3360; baseline 0 -19"><span class='ocrx_word' id='word_1_187' title='bbox 432 3281 587 3360; x_wconf 79' lang='lat' dir='ltr'><em>Repinctd</em></span> <span class='ocrx_word' id='word_1_188' title='bbox 622 3282 658 3341; x_wconf 87' lang='lat' dir='ltr'><em>de</em></span> <span class='ocrx_word' id='word_1_189' title='bbox 692 3280 855 3351; x_wconf 82' lang='lat' dir='ltr'><em>Munslow,</em></span> <span class='ocrx_word' id='word_1_190' title='bbox 887 3279 977 3347; x_wconf 81' lang='lat' dir='ltr'><em>cleric,</em></span> <span class='ocrx_word' id='word_1_191' title='bbox 1003 3280 1058 3359; x_wconf 84' lang='lat' dir='ltr'><em>sor</em></span> <span class='ocrx_word' id='word_1_192' title='bbox 1087 3279 1219 3340; x_wconf 81' lang='lat' dir='ltr'><em>violence</em></span> <span class='ocrx_word' id='word_1_193' title='bbox 1249 3280 1373 3357; x_wconf 75' lang='lat' dir='ltr'><em>apoinst</em></span> <span class='ocrx_word' id='word_1_194' title='bbox 1408 3281 1550 3341; x_wconf 79' lang='lat' dir='ltr'><em>Willianr</em></span> 
     </span>
     <span class='ocr_line' id='line_1_25' title="bbox 430 3359 1549 3440; baseline 0.001 -18"><span class='ocrx_word' id='word_1_195' title='bbox 430 3362 467 3422; x_wconf 83' lang='lat' dir='ltr'><em>de</em></span> <span class='ocrx_word' id='word_1_196' title='bbox 501 3362 703 3440; x_wconf 80' lang='lat' dir='ltr'><em>prr&#39;ntone;</em></span> <span class='ocrx_word' id='word_1_197' title='bbox 739 3361 821 3421; x_wconf 86' lang='lat' dir='ltr'><em>since</em></span> <span class='ocrx_word' id='word_1_198' title='bbox 851 3360 1007 3438; x_wconf 80' lang='lat' dir='ltr'><em>Repinotd</em></span> <span class='ocrx_word' id='word_1_199' title='bbox 1039 3359 1066 3419; x_wconf 81' lang='lat' dir='ltr'><em>is</em></span> <span class='ocrx_word' id='word_1_200' title='bbox 1096 3359 1167 3420; x_wconf 80' lang='lat' dir='ltr'><em>said</em></span> <span class='ocrx_word' id='word_1_201' title='bbox 1198 3367 1226 3420; x_wconf 88' lang='lat' dir='ltr'><em>to</em></span> <span class='ocrx_word' id='word_1_202' title='bbox 1257 3360 1332 3421; x_wconf 79' lang='lat' dir='ltr'><em>hone</em></span> <span class='ocrx_word' id='word_1_203' title='bbox 1362 3362 1549 3440; x_wconf 79' lang='lat' dir='ltr'><em>transferred</em></span> 
     </span>
     <span class='ocr_line' id='line_1_26' title="bbox 432 3441 1108 3522; baseline -0.003 -21"><span class='ocrx_word' id='word_1_204' title='bbox 432 3443 557 3522; x_wconf 80' lang='lat' dir='ltr'><em>himself</em></span> <span class='ocrx_word' id='word_1_205' title='bbox 583 3451 612 3503; x_wconf 95' lang='lat' dir='ltr'><em>to</em></span> <span class='ocrx_word' id='word_1_206' title='bbox 641 3442 691 3502; x_wconf 84' lang='lat' dir='ltr'><em>the</em></span> <span class='ocrx_word' id='word_1_207' title='bbox 719 3441 844 3502; x_wconf 82' lang='lat' dir='ltr'><em>Dioccse</em></span> <span class='ocrx_word' id='word_1_208' title='bbox 871 3442 907 3521; x_wconf 81' lang='lat' dir='ltr'><em>of</em></span> <span class='ocrx_word' id='word_1_209' title='bbox 934 3442 1108 3501; x_wconf 87' lang='lat' dir='ltr'><em>Woroester.</em></span> 
     </span>
    </p>
   </div>
   <div class='ocr_carea' id='block_1_8' title="bbox 307 3596 1548 5162">
    <p class='ocr_par' dir='ltr' id='par_1_8' title="bbox 307 3596 1548 5162">
     <span class='ocr_line' id='line_1_27' title="bbox 389 3596 1547 3667; baseline 0.002 -10"><span class='ocrx_word' id='word_1_210' title='bbox 389 3598 586 3667; x_wconf 75' lang='lat' dir='ltr'><em>Reumsrcro</em></span> <span class='ocrx_word' id='word_1_211' title='bbox 620 3614 721 3657; x_wconf 72' lang='lat' dir='ltr'><em>sacri</em></span> <span class='ocrx_word' id='word_1_212' title='bbox 764 3596 927 3656; x_wconf 73' lang='lat' dir='ltr'><em>Esrscoro</em></span> <span class='ocrx_word' id='word_1_213' title='bbox 962 3596 1195 3656; x_wconf 81' lang='lat' dir='ltr'><em>Wioonumusr</em></span> <span class='ocrx_word' id='word_1_214' title='bbox 1238 3614 1389 3657; x_wconf 79' lang='lat' dir='ltr'><em>onrnuru</em></span> <span class='ocrx_word' id='word_1_215' title='bbox 1431 3616 1547 3659; x_wconf 81' lang='lat' dir='ltr'><em>nurus.</em></span> 
     </span>
     <span class='ocr_line' id='line_1_28' title="bbox 307 3701 1546 3781; baseline 0.001 -17"><span class='ocrx_word' id='word_1_216' title='bbox 307 3702 795 3764; x_wconf 81' lang='lat' dir='ltr'><em>viciseirunrurs.—Reverend0</em></span> <span class='ocrx_word' id='word_1_217' title='bbox 823 3702 856 3761; x_wconf 89' lang='lat' dir='ltr'><em>in</em></span> <span class='ocrx_word' id='word_1_218' title='bbox 884 3701 1012 3763; x_wconf 77' lang='lat' dir='ltr'><em>Christo</em></span> <span class='ocrx_word' id='word_1_219' title='bbox 1048 3701 1140 3781; x_wconf 90' lang='lat' dir='ltr'><em>patri,</em></span> <span class='ocrx_word' id='word_1_220' title='bbox 1169 3702 1296 3763; x_wconf 91' lang='lat' dir='ltr'><em>domino</em></span> <span class='ocrx_word' id='word_1_221' title='bbox 1327 3704 1456 3776; x_wconf 80' lang='lat' dir='ltr'><em>Thome,</em></span> <span class='ocrx_word' id='word_1_222' title='bbox 1486 3706 1546 3767; x_wconf 90' lang='lat' dir='ltr'><em>Dei</em></span> 
     </span>
     <span class='ocr_line' id='line_1_29' title="bbox 307 3806 1548 3890; baseline 0.002 -21"><span class='ocrx_word' id='word_1_223' title='bbox 307 3810 412 3890; x_wconf 87' lang='lat' dir='ltr'><em>gracia</em></span> <span class='ocrx_word' id='word_1_224' title='bbox 447 3809 669 3889; x_wconf 87' lang='lat' dir='ltr'><em>Wygorniensi</em></span> <span class='ocrx_word' id='word_1_225' title='bbox 710 3808 879 3887; x_wconf 65' lang='lat' dir='ltr'><em>Episcopo</em></span> <span class='ocrx_word' id='word_1_226' title='bbox 921 3806 1032 3877; x_wconf 87' lang='lat' dir='ltr'><em>Adam,</em></span> <span class='ocrx_word' id='word_1_227' title='bbox 1068 3812 1127 3868; x_wconf 91' lang='lat' dir='ltr'><em>etc.</em></span> <span class='ocrx_word' id='word_1_228' title='bbox 1184 3808 1232 3867; x_wconf 88' lang='lat' dir='ltr'><em>Ad</em></span> <span class='ocrx_word' id='word_1_229' title='bbox 1267 3828 1374 3869; x_wconf 87' lang='lat' dir='ltr'><em>curam</em></span> <span class='ocrx_word' id='word_1_230' title='bbox 1409 3810 1548 3889; x_wconf 84' lang='lat' dir='ltr'><em>pertinet</em></span> 
     </span>
     <span class='ocr_line' id='line_1_30' title="bbox 307 3912 1547 3995; baseline -0.002 -18"><span class='ocrx_word' id='word_1_231' title='bbox 307 3915 499 3995; x_wconf 85' lang='lat' dir='ltr'><em>pastoralem</em></span> <span class='ocrx_word' id='word_1_232' title='bbox 544 3915 718 3977; x_wconf 89' lang='lat' dir='ltr'><em>secundum</em></span> <span class='ocrx_word' id='word_1_233' title='bbox 763 3912 931 3974; x_wconf 79' lang='lat' dir='ltr'><em>canonicas</em></span> <span class='ocrx_word' id='word_1_234' title='bbox 973 3912 1156 3973; x_wconf 77' lang='lat' dir='ltr'><em>sanctiones</em></span> <span class='ocrx_word' id='word_1_235' title='bbox 1204 3914 1547 3975; x_wconf 80' lang='lat' dir='ltr'><em>excommunicatorum</em></span> 
     </span>
     <span class='ocr_line' id='line_1_31' title="bbox 308 4018 1545 4099; baseline 0 -18"><span class='ocrx_word' id='word_1_236' title='bbox 308 4022 438 4082; x_wconf 90' lang='lat' dir='ltr'><em>nomina</em></span> <span class='ocrx_word' id='word_1_237' title='bbox 458 4026 525 4082; x_wconf 89' lang='lat' dir='ltr'><em>tam</em></span> <span class='ocrx_word' id='word_1_238' title='bbox 553 4020 666 4081; x_wconf 87' lang='lat' dir='ltr'><em>vicinis</em></span> <span class='ocrx_word' id='word_1_239' title='bbox 687 4019 855 4099; x_wconf 81' lang='lat' dir='ltr'><em>Episcopis</em></span> <span class='ocrx_word' id='word_1_240' title='bbox 883 4039 979 4098; x_wconf 84' lang='lat' dir='ltr'><em>quam</em></span> <span class='ocrx_word' id='word_1_241' title='bbox 1008 4018 1208 4098; x_wconf 86' lang='lat' dir='ltr'><em>parochianis</em></span> <span class='ocrx_word' id='word_1_242' title='bbox 1229 4019 1295 4080; x_wconf 87' lang='lat' dir='ltr'><em>suis</em></span> <span class='ocrx_word' id='word_1_243' title='bbox 1323 4020 1440 4099; x_wconf 78' lang='lat' dir='ltr'><em>pariter</em></span> <span class='ocrx_word' id='word_1_244' title='bbox 1467 4022 1545 4081; x_wconf 91' lang='lat' dir='ltr'><em>indi-</em></span> 
     </span>
     <span class='ocr_line' id='line_1_32' title="bbox 307 4124 1548 4208; baseline 0 -19"><span class='ocrx_word' id='word_1_245' title='bbox 307 4148 379 4189; x_wconf 89' lang='lat' dir='ltr'><em>care</em></span> <span class='ocrx_word' id='word_1_246' title='bbox 406 4134 439 4189; x_wconf 90' lang='lat' dir='ltr'><em>et</em></span> <span class='ocrx_word' id='word_1_247' title='bbox 465 4127 591 4208; x_wconf 92' lang='lat' dir='ltr'><em>publice</em></span> <span class='ocrx_word' id='word_1_248' title='bbox 618 4126 776 4196; x_wconf 89' lang='lat' dir='ltr'><em>nunciare,</em></span> <span class='ocrx_word' id='word_1_249' title='bbox 806 4130 843 4185; x_wconf 93' lang='lat' dir='ltr'><em>ut</em></span> <span class='ocrx_word' id='word_1_250' title='bbox 871 4145 908 4186; x_wconf 87' lang='lat' dir='ltr'><em>ex</em></span> <span class='ocrx_word' id='word_1_251' title='bbox 940 4124 1001 4185; x_wconf 92' lang='lat' dir='ltr'><em>hoc</em></span> <span class='ocrx_word' id='word_1_252' title='bbox 1036 4124 1136 4204; x_wconf 85' lang='lat' dir='ltr'><em>magis</em></span> <span class='ocrx_word' id='word_1_253' title='bbox 1170 4144 1303 4185; x_wconf 84' lang='lat' dir='ltr'><em>censure</em></span> <span class='ocrx_word' id='word_1_254' title='bbox 1334 4126 1548 4189; x_wconf 80' lang='lat' dir='ltr'><em>ecclesiastica</em></span> 
     </span>
     <span class='ocr_line' id='line_1_33' title="bbox 308 4229 1545 4311; baseline -0.002 -16"><span class='ocrx_word' id='word_1_255' title='bbox 308 4236 466 4305; x_wconf 87' lang='lat' dir='ltr'><em>timeatur,</em></span> <span class='ocrx_word' id='word_1_256' title='bbox 498 4239 531 4295; x_wconf 89' lang='lat' dir='ltr'><em>et</em></span> <span class='ocrx_word' id='word_1_257' title='bbox 568 4232 799 4293; x_wconf 88' lang='lat' dir='ltr'><em>communionis</em></span> <span class='ocrx_word' id='word_1_258' title='bbox 830 4231 1005 4311; x_wconf 91' lang='lat' dir='ltr'><em>periculum</em></span> <span class='ocrx_word' id='word_1_259' title='bbox 1035 4229 1179 4302; x_wconf 89' lang='lat' dir='ltr'><em>evitetur,</em></span> <span class='ocrx_word' id='word_1_260' title='bbox 1202 4232 1398 4292; x_wconf 81' lang='lat' dir='ltr'><em>contumacis</em></span> <span class='ocrx_word' id='word_1_261' title='bbox 1429 4234 1545 4293; x_wconf 87' lang='lat' dir='ltr'><em>vicium</em></span> 
     </span>
     <span class='ocr_line' id='line_1_34' title="bbox 307 4337 1546 4422; baseline 0.001 -22"><span class='ocrx_word' id='word_1_262' title='bbox 307 4342 505 4422; x_wconf 87' lang='lat' dir='ltr'><em>reprimatur,</em></span> <span class='ocrx_word' id='word_1_263' title='bbox 529 4348 561 4402; x_wconf 90' lang='lat' dir='ltr'><em>et</em></span> <span class='ocrx_word' id='word_1_264' title='bbox 584 4339 856 4410; x_wconf 81' lang='lat' dir='ltr'><em>excommunicati,</em></span> <span class='ocrx_word' id='word_1_265' title='bbox 879 4339 954 4398; x_wconf 88' lang='lat' dir='ltr'><em>dum</em></span> <span class='ocrx_word' id='word_1_266' title='bbox 977 4338 1016 4398; x_wconf 89' lang='lat' dir='ltr'><em>ab</em></span> <span class='ocrx_word' id='word_1_267' title='bbox 1037 4337 1106 4399; x_wconf 88' lang='lat' dir='ltr'><em>aliis</em></span> <span class='ocrx_word' id='word_1_268' title='bbox 1128 4338 1277 4409; x_wconf 86' lang='lat' dir='ltr'><em>vitantur,</em></span> <span class='ocrx_word' id='word_1_269' title='bbox 1299 4338 1411 4400; x_wconf 90' lang='lat' dir='ltr'><em>rubore</em></span> <span class='ocrx_word' id='word_1_270' title='bbox 1432 4341 1546 4403; x_wconf 80' lang='lat' dir='ltr'><em>suffusi</em></span> 
     </span>
     <span class='ocr_line' id='line_1_35' title="bbox 307 4443 1545 4525; baseline -0.002 -17"><span class='ocrx_word' id='word_1_271' title='bbox 307 4448 349 4508; x_wconf 78' lang='lat' dir='ltr'><em>ud</em></span> <span class='ocrx_word' id='word_1_272' title='bbox 382 4446 571 4507; x_wconf 89' lang='lat' dir='ltr'><em>humilitatis</em></span> <span class='ocrx_word' id='word_1_273' title='bbox 598 4446 735 4525; x_wconf 86' lang='lat' dir='ltr'><em>graciam</em></span> <span class='ocrx_word' id='word_1_274' title='bbox 773 4450 806 4506; x_wconf 91' lang='lat' dir='ltr'><em>et</em></span> <span class='ocrx_word' id='word_1_275' title='bbox 839 4443 1107 4505; x_wconf 86' lang='lat' dir='ltr'><em>reconciliacionis</em></span> <span class='ocrx_word' id='word_1_276' title='bbox 1141 4444 1290 4505; x_wconf 85' lang='lat' dir='ltr'><em>effectum</em></span> <span class='ocrx_word' id='word_1_277' title='bbox 1329 4444 1451 4507; x_wconf 83' lang='lat' dir='ltr'><em>facilius</em></span> <span class='ocrx_word' id='word_1_278' title='bbox 1499 4447 1545 4506; x_wconf 92' lang='lat' dir='ltr'><em>in·</em></span> 
     </span>
     <span class='ocr_line' id='line_1_36' title="bbox 308 4549 1547 4632; baseline -0.002 -17"><span class='ocrx_word' id='word_1_279' title='bbox 308 4555 474 4615; x_wconf 89' lang='lat' dir='ltr'><em>clinentnr.</em></span> <span class='ocrx_word' id='word_1_280' title='bbox 517 4552 599 4627; x_wconf 83' lang='lat' dir='ltr'><em>Quia</em></span> <span class='ocrx_word' id='word_1_281' title='bbox 627 4552 722 4632; x_wconf 83' lang='lat' dir='ltr'><em>igitur</em></span> <span class='ocrx_word' id='word_1_282' title='bbox 752 4550 945 4631; x_wconf 86' lang='lat' dir='ltr'><em>Reginaldus</em></span> <span class='ocrx_word' id='word_1_283' title='bbox 973 4550 1012 4610; x_wconf 92' lang='lat' dir='ltr'><em>de</em></span> <span class='ocrx_word' id='word_1_284' title='bbox 1044 4549 1247 4620; x_wconf 90' lang='lat' dir='ltr'><em>Munselowe,</em></span> <span class='ocrx_word' id='word_1_285' title='bbox 1280 4550 1411 4611; x_wconf 89' lang='lat' dir='ltr'><em>clericus</em></span> <span class='ocrx_word' id='word_1_286' title='bbox 1439 4558 1547 4613; x_wconf 89' lang='lat' dir='ltr'><em>nostre</em></span> 
     </span>
     <span class='ocr_line' id='line_1_37' title="bbox 308 4655 1547 4738; baseline -0.002 -17"><span class='ocrx_word' id='word_1_287' title='bbox 308 4660 452 4731; x_wconf 84' lang='lat' dir='ltr'><em>diocesis,</em></span> <span class='ocrx_word' id='word_1_288' title='bbox 474 4658 525 4719; x_wconf 90' lang='lat' dir='ltr'><em>cui</em></span> <span class='ocrx_word' id='word_1_289' title='bbox 556 4658 676 4719; x_wconf 86' lang='lat' dir='ltr'><em>dudum</em></span> <span class='ocrx_word' id='word_1_290' title='bbox 706 4678 726 4718; x_wconf 86' lang='lat' dir='ltr'><em>a</em></span> <span class='ocrx_word' id='word_1_291' title='bbox 756 4656 918 4718; x_wconf 90' lang='lat' dir='ltr'><em>sentencia</em></span> <span class='ocrx_word' id='word_1_292' title='bbox 950 4655 1080 4735; x_wconf 83' lang='lat' dir='ltr'><em>majoris</em></span> <span class='ocrx_word' id='word_1_293' title='bbox 1106 4656 1452 4728; x_wconf 84' lang='lat' dir='ltr'><em>excommunicacionis,</em></span> <span class='ocrx_word' id='word_1_294' title='bbox 1484 4678 1547 4738; x_wconf 93' lang='lat' dir='ltr'><em>qua</em></span> 
     </span>
     <span class='ocr_line' id='line_1_38' title="bbox 307 4762 1545 4847; baseline -0.002 -18"><span class='ocrx_word' id='word_1_295' title='bbox 307 4788 366 4847; x_wconf 87' lang='lat' dir='ltr'><em>pro</em></span> <span class='ocrx_word' id='word_1_296' title='bbox 393 4766 532 4828; x_wconf 88' lang='lat' dir='ltr'><em>violenta</em></span> <span class='ocrx_word' id='word_1_297' title='bbox 565 4784 718 4826; x_wconf 89' lang='lat' dir='ltr'><em>manuum</em></span> <span class='ocrx_word' id='word_1_298' title='bbox 755 4764 929 4844; x_wconf 84' lang='lat' dir='ltr'><em>injeccione</em></span> <span class='ocrx_word' id='word_1_299' title='bbox 956 4762 990 4823; x_wconf 90' lang='lat' dir='ltr'><em>in</em></span> <span class='ocrx_word' id='word_1_300' title='bbox 1028 4762 1222 4824; x_wconf 90' lang='lat' dir='ltr'><em>Willelmum</em></span> <span class='ocrx_word' id='word_1_301' title='bbox 1263 4763 1301 4824; x_wconf 90' lang='lat' dir='ltr'><em>de</em></span> <span class='ocrx_word' id='word_1_302' title='bbox 1343 4763 1545 4844; x_wconf 86' lang='lat' dir='ltr'><em>Wygintone,</em></span> 
     </span>
     <span class='ocr_line' id='line_1_39' title="bbox 308 4868 1545 4949; baseline -0.002 -14"><span class='ocrx_word' id='word_1_303' title='bbox 308 4873 468 4943; x_wconf 86' lang='lat' dir='ltr'><em>acolitum,</em></span> <span class='ocrx_word' id='word_1_304' title='bbox 488 4870 675 4933; x_wconf 80' lang='lat' dir='ltr'><em>familiarem</em></span> <span class='ocrx_word' id='word_1_305' title='bbox 702 4875 856 4941; x_wconf 89' lang='lat' dir='ltr'><em>nostrum,</em></span> <span class='ocrx_word' id='word_1_306' title='bbox 878 4889 984 4930; x_wconf 86' lang='lat' dir='ltr'><em>coram</em></span> <span class='ocrx_word' id='word_1_307' title='bbox 1009 4868 1100 4929; x_wconf 89' lang='lat' dir='ltr'><em>altari</em></span> <span class='ocrx_word' id='word_1_308' title='bbox 1121 4869 1239 4949; x_wconf 91' lang='lat' dir='ltr'><em>capelle</em></span> <span class='ocrx_word' id='word_1_309' title='bbox 1260 4876 1367 4931; x_wconf 87' lang='lat' dir='ltr'><em>nostre</em></span> <span class='ocrx_word' id='word_1_310' title='bbox 1388 4871 1426 4931; x_wconf 89' lang='lat' dir='ltr'><em>de</em></span> <span class='ocrx_word' id='word_1_311' title='bbox 1447 4872 1545 4933; x_wconf 85' lang='lat' dir='ltr'><em>Bose-</em></span> 
     </span>
     <span class='ocr_line' id='line_1_40' title="bbox 310 4975 1545 5059; baseline 0 -20"><span class='ocrx_word' id='word_1_312' title='bbox 310 4978 400 5059; x_wconf 85' lang='lat' dir='ltr'><em>bury,</em></span> <span class='ocrx_word' id='word_1_313' title='bbox 432 4978 594 5039; x_wconf 89' lang='lat' dir='ltr'><em>involutus</em></span> <span class='ocrx_word' id='word_1_314' title='bbox 624 4976 797 5049; x_wconf 82' lang='lat' dir='ltr'><em>exstiterat,</em></span> <span class='ocrx_word' id='word_1_315' title='bbox 828 4976 974 5037; x_wconf 85' lang='lat' dir='ltr'><em>absoluto</em></span> <span class='ocrx_word' id='word_1_316' title='bbox 1004 4976 1037 5035; x_wconf 90' lang='lat' dir='ltr'><em>in</em></span> <span class='ocrx_word' id='word_1_317' title='bbox 1068 4975 1185 5037; x_wconf 88' lang='lat' dir='ltr'><em>virtute</em></span> <span class='ocrx_word' id='word_1_318' title='bbox 1215 4975 1385 5055; x_wconf 84' lang='lat' dir='ltr'><em>juramenti</em></span> <span class='ocrx_word' id='word_1_319' title='bbox 1419 4978 1545 5058; x_wconf 88' lang='lat' dir='ltr'><em>prestiti</em></span> 
     </span>
     <span class='ocr_line' id='line_1_41' title="bbox 309 5080 1544 5162; baseline 0.001 -18"><span class='ocrx_word' id='word_1_320' title='bbox 309 5084 457 5145; x_wconf 84' lang='lat' dir='ltr'><em>duximus</em></span> <span class='ocrx_word' id='word_1_321' title='bbox 476 5082 714 5162; x_wconf 84' lang='lat' dir='ltr'><em>injungendum,</em></span> <span class='ocrx_word' id='word_1_322' title='bbox 735 5102 776 5143; x_wconf 92' lang='lat' dir='ltr'><em>ne</em></span> <span class='ocrx_word' id='word_1_323' title='bbox 797 5087 912 5143; x_wconf 88' lang='lat' dir='ltr'><em>extunc</em></span> <span class='ocrx_word' id='word_1_324' title='bbox 932 5081 965 5140; x_wconf 92' lang='lat' dir='ltr'><em>in</em></span> <span class='ocrx_word' id='word_1_325' title='bbox 990 5082 1124 5143; x_wconf 87' lang='lat' dir='ltr'><em>eandem</em></span> <span class='ocrx_word' id='word_1_326' title='bbox 1153 5080 1347 5142; x_wconf 90' lang='lat' dir='ltr'><em>Willelmum</em></span> <span class='ocrx_word' id='word_1_327' title='bbox 1370 5082 1420 5144; x_wconf 88' lang='lat' dir='ltr'><em>vel</em></span> <span class='ocrx_word' id='word_1_328' title='bbox 1446 5084 1544 5145; x_wconf 85' lang='lat' dir='ltr'><em>alium</em></span> 
     </span>
    </p>
   </div>
   <div class='ocr_carea' id='block_1_9' title="bbox 0 0 1930 5917">
    <p class='ocr_par' dir='ltr' id='par_1_9' title="bbox 0 0 1930 5917">
     <span class='ocr_line' id='line_1_42' title="bbox 0 0 1930 5917; baseline 0 1"><span class='ocrx_word' id='word_1_329' title='bbox 0 0 1930 5917; x_wconf 95' lang='lat' dir='ltr'><em> </em></span> 
     </span>
    </p>
   </div>
  </div>
 </body>
</html>
