3850 5917
689 704 840 784 Episcopi
866 705 1111 786 Heresordenaic.
1477 711 1516 770 51

130 934 179 973 Μ)-
193 935 240 973 ¹³¹⁷·
279 932 368 988 terne
389 927 546 990 unitatem
560 929 593 988 in
612 934 718 991 vestro
732 933 843 991 sancto
862 930 993 1010 collegio
1011 930 1122 992 florere
1136 933 1340 1012 prospiciam,
1355 933 1518 995 vobiscum

279 1054 337 1095 ruo
364 1041 519 1115 perpetuo
547 1036 675 1098 affectet
702 1037 761 1098 sub
789 1037 900 1098 habitu
923 1038 1058 1117 regulari
1086 1038 1250 1100 Altissimo
1277 1039 1431 1112 famulari,
1461 1063 1519 1103 vos

277 1140 452 1202 affectuose
492 1161 639 1220 rogamus
680 1142 831 1222 quatinus
871 1142 968 1222 hujus
1009 1164 1103 1205 suum
1139 1151 1286 1206 sanctum
1319 1147 1515 1226 propositum

276 1249 419 1328 graciose
439 1253 472 1309 et
493 1248 706 1310 favorabiliter
724 1256 952 1330 prosequentes
973 1251 1079 1330 ipsum
1100 1252 1241 1313 caritatis
1261 1252 1380 1313 intuitu
1403 1254 1518 1324 velitis,

276 1352 304 1414 si
333 1353 448 1433 placet,
476 1354 615 1434 recipere
641 1354 675 1414 in
709 1355 897 1416 canonicum
925 1363 958 1417 et
986 1357 1020 1415 in
1047 1357 1287 1428 fraternitatem,
1315 1363 1349 1419 et
1377 1364 1517 1419 vestrum

277 1479 375 1539 super
394 1460 456 1520 hoc
485 1459 717 1540 beneplacitum
748 1461 840 1522 nobis
870 1463 1041 1524 rescribere
1072 1485 1145 1524 cum
1175 1485 1232 1544 per
1266 1465 1447 1527 Johannem
1467 1467 1517 1527 vel

274 1564 377 1624 filium
407 1585 501 1626 suum
521 1566 679 1646 predictos
701 1586 837 1646 congrue
857 1567 981 1629 fueritis
1001 1569 1153 1649 requisiti.
1210 1569 1258 1630 Ad
1282 1577 1392 1632 sancte
1415 1572 1517 1651 religi-

275 1671 347 1732 onis
369 1677 575 1751 augmentum
596 1692 653 1733 vos
672 1678 836 1734 conservet
857 1672 1041 1735 Altissimus
1061 1680 1094 1736 et
1114 1675 1203 1736 vobis
1224 1676 1378 1756 adaugeat
1398 1677 1518 1738 donum

275 1777 380 1855 gracie
409 1776 565 1838 salutaris.
628 1778 749 1837 Datum
783 1777 867 1856 apud
900 1778 1056 1857 Heybury
1082 1779 1171 1858 juxta
1199 1779 1390 1852 londonias,
1415 1782 1518 1860 prima

275 1881 326 1943 die
348 1881 544 1943 Decembris.

278 2149 349 2210 Dec.
372 2149 529 2209 ra-Tte
550 2149 677 2229 Biahop,
700 2149 738 2228 bp
759 2150 967 2232 directiones
991 2152 1040 2212 the
1061 2152 1155 2230 Kirp,
1176 2153 1279 2215 writes
1301 2162 1330 2215 to
1356 2155 1405 2215 the
1427 2156 1519 2217 Deua

401 2229 465 2290 aad
492 2230 626 2310 Chapter
651 2231 718 2291 ibat
744 2230 813 2309 they
837 2232 950 2293 receive
976 2240 1005 2293 to
1031 2233 1080 2294 the
1103 2234 1242 2295 Prcbcnd
1265 2235 1301 2314 os
1324 2236 1518 2315 Withinptoa

400 2311 497 2389 Haph
525 2311 561 2372 de
588 2311 788 2385 Leominster,
816 2313 884 2374 who
910 2333 974 2373 was
1002 2314 1078 2393 dnlp
1104 2315 1262 2394 presented
1289 2315 1328 2395 bp
1357 2316 1405 2378 the
1433 2318 1518 2397 Kinp

398 2391 514 2471 dariap
543 2392 592 2453 rba
618 2413 754 2471 aarancp
782 2394 817 2473 os
842 2394 891 2454 the
920 2394 984 2455 See.

359 2562 543 2622 Oonnrssro
563 2579 626 2621 rao
646 2579 772 2622 nonme
794 2562 940 2623 Huooun
956 2580 1000 2622 nn
1021 2563 1423 2637 Lnonrnrsrara.—Adam,
1445 2571 1516 2638 etc,

278 2666 393 2728 dilecto
415 2665 448 2726 in
480 2665 606 2728 Christo
635 2666 710 2738 filio,
739 2666 864 2727 officiali
902 2672 1012 2728 nostro
1040 2673 1072 2728 et
1096 2667 1212 2729 vicario
1243 2669 1276 2728 in
1301 2670 1517 2750 spiritualibus

275 2773 366 2834 nobis
398 2778 489 2834 extra
519 2772 669 2834 diocesim
700 2772 866 2852 agentibus
897 2773 1043 2852 generali,
1079 2773 1224 2844 salutem,
1255 2779 1315 2834 etc.
1377 2775 1517 2836 Litteras

275 2879 395 2940 domini
420 2879 522 2940 nostri
549 2877 645 2958 Regis
672 2884 819 2958 patentes
850 2878 909 2939 sub
942 2898 1000 2939 suo
1024 2897 1139 2958 magno
1163 2879 1265 2958 sigillo
1294 2881 1433 2960 signatas
1467 2902 1513 2942 re·

274 2985 418 3065 cepimus
433 2990 576 3045 tenorem
589 2985 643 3065 qui
658 2985 801 3065 sequitur
819 2985 1033 3046 continentes:
1056 2985 1241 3057 Edwardus,
1261 2991 1330 3058 etc,
1345 2988 1515 3049 venerabili

275 3088 306 3147 in
328 3089 459 3150 Christo
476 3089 568 3169 patri,
590 3090 666 3160 Ade,
688 3095 758 3161 etc..
777 3089 921 3151 salutem.
958 3090 1036 3151 Cum
1056 3110 1157 3169 nuper
1176 3110 1233 3170 per
1251 3091 1373 3154 litteras
1389 3099 1515 3156 nostras

273 3200 422 3274 patentes
441 3194 636 3256 dedissemus
645 3201 677 3256 et
698 3195 966 3256 concessissemus
984 3197 1098 3258 dilecto
1117 3196 1229 3258 clerico
1246 3205 1364 3271 nostro,
1385 3200 1514 3281 Hugoni

274 3303 312 3363 de
344 3301 579 3380 Lymenystria,
618 3301 810 3381 prebendam
849 3302 887 3362 de
922 3301 1287 3383 Chirchewythyngtone
1315 3305 1348 3364 in
1383 3307 1515 3367 ecclesia

273 3409 376 3470 sancti
405 3405 584 3467 Ethelberti
617 3405 803 3468 Hersfordie
825 3412 1000 3478 vacantem,
1022 3413 1055 3469 et
1079 3407 1120 3468 ad
1143 3415 1285 3469 nostram
1307 3410 1513 3473 donacionem

272 3519 481 3594 spectantem,
510 3513 635 3574 racione
659 3513 859 3592 episcopatus
883 3513 1017 3594 predicti
1038 3519 1115 3574 tunc
1143 3515 1285 3576 vacantis
1306 3522 1338 3577 et
1363 3517 1396 3576 in
1418 3538 1515 3579 manu

273 3625 382 3681 nostra
404 3617 578 3689 existentis,
600 3617 777 3678 habendam
797 3638 869 3678 cum
891 3617 958 3679 suis
976 3617 1099 3697 juribus
1117 3624 1150 3680 et
1169 3619 1372 3698 pertinenciis
1386 3623 1513 3702 quibus·

273 3745 407 3806 cunque,
439 3730 533 3804 prout
560 3723 594 3784 in
621 3723 736 3784 litteris
763 3724 881 3785 nostris
908 3724 1058 3804 predictis
1085 3724 1211 3805 plenius
1238 3727 1437 3799 continetur;
1469 3729 1514 3789 Et

274 3832 515 3894 mandassemus
539 3830 662 3892 dilectis
690 3830 781 3891 nobis
803 3831 836 3890 in
856 3831 992 3901 Christo,
1008 3833 1137 3892 Decano
1161 3838 1194 3893 et
1215 3832 1361 3912 Capitale
1383 3836 1514 3897 ecclesie

272 3939 423 4019 predicte,
453 3941 529 3997 tunc
550 3937 624 3997 sede
653 3939 794 4008 vacante,
816 3937 900 4015 quod
922 3936 1024 3996 eidem
1049 3936 1180 4016 Hugoni
1204 3937 1332 3998 stallum
1355 3939 1388 3998 in
1417 3941 1514 4002 choro

272 4051 305 4105 et
325 4044 432 4105 locum
462 4043 494 4100 in
522 4041 661 4122 capitulo
692 4042 817 4102 racione
847 4040 1005 4121 prebende
1033 4042 1183 4121 predicte,
1212 4049 1306 4123 prout
1336 4045 1433 4106 moris
1454 4050 1512 4116 est,

273 4151 482 4229 assignarent,
513 4167 549 4208 ac
576 4147 641 4227 jam
676 4145 922 4208 intellexerimus
946 4147 1030 4226 quod
1063 4147 1137 4208 licet
1170 4148 1264 4209 iidem
1298 4150 1446 4212 Decanus
1481 4158 1514 4212 et

273 4256 457 4337 Capitulum
482 4255 587 4333 ipsum
612 4253 782 4332 Hugonem
806 4273 863 4333 per
881 4258 1117 4333 procuratorem
1141 4275 1234 4315 suum
1261 4255 1295 4314 in
1319 4258 1512 4336 corporalem

272 4362 509 4442 possessionem
533 4359 691 4440 prebende
714 4359 854 4438 predicte
869 4358 1077 4430 induxissent,
1098 4364 1131 4420 et
1151 4360 1180 4420 ei
1206 4360 1334 4421 stallum
1358 4363 1392 4421 in
1417 4364 1513 4424 choro

272 4475 306 4530 et
339 4469 446 4530 locum
477 4465 511 4525 in
539 4465 686 4544 capitulo,
714 4470 809 4544 prout
836 4465 933 4525 moris
967 4470 1026 4535 est,
1054 4464 1278 4544 assignassent,
1313 4466 1375 4546 ipsi
1405 4474 1512 4529 tamen

273 4575 423 4636 Decanus
444 4577 476 4633 et
497 4571 678 4651 Capitulum
702 4571 807 4650 ipsum
821 4571 992 4650 Hugonsm
1012 4572 1078 4651 jam
1098 4571 1131 4630 in
1153 4573 1279 4653 propria
1298 4595 1433 4654 persona
1455 4597 1513 4638 sua

273 4681 390 4741 ibidem
416 4677 596 4739 venientem
624 4676 785 4738 installare
820 4682 875 4737 aut
906 4677 939 4736 in
970 4677 1040 4738 loco
1064 4677 1124 4739 sibi
1151 4678 1239 4759 prius
1274 4681 1319 4741 sic
1354 4682 1513 4761 assignato

273 4786 423 4854 assidere,
453 4802 490 4842 ac
518 4781 577 4842 sibi
608 4781 669 4842 alia
704 4782 743 4842 ad
774 4782 907 4843 eandem
938 4782 1130 4862 prebendam
1161 4785 1355 4864 pertinencia
1382 4786 1513 4849 liberare

274 4889 507 4958 contradicunt,
528 4887 562 4947 in
586 4887 686 4967 ipsius
707 4887 855 4968 Hugonis
873 4888 1073 4967 dispendium
1095 4910 1159 4950 non
1184 4891 1351 4961 modicum,
1368 4899 1400 4954 et
1422 4894 1512 4974 quasi

273 4998 306 5057 in
329 4995 570 5059 enervacionem
591 4993 771 5054 collacionis
795 5000 903 5055 nostre
924 4994 1064 5074 predicte
1075 5014 1083 5065 ;
1105 4995 1150 5055 Et
1168 4997 1242 5076 quia
1261 4997 1363 5058 eidem
1382 4999 1512 5080 Hugoni

271 5103 359 5184 quod
379 5103 504 5183 justum
528 5099 622 5161 fuerit
653 5099 721 5161 fieri
751 5099 897 5161 volumus
926 5100 958 5160 in
988 5101 1049 5161 hac
1077 5106 1176 5180 parte,
1205 5101 1295 5163 vobis
1323 5106 1512 5168 mandamus
