3850 5917
238 927 366 967 QUAM&

237 2157 365 2198 AEDAffl&

409 699 449 757 98
783 696 963 776 Reqistrum
990 696 1056 758 Ado
1082 697 1119 757 dc
1148 697 1272 757 Orletoc

410 922 568 983 Willelmo
592 924 631 984 de
653 922 825 1002 Mogholm,
847 923 1040 1002 presbytero,
1069 942 1125 1002 per
1145 923 1317 982 triennium
1339 922 1379 982 ab
1400 923 1539 983 instante
1560 921 1642 983 testo

409 1029 645 1091 Purificacionis
669 1029 759 1090 becte
784 1029 885 1090 Marie
908 1030 1059 1090 continuo
1083 1030 1331 1099 numerandum
1359 1029 1405 1089 ita
1428 1036 1536 1090 tamen
1560 1029 1645 1109 quod

409 1134 492 1194 idem
517 1134 664 1194 dominus
692 1123 870 1195 Willelmus
898 1133 1009 1194 subest
1033 1134 1141 1195 omnia
1164 1154 1260 1195 onera
1284 1134 1441 1195 ordinaria
1463 1135 1503 1194 ed
1527 1134 1645 1195 dictam

409 1240 572 1301 ecclesiam
598 1241 718 1301 dictum
749 1241 916 1301 Rectorem
946 1239 1031 1300 dieto
1062 1245 1204 1320 tempore
1235 1241 1494 1320 qualitercunque
1521 1241 1643 1302 contin-

407 1347 526 1426 gencie,
568 1366 629 1427 que
667 1347 774 1406 omnia
811 1346 977 1407 observare
1011 1347 1115 1408 dictus
1149 1347 1296 1406 dominus
1332 1346 1510 1408 willelmus
1550 1347 1644 1408 tactis

409 1452 617 1512 sacrosanctis
632 1451 813 1532 Evangeliis
827 1471 933 1512 coram
952 1452 1080 1513 domino
1100 1452 1226 1532 juravit,
1241 1452 1281 1512 ad
1302 1472 1363 1532 que
1378 1453 1526 1513 dominus
1540 1452 1645 1531 ipsum

408 1557 505 1637 gratis
526 1558 680 1637 premissa
700 1560 905 1618 confitentem
929 1578 987 1637 per
1006 1558 1201 1619 sentenciam
1222 1559 1362 1638 precepti
1383 1559 1644 1638 condempnavit;

408 1663 606 1743 presentibus
633 1663 780 1724 iohanne
808 1663 931 1732 Daniel,
957 1664 1061 1723 David
1088 1663 1128 1724 de
1156 1663 1328 1742 Mogholm.
1357 1663 1486 1724 domino
1514 1664 1583 1724 Ada
1606 1665 1647 1724 de

410 1769 606 1847 Aylinetone,
629 1769 779 1848 magistro
799 1768 946 1828 iohanne
967 1769 1059 1839 Rees,
1081 1771 1231 1849 magistro
1253 1770 1387 1831 Ricardo
1408 1771 1447 1831 de
1482 1772 1648 1842 Estsnore,

409 1875 532 1936 notario
553 1875 688 1955 publico,
710 1881 742 1936 et
763 1875 865 1940 eliis..

407 2129 479 2189 Deo.
501 2129 657 2190 19.-Tte
678 2129 796 2208 Bishop
818 2129 976 2190 irratitutcs
997 2129 1140 2190 Riclmrd
1160 2129 1197 2189 de
1212 2129 1244 2190 lc
1264 2129 1357 2190 Fcide
1379 2137 1408 2190 to
1431 2129 1480 2190 the
1499 2129 1646 2207 Vicurcqc

530 2210 566 2288 of
591 2211 686 2270 Greci
709 2211 862 2282 Gomorrae,
884 2231 922 2270 on
945 2210 994 2270 lte
1011 2210 1222 2290 presecwtion
1239 2211 1275 2289 of
1293 2211 1342 2271 llic
1362 2211 1459 2271 Abbot
1480 2210 1544 2271 and
1568 2215 1645 2271 Gora

417 2319 423 2338 ·
530 2298 600 2352 vent
620 2293 655 2371 os
678 2291 861 2352 Glicweslcr.

490 2449 628 2509 Vrclnrs
663 2467 706 2506 nn
743 2447 864 2508 Misus
889 2447 1347 2509 Gowsnun.-Memorsndum
1383 2449 1468 2528 quod
1501 2448 1565 2507 xix⁰
1596 2448 1647 2507 die

408 2554 525 2614 mensis
567 2552 760 2624 Decembris,
801 2573 884 2613 anno
927 2553 1057 2613 Domini
1097 2553 1324 2632 M⁰coo⁰rviij⁰
1364 2555 1447 2632 apud
1487 2554 1643 2632 Bosbury‚

407 2659 533 2719 admisit
555 2657 701 2718 dominus
723 2658 892 2718 Ricardum
914 2658 952 2718 de
973 2658 1005 2718 la
1025 2657 1122 2718 Felde
1143 2658 1181 2719 de
1202 2657 1368 2720 Northone
1389 2659 1492 2738 Regis,
1514 2659 1643 2738 presby-

407 2772 518 2838 terum,
555 2765 594 2824 cd
629 2765 776 2825 vicariam
818 2765 949 2826 ecclesie
984 2765 1023 2826 de
1059 2764 1176 2844 Magna
1209 2765 1360 2826 Oowarne
1395 2771 1570 2836 vacantem,
1606 2766 1646 2825 ad

406 2869 676 2949 presentacionem
716 2869 845 2930 Abbatis
880 2876 912 2931 et
948 2870 1131 2932 Conventus
1169 2873 1271 2932 ssueti
1306 2873 1392 2933 Petri
1435 2872 1642 2940 Glouoestrie,

406 2997 550 3037 verorum
585 2981 790 3056 patronorum
825 2976 975 3055 ejusdem,
1005 2982 1037 3038 et
1064 2977 1169 3056 ipsum
1200 2983 1389 3058 perpetuum
1416 2977 1568 3037 vicarium
1596 2977 1642 3036 in-

407 3082 511 3142 stituit
533 3082 565 3140 in
587 3081 705 3152 eadem,
721 3082 875 3160 recipiens
897 3081 936 3142 ab
950 3103 988 3143 eo
1008 3083 1222 3161 juramentum
1236 3084 1275 3144 de
1296 3083 1469 3144 residsncia
1490 3083 1644 3162 corporali

407 3189 440 3247 in
461 3189 569 3249 eadem
586 3188 700 3248 vicaria
717 3188 865 3249 continue
879 3187 1031 3249 facienda.
1074 3189 1118 3249 Et
1139 3189 1301 3249 mandavit
1322 3189 1450 3249 Decano
1471 3189 1510 3249 de
1531 3189 1646 3250 Frome

405 3314 463 3374 pro
484 3293 668 3354 induocione
689 3293 797 3372 ipsine,
820 3300 869 3354 set
888 3314 984 3373 super
1004 3294 1185 3373 hujusmodi
1206 3293 1406 3366 admissione,
1428 3294 1642 3366 institucione,

406 3405 438 3460 et
459 3399 643 3460 induccione
665 3399 767 3460 eidem
787 3398 891 3460 littere
912 3399 1042 3460 liberate
1063 3399 1191 3460 luerunt
1211 3399 1296 3479 apud
1317 3399 1507 3478 Prostebury
1528 3399 1640 3460 eodem

408 3505 458 3566 die
479 3504 537 3565 sub
559 3505 632 3564 data
653 3505 712 3565 loci
734 3505 885 3583 ejusdem,
907 3505 1053 3566 videlicet
1074 3505 1257 3584 Prestbury.

409 3773 481 3834 Feb.
513 3774 715 3835 2.-lemca
753 3772 925 3852 [Cotisoni.
961 3772 1080 3851 Bistop
1107 3773 1143 3850 of
1176 3771 1349 3842 Worocster,
1384 3771 1559 3832 commende
1595 3771 1646 3832 the

530 3855 628 3915 Abbot
655 3875 671 3914 o
721 3854 766 3914 st.
795 3853 1001 3932 Artqustine's,
1037 3853 1164 3923 Briclol,
1196 3861 1226 3912 to
1256 3872 1369 3913 receive
1397 3852 1482 3912 John
1508 3853 1578 3920 Ace.
1607 3871 1644 3913 aa

532 3935 580 3995 the
602 3935 658 3995 Bis
695 3935 771 4015 pof
788 3935 939 4013 Hereford
959 3933 1111 4012 required.
1154 3934 1179 3992 A
1201 3932 1326 3993 similar
1347 3933 1432 3993 letter
1452 3953 1515 3993 was
1536 3933 1647 3993 drawn

531 4036 574 4106 cp
599 4023 627 4076 to
652 4016 685 4076 bc
709 4022 775 4076 sent
800 4023 829 4077 lo
855 4015 903 4106 tte
927 4015 1025 4075 Abbot
1046 4015 1082 4092 of
1105 4013 1283 4092 septulum
1305 4013 1486 4092 concomiuq
1512 4013 1644 4104 Ttomus

531 4097 678 4167 Pachom,
695 4097 747 4157 bct
766 4096 814 4156 tte
834 4095 952 4176 Bishop
965 4097 1001 4174 os
1018 4094 1103 4155 Bait
1123 4095 1187 4155 und
1212 4094 1302 4155 Wells
1323 4095 1444 4173 refused
1466 4102 1495 4154 to
1515 4113 1587 4172 aron
1606 4102 1643 4154 rt.

492 4253 638 4311 errnnn
654 4252 807 4313 Errseorr
822 4253 1072 4312 Wreonumrsis
1087 4269 1229 4311 menore
1251 4252 1376 4311 Anssm
1389 4269 1432 4311 nr
1453 4251 1647 4313 Gouvnnrur
1672 4251 1677 4258 ’

411 4377 523 4420 ssucrr
558 4358 742 4418 Aucusruu
777 4359 970 4418 Bursronnrr
1004 4375 1066 4417 rso
1100 4356 1254 4417 doninus
1290 4357 1368 4428 Acn,
1403 4373 1564 4417 csuoruco
1600 4375 1645 4417 nn

409 4463 617 4533 Wrcnuons,
640 4462 1035 4532 nncrrrnrno—Thomas,
1057 4461 1263 4541 permissione
1288 4461 1394 4522 diviua
1415 4461 1645 4542 wigorniensis

411 4569 597 4648 Episcopus,
629 4568 752 4628 dilectis
787 4567 818 4627 in
848 4567 975 4630 Christo
1009 4567 1091 4640 filiis,
1121 4567 1235 4628 Abbati
1269 4573 1302 4628 et
1331 4566 1508 4628 Conventui
1543 4570 1647 4630 sancti

411 4672 579 4753 Augustini
598 4673 638 4734 de
659 4673 830 4744 Bristollio‚
852 4673 997 4744 salutem,
1017 4679 1077 4734 etc.
1132 4672 1326 4752 Significavit
1346 4671 1438 4734 nobis
1458 4674 1647 4736 venerabilis

410 4781 507 4842 frater
527 4786 643 4852 noster,
665 4781 811 4842 dominus
832 4781 942 4852 Adam,
964 4786 1034 4852 etc,
1053 4781 1138 4861 quod
1158 4781 1226 4860 ipse
1246 4801 1348 4862 nuper
1367 4801 1404 4842 ex
1425 4781 1519 4842 officii
1539 4782 1648 4846 debito

411 4886 593 4947 monasterii
614 4886 653 4948 de
675 4887 862 4967 Wygemore
889 4886 1018 4947 fratrem
1048 4885 1228 4947 Johannem
1250 4885 1322 4958 Ace,
1344 4886 1532 4946 canonicum
1556 4907 1646 4968 regu·

410 4991 517 5062 larem,
542 4991 760 5071 presbyterum
787 4998 820 5053 et
844 4992 1030 5072 professum,
1055 5013 1150 5072 quem
1179 4991 1279 5052 multa
1307 4997 1418 5053 contra
1442 4992 1648 5072 professionis

411 5117 467 5160 sue
504 5097 646 5159 debitum
676 5103 709 5160 et
743 5096 901 5178 religionis
935 5097 1136 5159 honestatem
1166 5097 1329 5159 invenerat
1362 5098 1569 5172 commisisse,
1604 5101 1646 5162 ad
