3850 5917
692 688 843 769 Episcopi
869 688 1114 768 Hercsordeacis.
1461 690 1520 751 361

97 922 165 961 AD-
183 922 238 961 ¹³2⁸·
282 917 407 993 peritur,
432 934 469 973 ac
493 913 601 993 populi
629 918 750 974 crescat
777 913 915 985 devocio,
944 914 984 973 ad
1004 913 1129 974 laudem
1161 918 1194 974 et
1224 912 1354 992 gloriam
1382 914 1521 974 nominis

283 1017 333 1079 sui
362 1018 416 1098 qui
451 1017 545 1096 justis
573 1036 704 1098 regnum
739 1024 771 1079 et
806 1018 912 1099 impiis
943 1017 1133 1098 supplicium
1167 1037 1225 1097 pro
1259 1018 1380 1080 meritis
1408 1018 1521 1080 statuit

281 1124 396 1203 largiri.
453 1124 502 1184 De
529 1143 604 1184 vero
632 1123 682 1184 die
718 1122 911 1203 receptionis
932 1123 1141 1204 presencium,
1162 1128 1222 1184 etc.
1279 1123 1398 1183 Datum
1436 1123 1520 1203 apud

282 1228 456 1300 Otteiorde,
490 1228 547 1308 vij⁰
591 1228 661 1289 Kal.
702 1228 790 1299 Maii,
827 1248 911 1289 anno
956 1227 1086 1289 Domini
1127 1228 1295 1289 millesimo
1336 1228 1519 1309 cccmvja

282 1334 423 1409 Quarum
459 1334 647 1396 auctoritate
678 1334 854 1395 litterarum
889 1334 1073 1414 paternitati
1111 1339 1216 1396 vestre
1257 1339 1366 1396 tenore
1393 1356 1519 1415 presen-

282 1439 366 1500 cium
396 1439 623 1500 denunciamus
652 1440 845 1501 asserciones
879 1440 1037 1520 predictas
1065 1440 1104 1501 de
1135 1440 1218 1501 dicte
1247 1440 1373 1502 domine
1401 1442 1521 1521 Regino

282 1552 316 1606 et
335 1544 392 1604 filii
414 1545 463 1606 sui
484 1545 680 1617 bannitione,
710 1550 742 1607 et
763 1545 910 1625 periculis
939 1545 1070 1626 prefatis
1091 1546 1224 1617 nunciis,
1253 1552 1289 1605 ut
1316 1547 1519 1625 premittitur,

283 1650 485 1712 comminatis
510 1650 605 1712 falsae
634 1671 702 1713 esse
732 1657 764 1713 et
796 1652 956 1723 confictae,
986 1652 1135 1732 omnique
1157 1652 1287 1712 destitui
1319 1653 1460 1723 veritate,
1484 1658 1521 1713 ut

283 1754 317 1812 in
331 1753 424 1814 dictis
439 1753 552 1815 titteris
566 1754 759 1841 exprimitur,
774 1756 970 1826 adinventas,
992 1755 1082 1817 vobis
1096 1756 1320 1817 nichilominus
1334 1757 1522 1819 auctoritate

284 1860 394 1922 eadem
416 1860 594 1921 districoius
614 1860 815 1939 injungentes
839 1866 876 1921 ut
900 1866 1004 1922 cetera
1024 1862 1057 1921 in
1079 1862 1198 1923 eisdem
1218 1862 1340 1924 litteras
1361 1867 1520 1935 contenta,

283 1966 433 2045 quatinus
454 1986 511 2027 vos
532 1972 735 2040 concernunt,
754 1967 843 2046 juxta
862 1967 1002 2047 ipsarum
1028 1967 1141 2029 seriem
1161 1968 1319 2039 effectum,
1341 1968 1520 2029 execucioni

285 2070 390 2132 debite
411 2071 528 2152 absque
551 2092 637 2132 more
662 2071 826 2152 dispendio
850 2072 1066 2134 demandetis¹.
1110 2075 1230 2133 Datum
1252 2074 1337 2153 apud
1374 2073 1520 2147 Fulham,

284 2176 320 2255 ij⁰
340 2177 423 2238 Non.
447 2176 533 2247 Maii,
555 2195 638 2237 anno
660 2177 789 2238 Domini
811 2178 1001 2257 supradicto.

282 2369 361 2447 Moy
385 2368 542 2429 19.-Tte
567 2368 686 2449 Bishop
710 2368 918 2429 coramicsions
947 2369 1088 2430 Wiltiom
1114 2370 1152 2431 dc
1179 2371 1359 2450 Fownbopc,
1389 2371 1520 2432 Thomas

408 2448 444 2509 dc
465 2450 584 2527 Bolcpe,
599 2450 662 2510 ond
684 2450 832 2511 Nioholoc
847 2449 884 2511 dc
907 2450 1071 2521 Ocerrocnt,
1087 2458 1116 2511 to
1130 2457 1181 2511 oct
1195 2452 1249 2530 sor
1266 2451 1331 2511 him
1347 2452 1383 2511 in
1398 2452 1520 2513 various

408 2530 562 2591 Dioocsan
577 2538 711 2601 crottcrs,
733 2531 769 2589 in
791 2530 839 2591 tho
859 2529 984 2591 absence
1004 2530 1039 2609 of
1058 2530 1107 2591 tho
1130 2532 1258 2609 Officiot.
1300 2534 1364 2593 But
1386 2534 1434 2593 the
1451 2554 1520 2612 prc-

407 2610 495 2671 vc'occ
527 2611 720 2672 commiscioa
752 2618 781 2671 to
816 2610 957 2672 Williom
990 2612 1028 2673 de
1057 2612 1229 2692 Fowabopc
1263 2612 1291 2673 is
1326 2620 1378 2674 not
1413 2614 1520 2691 hcrcby

406 2692 541 2752 rcookcd.

366 2821 548 2883 Oouurssm
578 2823 763 2884 Wmunnno
794 2842 838 2884 os
871 2824 1056 2885 Fowsaors
1086 2841 1129 2884 sn
1157 2841 1355 2884 unumunurn
1376 2843 1419 2883 nr
1443 2842 1520 2884 nina

282 2946 404 2987 nnsrro
439 2928 844 3000 cramisiacum-Adam,
879 2935 948 3001 etc,
979 2929 1124 2990 discretis
1148 2929 1223 2990 viris
1248 2929 1331 3001 filiis,
1361 2929 1520 3009 magistris

283 3036 334 3095 W.
378 3035 417 3096 de
460 3035 646 3115 Fowehope,
684 3035 804 3097 Thome
839 3036 877 3095 de
922 3034 1072 3113 Bonleyo,
1115 3036 1154 3097 de
1195 3034 1367 3115 Westbury
1407 3040 1440 3095 et
1481 3035 1521 3095 de

283 3141 463 3202 Hestenore
490 3141 691 3201 ecclesiarum
722 3146 829 3201 nostre
849 3140 983 3202 diocesis
1011 3140 1207 3211 Rectoribus,
1237 3160 1274 3200 ac
1298 3139 1452 3200 Nioholao
1481 3140 1520 3200 de

284 3246 463 3317 Kaerwent,
500 3245 613 3306 clerico
651 3250 769 3316 nostro,
806 3245 950 3317 salutem,
986 3249 1045 3306 etc.
1088 3244 1136 3304 Ad
1171 3244 1362 3305 audiendum
1393 3249 1425 3305 et
1456 3244 1520 3305 fine

282 3352 389 3413 debito
433 3351 666 3412 terminandum
709 3370 820 3411 causas
861 3356 894 3411 et
934 3350 1065 3430 negocia
1106 3349 1140 3407 in
1172 3349 1367 3410 consistoriis
1402 3350 1520 3411 nostris

283 3464 371 3518 mota
393 3465 425 3518 et
448 3458 611 3529 movenda,
643 3476 767 3517 necnon
788 3456 828 3517 ad
857 3456 1088 3536 inquirendum,
1114 3455 1340 3534 corrigendum,
1369 3461 1401 3515 et
1421 3449 1519 3535 'puni-

283 3564 401 3625 endum
424 3562 621 3623 subditorum
645 3567 825 3623 nostrorum
848 3580 995 3622 excessus
1018 3562 1050 3620 in
1074 3560 1175 3622 nostri
1200 3560 1350 3621 Officialis
1364 3560 1519 3633 absencia,

283 3668 372 3731 vobis
393 3674 425 3729 et
446 3672 586 3728 vestrum
611 3667 738 3729 cuilibet
757 3667 950 3746 conjunctim
973 3672 1005 3728 et
1033 3666 1158 3727 divisim
1180 3666 1408 3727 committimus
1436 3668 1520 3729 vices

282 3779 418 3843 nostrus,
440 3778 499 3834 eto.
542 3774 603 3833 Per
631 3772 713 3832 hanc
734 3775 841 3833 autem
862 3771 1116 3833 commissionem
1138 3770 1285 3831 nolumus
1306 3790 1365 3831 nec
1386 3770 1518 3831 intendi·

283 3898 356 3939 mus
377 3877 631 3939 commissionem
660 3878 747 3957 prius
772 3876 888 3937 iactam
910 3876 976 3948 tibi,
999 3877 1149 3957 magistro
1177 3876 1344 3948 willelmo,
1374 3898 1520 3940 revocare

283 3983 334 4045 vel
355 3983 383 4044 ei
405 3982 438 4042 in
459 3982 563 4061 aliquo
584 3983 741 4062 derogare,
761 3987 810 4043 set
831 3988 938 4043 nostre
959 3982 1149 4043 intencionis
1169 3986 1219 4043 est
1243 3988 1279 4042 ut
1293 4002 1358 4053 vos,
1378 3984 1519 4061 magistri

284 4090 406 4151 Thema
426 4094 459 4149 et
480 4088 641 4159 Nioholae,
664 4094 696 4149 et
718 4087 797 4149 alter
817 4093 958 4149 vestrum
979 4088 1033 4167 qui
1054 4088 1172 4148 adhoc
1193 4088 1389 4149 commodius
1410 4108 1520 4150 vacare

283 4194 409 4274 poterit,
428 4193 511 4254 vices
533 4199 657 4255 nostras
674 4194 706 4252 in
727 4193 802 4253 dicti
823 4193 975 4255 Willelmi
996 4194 1143 4255 absencia
1163 4199 1343 4274 exequatur.
1400 4195 1520 4255 Datum

284 4300 368 4379 apud
395 4298 654 4378 Schenyngieide,
686 4298 749 4359 xix⁰
782 4299 832 4360 die
857 4299 975 4360 mensis
1004 4300 1091 4370 Maii,
1112 4319 1196 4360 anno
1224 4300 1353 4361 Domini
1381 4300 1521 4361 M⁰Gcc⁰

284 4406 435 4467 vicesimo
456 4410 553 4477 sexto,
576 4410 634 4467 etc.

285 4598 362 4676 Moy
393 4598 605 4658 10.-Lettors
640 4597 839 4658 Testimoaiat
869 4598 998 4675 granted
1034 4605 1062 4658 to
1094 4597 1228 4676 Stephon
1257 4596 1294 4657 do
1328 4597 1521 4675 Witbinpton

410 4678 477 4737 thot
503 4676 538 4738 hc
565 4678 619 4738 hos
637 4678 756 4757 parped
778 4678 903 4757 biccsots
914 4694 999 4757 Jrom
1021 4678 1069 4739 tho
1089 4678 1213 4756 ohorpes
1234 4679 1269 4757 os
1287 4677 1436 4738 homicide
1456 4678 1520 4738 ond

410 4758 487 4839 chesi
509 4758 611 4819 which
636 4758 698 4819 bod
723 4759 794 4819 beon
819 4759 885 4819 leid
909 4760 1034 4837 apoinct
1059 4759 1132 4819 him.

368 4902 514 4961 erraaa
546 4919 796 4963 rnsrrnonmms
828 4920 848 4961 ι
877 4920 1078 4963 osannaraus
1107 4900 1422 4972 umnam-Adam,
1449 4906 1519 4972 etc,

286 5006 401 5068 dilecto
422 5006 455 5066 in
477 5006 603 5069 Christo
636 5008 709 5079 filio,
741 5008 911 5088 Stephano,
943 5008 1009 5069 filio
1040 5008 1165 5069 Ricardi
1194 5008 1234 5068 de
1253 5007 1453 5069 Withintone
1482 5007 1521 5069 de

734 5132 798 5172 l-In
812 5132 863 5173 MS.
877 5130 1069 5173 decancantes.
