3850 5917
706 686 857 766 Episcopi
884 686 1128 766 Heresordcasis.
1475 689 1534 750 203

111 923 175 962 M>-
193 923 256 960 ¹³²¹·
296 913 448 992 predictis
468 912 622 992 religiosis
650 918 683 973 et
710 931 819 973 eorum
846 911 1039 972 monasterio
1064 933 1223 992 nuperos
1246 914 1340 974 certis
1375 915 1478 975 causis
1503 919 1534 975 et

297 1020 447 1099 legitimis
471 1020 510 1080 ds
534 1038 691 1080 consensu
714 1017 816 1078 nostri
844 1017 982 1097 Capituli
1004 1019 1260 1091 concesserimus,
1284 1025 1316 1081 et
1340 1020 1535 1100 deputaveri-

297 1145 370 1186 mus
401 1125 434 1185 in
462 1144 540 1185 usus
568 1123 711 1203 proprios
738 1128 891 1202 perpetuo
921 1123 1154 1202 possidendam,
1187 1130 1345 1186 reservate
1366 1131 1472 1187 temen
1498 1127 1537 1186 de

297 1231 453 1291 fructibus
477 1230 556 1309 ipsis
579 1235 732 1308 perpetuo
761 1228 876 1289 vicario
905 1227 938 1288 in
966 1228 1051 1288 dicta
1083 1229 1215 1290 ecclesia
1249 1231 1412 1301 servituro,
1442 1252 1535 1311 quem

297 1339 358 1418 ipsi
385 1337 523 1417 religiosi
545 1337 585 1397 ad
598 1336 852 1397 nominacionem
877 1340 1027 1406 nostram,
1051 1341 1083 1397 et
1104 1357 1320 1398 successorum
1345 1345 1535 1411 nostrorum,

297 1443 448 1524 quociens
475 1443 624 1503 vicariam
653 1442 736 1502 dicte
773 1441 905 1502 ecclesie
939 1461 1051 1502 vacare
1082 1442 1257 1522 contigerit,
1287 1445 1436 1506 canonice
1466 1466 1534 1525 pre·

298 1548 478 1618 sentabunt,
501 1566 638 1627 congrua
658 1547 815 1627 porcione,
844 1567 882 1607 ex
909 1567 973 1627 qua
1000 1548 1103 1610 valeat
1130 1568 1266 1628 congrue
1291 1552 1471 1622 sustentari,
1503 1557 1536 1613 et

298 1655 517 1717 incumbenoia
553 1654 613 1716 sibi
649 1673 745 1715 onera
779 1659 974 1732 supportare,
1009 1653 1103 1714 iidem
1140 1654 1275 1734 religiosi
1311 1656 1350 1715 ad
1387 1656 1535 1717 vicariam

297 1764 381 1823 dicte
416 1760 546 1822 ecclesie
588 1759 782 1820 Willelmum
824 1758 943 1818 dictum
986 1760 1082 1837 Toky,
1126 1760 1344 1839 presbiterum,
1387 1781 1443 1841 per
1477 1783 1536 1824 nos

298 1869 445 1950 primitus
467 1867 515 1928 eis
535 1866 742 1936 nominatum,
768 1866 808 1925 ed
832 1872 973 1927 nostram
996 1867 1248 1927 nominationem
1273 1867 1364 1929 nobis
1386 1869 1536 1930 canonice

297 1977 530 2054 presentarunt.
582 1972 651 2032 Nos
679 1977 785 2032 autem
813 1971 896 2031 circe
923 1971 1156 2033 ordinacionem
1185 1971 1308 2043 vicarie,
1337 1979 1368 2034 et
1397 1975 1534 2054 assigne-

298 2081 421 2140 cionem
451 2098 488 2138 ec
509 2077 705 2136 texecionem
733 2075 891 2155 porcionis
911 2077 1060 2155 predicte,
1082 2082 1157 2137 ante
1184 2077 1408 2140 admissionem
1436 2079 1537 2160 ipsius

297 2184 472 2265 presentati
492 2183 598 2244 taliter
626 2182 773 2242 duximus
794 2182 1036 2261 procedendum.
1089 2182 1129 2242 In
1150 2183 1260 2263 primis
1283 2183 1367 2244 enim
1396 2185 1434 2246 de
1462 2206 1536 2247 vero

297 2291 403 2351 valore
439 2289 609 2357 lrnctuum,
640 2288 829 2358 reddituum,
857 2293 890 2348 et
926 2293 1137 2367 proventuum
1171 2267 1292 2368 prelata
1329 2290 1459 2352 ecclesie
1498 2292 1537 2352 de

297 2397 495 2476 Avenebury,
530 2415 654 2456 necnon
683 2401 716 2456 et
747 2395 786 2455 de
816 2394 964 2455 oneribus
995 2394 1096 2454 eidem
1129 2395 1383 2456 incumbentibus
1422 2397 1536 2476 inquiri

298 2503 432 2562 lecimus
460 2500 645 2581 diligencius
671 2499 847 2570 veritatem,
876 2500 1063 2560 mandentes
1091 2500 1241 2579 predictis
1275 2501 1428 2580 religiosis
1452 2503 1537 2582 quod

297 2609 337 2669 de
364 2607 547 2686 hujusmodi
581 2605 787 2685 proventibus
813 2605 955 2684 predicto
986 2611 1167 2685 presentato
1196 2607 1392 2686 assignarent
1430 2629 1535 2669 coram

296 2713 388 2775 nobis
423 2731 593 2791 congruam
621 2711 811 2791 porcionem.
867 2711 1007 2771 Tandem
1044 2711 1229 2772 venerabilis
1257 2719 1355 2792 pater,
1388 2715 1536 2776 dominus

298 2819 463 2888 Ricardus,
486 2817 590 2878 Abbas
614 2816 675 2878 loci
698 2816 840 2896 predicti,
862 2835 950 2877 sacre
971 2817 1083 2896 pagine
1104 2818 1270 2896 professor,
1293 2820 1357 2898 xvj⁰
1378 2820 1428 2880 die
1449 2841 1534 2881 men·

297 2925 343 2986 sis
364 2923 518 2994 Octobris,
541 2923 625 3002 apud
648 2922 786 3001 Sugwes,
808 2940 865 3001 pro
886 2941 920 2982 se
941 2927 974 2982 et
996 2921 1161 2983 Conventu
1184 2942 1251 2993 suo,
1277 2924 1310 2982 in
1335 2931 1443 2985 nostre
1467 2947 1534 3005 pre-

298 3030 405 3092 sencia
425 3027 626 3096 constitutus,
648 3025 828 3106 porcionem
846 3027 1029 3105 hujusmodi
1050 3027 1082 3085 in
1103 3027 1311 3107 infrascriptis
1331 3030 1537 3108 proventibus

299 3134 480 3214 assignavit.
524 3132 564 3191 In
587 3131 707 3212 primis,
731 3137 890 3192 reservata
910 3131 1028 3192 eisdem
1050 3131 1203 3211 religiosis
1230 3153 1287 3212 pro
1310 3133 1376 3195 suis
1401 3135 1534 3196 necessi·

300 3239 419 3301 tutibus
442 3257 567 3298 camera
593 3236 806 3316 principaliori
834 3236 936 3296 mensi
971 3235 1088 3314 inquo
1117 3237 1267 3297 Rectores
1295 3239 1378 3298 dicte
1406 3238 1537 3300 ecclesie

298 3345 441 3406 habitare
478 3347 716 3412 consueverant,
752 3361 824 3402 cum
863 3341 1006 3420 subjecto
1043 3341 1144 3402 eidem
1185 3362 1307 3402 camere
1348 3343 1461 3405 oelario
1503 3351 1536 3406 et

298 3453 434 3533 quadam
462 3451 556 3511 domo
589 3449 649 3510 sibi
678 3449 855 3528 propinqua
882 3467 979 3527 prope
1012 3453 1116 3507 ortum
1147 3447 1325 3509 inferiorem
1356 3450 1481 3521 situata,
1503 3457 1537 3512 et

297 3559 428 3640 grangia
465 3577 520 3617 seu
557 3555 670 3616 horreo
707 3553 838 3623 meliori,
874 3574 911 3614 ac
946 3554 1087 3633 predicto
1115 3559 1185 3615 orto
1221 3553 1369 3626 inferiori,
1408 3557 1461 3635 qui
1497 3558 1538 3618 de

298 3664 420 3745 prelata
441 3681 566 3722 camere
594 3659 640 3721 eis
667 3663 827 3720 reservata
847 3679 956 3720 versus
978 3663 1107 3738 pontem
1129 3657 1307 3719 inferiorem
1330 3679 1364 3720 se
1385 3662 1534 3732 extendit,

298 3779 402 3833 totum
433 3769 594 3830 residuum
625 3787 781 3836 mansum,
814 3786 887 3826 cum
917 3764 998 3836 aule,
1031 3770 1063 3826 et
1092 3765 1204 3825 esteris
1232 3765 1372 3836 edificiis,
1402 3787 1437 3827 ac
1465 3773 1536 3828 orto

298 3876 452 3957 pomifero
476 3872 638 3953 superiori,
660 3872 714 3951 qui
734 3891 769 3932 se
790 3871 930 3932 extendit
950 3890 1060 3931 versus
1084 3876 1214 3950 pontem
1239 3871 1430 3950 superiorem
1463 3893 1534 3932 cum

298 3983 464 4062 arljecente
488 3978 547 4040 sibi
572 3977 736 4056 curtilagio
764 3997 820 4037 seu
844 3977 988 4037 herbario
1013 3977 1052 4036 ed
1077 3975 1307 4036 habitacionem
1333 3977 1446 4038 ibidem
1471 3999 1533 4039 ser-

298 4088 395 4148 vituri
415 4085 522 4146 vicarii
545 4084 717 4164 deputavit.
753 4083 836 4143 Item
854 4102 911 4162 pro
928 4081 1184 4144 substentacione
1205 4081 1345 4161 ejusdem
1364 4084 1537 4162 assignavit

298 4200 400 4254 totam
415 4198 531 4253 terrem
551 4189 699 4250 arabilem
715 4189 798 4250 dicte
818 4188 958 4258 ecclesie,
974 4208 1069 4269 quam
1083 4187 1245 4266 sexaginta
1266 4207 1354 4248 acras
1376 4189 1538 4250 continere

298 4299 510 4379 comperimus
530 4317 587 4377 per
608 4296 848 4376 inquisicionem
877 4300 1092 4364 memoratam,
1118 4300 1150 4354 et
1175 4299 1273 4354 totam
1296 4294 1449 4356 decimam
1471 4297 1537 4358 leni

297 4413 331 4467 et
345 4405 487 4466 omnium
507 4401 757 4463 molendinorum
773 4407 839 4462 tem
858 4406 1111 4461 constructorum
1131 4419 1226 4479 quem
1243 4403 1535 4474 construendorum,

298 4517 332 4573 et
352 4529 463 4571 omnes
484 4508 561 4568 elias
582 4507 721 4566 minutas
746 4506 892 4576 decimas,
918 4511 950 4567 et
971 4505 1149 4567 oblaciones
1177 4525 1379 4585 quascunque
1407 4508 1441 4566 in
1468 4509 1534 4588 qui-

300 4610 484 4686 buscunque
522 4603 615 4665 rebus
643 4603 862 4672 consistentes,
898 4603 964 4664 sive
1002 4603 1034 4661 in
1067 4602 1147 4672 lana,
1176 4603 1249 4673 lino,
1285 4603 1401 4673 vitulis,
1436 4606 1534 4684 agnis,

299 4704 454 4786 porcellis,
478 4699 687 4772 columbariis,
709 4701 885 4770 lacticiniis,
910 4701 1006 4770 aucis,
1036 4706 1068 4760 et
1088 4700 1165 4770 ovis,
1187 4701 1278 4760 etde
1300 4699 1539 4781 quibuscunque

300 4802 378 4864 loois
405 4797 671 4880 provenientibus,
687 4803 766 4884 'tum
795 4798 834 4858 ds
861 4797 1059 4867 molendinis,
1088 4801 1124 4856 ut
1152 4796 1354 4875 premittitur,
1379 4817 1473 4876 quarn
1498 4800 1537 4860 de

300 4901 387 4969 ortis,
409 4896 567 4977 pomeriis,
588 4915 645 4956 seu
666 4894 845 4975 curtilagiis.
888 4895 1045 4974 Percipiet
1076 4893 1205 4972 insuper
1235 4892 1369 4954 vicarius
1398 4895 1450 4973 qui
1479 4916 1536 4975 pro

300 5005 443 5076 tempore
470 4993 565 5054 fuerit
583 5011 639 5072 per
666 4991 913 5071 essignaoionem
942 4991 1116 5071 predictam
1144 4990 1250 5051 omnia
1273 4992 1444 5051 mortuaria
1470 4994 1537 5055 sive

301 5095 434 5164 herieta,
454 5092 488 5150 in
505 5089 743 5172 quibuscunque
764 5089 858 5150 rebus
876 5089 1061 5159 consistent,
1080 5107 1216 5148 unacum
1235 5087 1386 5167 pensione
1403 5089 1535 5150 duorum
