3850 5917
700 712 850 791 Episcopi
879 712 1122 791 Horcjordcnsis.
1468 711 1529 771 351

105 944 170 983 ΑΒ·
188 942 247 983 ¹³²⁸·
293 937 486 997 mediacione
534 942 691 1018 presente,
740 937 906 998 admittere
954 937 1126 1016 dignemini
1174 957 1231 1015 pro
1279 936 1529 997 confessionibus

293 1043 457 1105 audiendis
485 1042 517 1102 in
546 1049 650 1103 vestra
671 1043 787 1104 diocesi
816 1043 874 1103 sibi
902 1044 1045 1104 confiteri
1073 1043 1259 1114 volcacium,
1281 1048 1313 1103 et
1337 1049 1373 1103 ut
1401 1044 1528 1104 eosdem

294 1148 454 1209 absolvere
475 1148 609 1219 valeant,
632 1168 668 1208 ac
688 1148 766 1227 ipsis
786 1148 950 1227 injungere
973 1150 1169 1229 penitenciae
1189 1150 1343 1210 salutares
1364 1149 1403 1209 de
1424 1155 1529 1209 vestra

293 1254 432 1324 licencia,
467 1254 579 1333 gracia,
612 1259 644 1315 et
675 1253 870 1333 beneplacito
905 1254 1042 1334 speciali.
1099 1255 1358 1315 Dominacionem
1391 1262 1527 1316 vestram

293 1366 457 1421 conservet
485 1358 675 1432 Altissimus,
705 1365 763 1420 etc.

375 1504 534 1563 Anaussm
556 1520 691 1562 siiturus
708 1520 940 1562 raunrcaroars
957 1520 1001 1562 an
1022 1521 1219 1563 aonrnunuu
1240 1520 1531 1563 concussiones.-

294 1608 534 1670 Memorandum
577 1609 660 1689 quod
690 1608 715 1688 j⁰
742 1608 792 1669 die
824 1608 994 1679 Februarii,
1028 1629 1111 1669 anno
1142 1609 1331 1688 supradicto,
1366 1608 1463 1688 Hugo
1490 1610 1530 1669 de

294 1714 467 1793 Ledebury,
504 1714 647 1793 superius
686 1714 876 1785 nominatus,
912 1716 997 1794 apud
1030 1713 1222 1774 Lecohelade
1257 1734 1362 1774 coram
1400 1714 1528 1774 domino

293 1820 500 1899 personaliter
519 1820 720 1890 constitutus,
736 1819 795 1879 luit
817 1820 856 1879 ab
877 1820 987 1880 eodem
1004 1819 1044 1879 ad
1064 1819 1335 1899 presentacionem
1355 1820 1529 1899 predictam

293 1926 459 1998 admissus,
499 1932 699 2006 preterquam
740 1926 773 1985 in
808 1924 932 1986 casibus
973 1925 1125 2005 potestati
1168 1924 1316 2004 Episcopi
1352 1923 1529 1997 reservatis,

294 2032 484 2093 admissione
509 2031 584 2091 dicti
606 2030 711 2091 fratris
736 2030 891 2092 Jobannis
913 2030 951 2091 de
973 2030 1148 2109 Bromyerd
1175 2034 1304 2110 propter
1327 2031 1396 2109 ejus
1418 2031 1527 2091 absen-

293 2138 375 2199 ciam
403 2136 601 2216 personalem
622 2136 728 2197 dilata.

377 2280 457 2339 Ama
479 2296 701 2339 raasuuracio
723 2297 822 2339 umus
854 2297 989 2339 sicarius
1020 2297 1062 2339 ao
1094 2297 1177 2338 rnau
1200 2297 1323 2339 menan
1344 2297 1411 2350 nia,
1433 2297 1529 2351 anno,

294 2404 336 2445 ar
371 2403 453 2445 noco
487 2384 773 2445 accarca-Patri
802 2385 834 2444 in
862 2385 957 2446 Patre
993 2384 1145 2464 Spiritum
1187 2385 1367 2456 reverendo,
1402 2384 1531 2445 domino

295 2491 370 2563 Ade,
396 2496 465 2563 eto,
491 2496 527 2550 ut
555 2510 659 2570 supra,
693 2490 789 2551 irater
817 2490 837 2550 J
840 2536 856 2561 .,
887 2510 996 2551 servus
1024 2489 1156 2550 fratrum
1184 2490 1424 2569 predicatorum,
1459 2495 1530 2562 etc,

293 2602 330 2658 nt
362 2617 465 2677 supra.
508 2594 727 2671 Quamobrem,
766 2600 835 2667 etc,
874 2595 1018 2675 supplico
1045 2600 1081 2655 ut
1115 2594 1244 2655 fratrem
1278 2595 1457 2656 Jobannem
1491 2595 1531 2655 de

295 2702 504 2764 Leoministre
529 2721 623 2782 quem
655 2722 673 2761 a
702 2722 752 2762 me
773 2701 971 2763 nominatum
1000 2706 1151 2780 tanquam
1176 2699 1277 2760 virum
1306 2699 1436 2780 probate
1456 2700 1530 2772 vite,

294 2812 364 2879 etc,
385 2811 421 2867 ut
443 2825 547 2886 supra.

294 3072 367 3135 Feb.
388 3072 581 3151 15.-Ropcr
603 3071 640 3131 dc
662 3072 759 3131 Aaron
779 3071 807 3131 is
829 3071 995 3150 appointed
1022 3070 1182 3150 coadjutor
1207 3077 1237 3132 to
1263 3071 1365 3132 Adam
1392 3072 1419 3133 lc
1445 3072 1530 3144 Loro,

416 3153 528 3214 Rector
548 3152 583 3232 os
605 3152 756 3230 Whitrwy.

378 3310 570 3385 Ooabsuron
591 3340 695 3382 nurus
709 3322 856 3381 Racroai
871 3339 915 3380 na
937 3322 1317 3393 werrarum-Adam,
1332 3328 1401 3394 etc,
1417 3324 1532 3385 dilecto

295 3429 329 3489 in
354 3428 480 3490 Christo
495 3428 568 3500 filio,
592 3427 741 3507 magistro
764 3426 886 3506 Rogero
907 3426 945 3487 de
965 3429 1093 3497 Astone,
1115 3426 1237 3499 clerico,
1258 3433 1366 3490 nostre
1386 3429 1530 3502 diocesis,

295 3534 440 3605 salutem,
464 3540 522 3595 etc.
566 3532 647 3608 Quis
674 3539 740 3593 tam
768 3552 824 3612 per
851 3532 1118 3593 examinacionem
1146 3533 1343 3612 personalem
1370 3534 1476 3596 dilecti
1497 3536 1531 3596 in

296 3640 423 3704 Christo
451 3640 516 3711 filii,
545 3639 612 3701 Ade
633 3639 662 3701 le
691 3640 776 3711 Low,
793 3638 938 3700 Rectoris
962 3638 1093 3700 ecclesie
1120 3638 1159 3700 de
1186 3640 1395 3719 Whyteneye,
1423 3646 1554 3704 nostre·

295 3747 439 3819 diocesis,
464 3765 558 3826 quam
598 3765 654 3824 per
681 3744 781 3824 ipsius
813 3749 1021 3824 spontaneam
1049 3743 1278 3806 confessionem
1306 3766 1411 3808 coram
1440 3748 1532 3809 nobis

295 3852 444 3915 emissam
478 3850 617 3930 legitime
650 3849 743 3911 uobis
774 3854 899 3910 constat
929 3849 1012 3929 quod
1045 3849 1128 3910 idem
1161 3848 1269 3921 Adam,
1301 3850 1341 3912 ob
1372 3851 1530 3913 defectum

295 3964 328 4022 et
360 3957 594 4038 sfflplicitstem
632 3956 808 4016 litterature
843 3974 921 4035 quos
957 3954 1086 4033 patitur,
1118 3954 1151 4013 in
1178 3955 1314 4034 gerenda
1351 3962 1383 4017 et
1420 3958 1529 4037 guber-

295 4067 401 4127 nanda
428 4064 511 4125 dicte
547 4062 677 4124 ecclesie
712 4081 768 4123 sue
806 4060 1082 4122 administracione
1116 4066 1149 4122 et
1183 4082 1258 4122 cura
1291 4068 1324 4123 et
1364 4062 1531 4143 disciplina

295 4170 508 4236 ecclesiastica
532 4167 746 4229 conservanda
777 4171 919 4227 curatore
938 4185 995 4226 seu
1013 4166 1195 4245 coadjutore
1223 4166 1364 4228 noscitur
1382 4167 1530 4248 indigere,

296 4279 461 4357 dictusque
479 4274 579 4334 Adam
598 4277 705 4334 nostre
724 4270 917 4332 ordinationi
940 4276 973 4331 et
995 4270 1132 4343 arbitrio,
1152 4272 1305 4350 corporali
1321 4291 1378 4351 per
1394 4274 1529 4335 eundem

296 4383 429 4465 prestito
456 4382 642 4461 juramento,
671 4378 704 4437 in
736 4378 795 4438 hac
823 4382 912 4457 parte
947 4375 1087 4438 totaliter
1114 4396 1148 4438 se
1176 4376 1332 4449 submisit,
1370 4398 1429 4439 nos
1456 4400 1529 4440 cum

296 4490 381 4552 dicto
402 4488 470 4548 Ada
494 4486 606 4547 misius
634 4504 733 4564 agere,
755 4483 916 4563 ipsiusque
939 4482 1036 4544 statui
1064 4487 1096 4543 et
1124 4484 1208 4544 dicte
1229 4483 1359 4545 ecclesie
1387 4484 1528 4567 indemp-

296 4594 399 4665 nitati,
430 4597 525 4673 prout
552 4596 660 4652 nostro
688 4588 837 4669 pastorali
876 4588 1030 4649 incumbit
1057 4588 1168 4658 officio,
1199 4588 1339 4650 volentes
1364 4590 1531 4654 salubriter

295 4700 467 4782 providere,
496 4696 643 4758 utilitatis
671 4696 775 4757 studio
805 4696 966 4765 suadente,
992 4694 1030 4755 de
1058 4698 1114 4754 tua
1140 4694 1292 4756 fidelitate
1315 4700 1348 4756 et
1374 4696 1531 4758 industria

296 4807 524 4884 circumspecta
559 4802 685 4882 plenam
722 4802 754 4861 in
791 4801 929 4861 Domino
965 4799 1111 4860 fiduciam
1149 4806 1355 4880 reportantes,
1388 4802 1530 4881 predicto

297 4913 363 4975 Ade
388 4916 420 4972 te
442 4909 656 4989 coadjutorem
684 4907 881 4987 deputamus,
907 4926 943 4967 ac
968 4904 1142 4966 custodiam
1166 4911 1199 4965 et
1220 4904 1528 4968 administracionem

296 5018 450 5079 bonorum
478 5014 561 5075 dicte
589 5013 728 5084 ecclesie,
766 5011 866 5073 donec
904 5012 988 5072 aliud
1017 5011 1197 5072 duxerimus
1225 5011 1442 5083 ordinandum,
1470 5014 1528 5075 tibi

297 5122 524 5187 committimus
561 5140 618 5201 per
644 5123 816 5199 presentes,
851 5118 977 5199 proviso
1005 5122 1112 5177 tamen
1139 5118 1224 5197 quod
1250 5118 1426 5179 animarum
1453 5139 1529 5181 cura
