3850 5917
400 701 458 760 180
772 702 951 780 Recistrum
978 702 1044 764 Ado
1071 702 1108 764 (16
1138 702 1261 763 oium
1366 783 1367 788 η

227 955 285 996 M>-
300 956 354 993 ¹³2¹·
400 951 472 1010 Jon.
500 952 657 1012 26.-The
688 953 814 1032 Bisbop,
842 953 934 1032 quinq
965 954 1081 1014 obruad
1112 974 1152 1014 ou
1183 955 1232 1014 tite
1263 954 1372 1032 Kinp’s
1404 954 1551 1026 business,
1580 975 1634 1034 op·

515 1032 622 1111 points
643 1033 785 1093 Ricimrd
805 1034 842 1095 dc
866 1035 985 1096 Veroou
1006 1042 1035 1095 to
1057 1035 1090 1095 be
1115 1034 1342 1113 Visos-penerel
1361 1035 1397 1095 iit
1418 1035 1466 1096 bis
1487 1037 1620 1096 absentee.

479 1212 662 1273 Oouurssro
697 1232 798 1275 riori
833 1233 994 1276 urcrsruo
1015 1217 1053 1276 R.
1089 1235 1133 1275 nu
1165 1217 1326 1276 Vunsourt
1362 1235 1406 1276 ns
1436 1235 1566 1277 wonnrs
1601 1236 1635 1276 rrt

398 1337 556 1378 essancti
577 1319 894 1392 Errscor1.—Adam,
919 1327 989 1392 otc,
1012 1321 1181 1382 venerabili
1206 1321 1273 1382 viro
1301 1321 1427 1401 filioque
1451 1321 1485 1381 in
1507 1322 1635 1382 Christo

398 1425 521 1495 dilecto,
558 1425 708 1503 magistro
749 1425 884 1487 Ricardo
925 1427 965 1487 (16
1005 1427 1165 1497 Vernoun,
1202 1427 1354 1487 canonico
1400 1427 1634 1498 Hereiordensi,

397 1531 521 1591 officiali
542 1537 651 1591 nostro
673 1551 709 1590 ac
729 1531 809 1610 juris
830 1533 973 1592 canonici
994 1531 1172 1612 professori,
1195 1532 1339 1602 salutem,
1362 1540 1420 1592 etc.
1464 1533 1545 1607 Quia
1567 1553 1634 1602 nos,

398 1638 437 1698 (16
468 1637 617 1697 mandato
648 1636 767 1696 domini
795 1637 896 1697 nostri
927 1637 1023 1716 Regis
1054 1657 1111 1716 pro
1139 1637 1327 1716 quibusdam
1363 1637 1469 1698 arduis
1497 1639 1635 1717 negociis

398 1745 502 1824 ipsum
531 1742 732 1821 tangentibus
760 1743 800 1802 ad
820 1749 927 1821 partes
954 1743 1182 1802 transmarinas
1213 1742 1456 1822 proficiscentes,
1485 1743 1635 1804 adminis-

399 1850 530 1911 tracioni
551 1848 773 1928 'spiritualium
812 1854 919 1908 nostre
950 1847 1084 1908 diocesis
1122 1848 1284 1908 intendere
1322 1869 1386 1909 non
1414 1847 1565 1920 valemus,
1596 1849 1635 1909 (16

398 1964 503 2018 vestra
519 1956 670 2016 fidelitate
687 1961 720 2016 ot
736 1955 891 2015 industria
909 1954 1036 2035 plenam
1053 1955 1086 2013 in
1106 1954 1244 2014 Domino
1261 1954 1408 2014 fiduciam
1427 1960 1633 2034 reportantes

398 2082 455 2123 vos
478 2067 623 2122 nostrum
648 2061 680 2118 in
712 2060 858 2120 absencia
886 2059 1037 2119 vicariurn
1065 2060 1247 2121 ordinamus
1275 2064 1308 2120 61
1336 2060 1568 2130 constituimus,
1599 2081 1635 2120 ac

397 2168 486 2229 vobis
508 2167 547 2227 ad
568 2166 798 2226 instituendum
820 2170 852 2225 61
873 2165 1119 2235 destituendum,
1144 2165 1375 2244 inquirendum,
1404 2165 1634 2246 corrigendum,

398 2279 430 2334 et
465 2272 660 2352 puniendum
694 2270 892 2331 subditorum
930 2277 1110 2331 nostrorum
1146 2291 1303 2343 excessus,
1343 2276 1374 2332 et
1413 2292 1431 2331 a
1462 2272 1632 2343 beneficiis,

397 2377 516 2448 officiis,
549 2382 581 2437 61
609 2376 947 2446 administracionibus,
980 2397 1051 2436 cum
1089 2377 1140 2455 jus
1182 2377 1286 2456 exigit,
1315 2379 1570 2448 amovendum,
1603 2381 1657 2438 et'

397 2483 505 2544 omnia
532 2482 593 2542 alia
630 2487 662 2542 61
694 2481 817 2561 singula
846 2481 989 2542 facienda
1017 2503 1077 2561 que
1111 2483 1149 2542 ad
1178 2481 1315 2542 officium
1354 2483 1462 2543 vicarii
1492 2490 1635 2563 spectare

398 2593 581 2658 noscuntur,
604 2593 712 2648 tenore
740 2588 939 2668 presencium
962 2588 1190 2648 committimus
1217 2589 1302 2648 vices
1330 2595 1464 2660 nostras,
1491 2595 1550 2650 eto.
1595 2589 1634 2648 In

397 2695 488 2774 cujus
522 2692 577 2764 rei,
612 2698 671 2753 616.
728 2694 847 2753 Datum
875 2693 959 2772 apud
988 2693 1160 2772 Bosebury,
1189 2694 1259 2774 xxvj
1290 2695 1340 2755 die
1368 2694 1521 2765 Januarii,
1551 2714 1634 2755 anno

398 2798 528 2859 Domini
550 2797 751 2858 M⁰Ooc⁰xxr

399 3104 471 3163 Feb.
494 3103 629 3163 a-rhe
652 3102 770 3179 Bisiwp
795 3101 909 3179 bovinp
928 3101 1039 3179 found,
1062 3121 1102 3161 on
1125 3100 1173 3160 bis
1198 3101 1370 3172 visitationi,
1395 3102 1462 3162 tbut
1486 3103 1535 3162 the
1557 3103 1633 3163 Por-

521 3183 644 3244 ticnists
669 3183 704 3260 of
729 3182 886 3259 Westbury
913 3182 975 3241 bod
998 3188 1051 3242 not
1072 3181 1235 3260 proceedcd
1261 3190 1289 3242 to
1315 3183 1398 3260 Holy
1424 3183 1544 3252 Ordcrs,
1570 3183 1633 3243 aad

522 3264 583 3323 bad
612 3263 732 3340 thercby
760 3263 886 3323 occated
918 3262 998 3323 their
1029 3262 1196 3340 protendat
1219 3263 1369 3341 portioris,
1405 3263 1553 3324 instruots
1584 3264 1632 3324 tite

519 3346 609 3404 Decri
636 3345 671 3423 os
694 3344 884 3420 Pontesbury
914 3354 942 3403 to
971 3343 1033 3402 cuti
1059 3363 1142 3422 oport
1170 3343 1219 3403 tite
1246 3344 1364 3404 Patron
1392 3351 1421 3404 to
1445 3351 1569 3423 present
1591 3346 1632 3423 jit

516 3445 642 3506 persons
672 3432 701 3485 to
730 3425 778 3484 the
806 3425 878 3484 said
908 3423 1039 3484 Oburcb.

479 3607 661 3668 Oouurssro
683 3623 784 3664 neore
806 3623 931 3665 coarat
953 3623 1186 3665 roacrousnroe
1215 3624 1259 3664 na
1282 3606 1633 3677 wesema—Adam,

398 3718 468 3783 etc,
493 3713 608 3773 dilecto
630 3711 663 3770 in
685 3711 811 3772 Christo
842 3710 916 3781 filio,
945 3711 1074 3771 Decano
1104 3710 1143 3770 de
1164 3711 1371 3790 Pontesbury,
1397 3711 1540 3782 salutem,
1573 3719 1633 3772 etc.

399 3819 488 3894 Quia,
517 3820 549 3891 in
578 3817 762 3878 visitacione
790 3837 828 3877 ex
855 3815 948 3876 officii
977 3817 1077 3877 nostri
1104 3816 1210 3876 debito
1238 3817 1388 3895 pastorali
1416 3837 1516 3897 nuper
1540 3817 1633 3888 facta,

398 3925 608 4004 comperimus
629 3923 713 4002 quod
734 3921 866 3982 ecclesia
889 3922 1077 4000 parochialis
1100 3922 1138 3982 de
1160 3922 1340 4000 Westbury,
1363 3928 1470 3983 nostre
1490 3924 1633 3995 diocesis,

397 4049 505 4089 curam
534 4030 711 4089 animarum
740 4028 799 4088 sibi
838 4047 992 4088 annexam
1021 4028 1136 4089 habere
1165 4028 1353 4100 dinoscatur,
1383 4048 1419 4089 ac
1447 4030 1634 4108 porcionarii

398 4136 540 4212 ejusdem
564 4136 603 4194 ad
623 4155 729 4196 sacros
748 4135 882 4204 ordines,
906 4139 1000 4214 prout
1025 4134 1201 4214 requirebat
1224 4155 1304 4195 onus
1325 4134 1466 4214 ejusdem
1480 4135 1633 4207 beneficii,

398 4260 433 4300 se
460 4239 590 4300 minime
618 4239 749 4300 fecerint
783 4239 969 4318 promoveri,
1002 4239 1109 4318 sicque
1140 4239 1304 4319 porciones
1332 4241 1470 4319 predicte
1498 4240 1537 4302 de
1564 4244 1634 4319 jure

399 4350 511 4405 vacent
538 4345 572 4403 in
586 4345 734 4423 presenti,
763 4344 852 4406 vobis
881 4351 989 4405 tenore
1014 4345 1210 4423 presencium
1237 4345 1464 4406 committimus
1489 4353 1521 4407 et
1546 4367 1633 4407 man·

400 4449 510 4510 damus
531 4450 681 4529 quatinus
700 4470 805 4510 coram
827 4450 950 4510 notario
977 4449 1103 4530 publico
1123 4454 1178 4510 aut
1196 4450 1329 4511 testibus
1350 4450 1481 4530 ydoneis
1500 4457 1634 4531 patrono

399 4554 529 4615 ecclesie
557 4555 705 4634 predicte,
735 4555 802 4616 vice
831 4561 863 4615 et
891 4555 1079 4615 auctoritate
1102 4561 1220 4626 nostra,
1246 4556 1441 4618 denuncietis
1470 4557 1529 4618 sub
1553 4577 1636 4637 pena

397 4661 477 4740 juris
507 4661 590 4740 quod
627 4661 767 4739 ydoneos
799 4679 951 4740 personas
987 4661 1026 4720 ad
1065 4661 1229 4740 porciones
1263 4662 1345 4721 dicte
1384 4662 1514 4722 ecclesie
1543 4663 1634 4724 nobis

400 4771 568 4845 presentet.
611 4766 694 4840 Quid
713 4771 819 4826 autem
840 4765 873 4824 in
888 4767 1060 4845 premissis,
1080 4772 1139 4826 616.
1185 4766 1303 4826 Datum
1321 4767 1405 4846 apud
1425 4768 1634 4848 Shunigielde,

399 4873 445 4931 iii⁰
472 4873 522 4932 die
547 4873 664 4933 mensis
689 4872 860 4944 Februarii,
882 4892 966 4932 anno
988 4871 1117 4932 Domini
1144 4871 1341 4944 M0000m0,
1370 4879 1429 4934 etc.
